2925 4892
536 404 596 453 iilis
616 403 761 453 aduitus.

148 560 215 625 Seu
237 578 369 625 cursum
391 558 524 624 mutavit
546 558 691 645 iniquum
715 558 860 646 frugibus
882 562 984 627 amuis

149 681 271 747 Doctus
293 680 354 745 iter
375 678 507 753 melius,
531 678 678 746 mortalia
702 680 784 747 lacta
805 680 973 767 peribunt,

147 800 274 866 Nedum
296 820 482 865 sermonum
503 810 567 867 stet
586 800 690 867 bonos
713 812 747 883 et
767 801 868 889 gratia
891 802 994 869 vivax.

146 921 245 987 llulta
267 931 493 994 renascentur,
517 941 602 1008 quae
625 923 688 989 iam
710 922 876 997 cecidere,
900 922 1083 1011 cadentque
1154 926 1195 988 70

145 1044 239 1123 Quae
262 1062 348 1109 nunc
369 1052 444 1107 sunt
465 1044 497 1106 in
521 1042 642 1108 bonore
666 1042 839 1117 vocabula,
865 1044 891 1108 si
914 1043 1000 1110 volet
1022 1064 1117 1119 usus,

132 1211 295 1273 ltaquepntos
302 1215 440 1272 aptataque
450 1210 499 1260 Alii
510 1209 582 1274 apud
590 1210 746 1271 Marcilium,
759 1212 977 1274 sterilisqroepnlus
985 1200 1080 1263 dudem
1088 1218 1161 1275 apto·

133 1300 183 1347 qna
209 1285 430 1347 Cuuinghamius,
458 1285 596 1346 demlbqoe
614 1286 691 1347 palas
711 1285 864 1347 pabulaque
890 1285 1033 1337 Markland.
1063 1315 1089 1325 -
1118 1288 1158 1338 67.

132 1359 226 1423 onmis]
244 1360 328 1409 Arete
344 1359 409 1409 cod.
429 1358 553 1409 bonvillii.
574 1384 602 1395 -
621 1360 662 1410 68.
679 1360 759 1424 sacta]
776 1366 866 1409 mincio
883 1360 1015 1413 Bentlaius
1031 1364 1100 1413 coni.
1114 1362 1161 1412 iir-

133 1436 206 1485 mata
225 1448 240 1481 a
259 1433 325 1483 cod.
344 1433 469 1484 Galeano.

96 1575 176 1625 cisen
194 1574 226 1623 hi.
245 1573 330 1623 Jahrb.
344 1571 363 1631 4.
374 1573 459 1623 Philol.
473 1572 530 1624 Vol.
543 1574 585 1623 64.
599 1586 626 1637 p.
666 1577 721 1623 tam
739 1586 799 1623 esso
817 1586 947 1637 perquam
965 1575 1020 1625 veri
1037 1574 1123 1626 simile
1140 1580 1189 1627 est.

95 1648 131 1697 ts
146 1660 208 1709 sqq.
225 1676 252 1683 -
271 1652 383 1709 aptaque
397 1648 482 1708 remla]
503 1648 629 1709 «naviga-
669 1674 696 1683 -
708 1648 803 1697 hortm
812 1648 861 1697 iter
870 1648 967 1712 maias]
984 1650 1049 1713 Epp.
1062 1652 1085 1709 l,
1097 1650 1189 1709 lists:

95 1720 189 1772 hilis.»
206 1746 236 1757 -
254 1721 344 1784 mooe]
367 1722 416 1770 «in
432 1722 559 1785 pinguem
576 1721 627 1770 hu·
665 1722 748 1782 mour,
767 1722 894 1771 aidacidlt
910 1723 1003 1783 imber,
1028 1724 1112 1773 Nialia
1127 1725 1191 1775 mola

95 1808 177 1845 mum
194 1792 247 1844 alte
264 1794 496 1859 deprimendum.»
511 1820 538 1829 -
552 1796 629 1845 Cete-
665 1795 788 1845 docem
812 1797 900 1857 aprico
921 1810 1033 1857 percara
1050 1802 1137 1858 proto.
1159 1822 1186 1835 -

94 1882 162 1919 rum
179 1882 276 1919 omnes
293 1868 425 1932 explicant
444 1882 507 1919 cum
523 1871 628 1919 Acrone
664 1868 784 1919 mortalia
799 1870 869 1931 sacta
883 1869 1008 1933 peiorare]
1035 1871 1189 1923 «homiuum

95 1945 125 1994 et
145 1944 366 1993 commentatore
383 1944 510 2005 Cmquii:
533 1945 629 1993 «Pom-
665 1956 747 2006 opera
768 1942 810 1993 vel
835 1944 1114 2007 magnificentissima,
1141 1959 1190 1997 aa·

94 2019 189 2083 ptinas
205 2016 318 2081 paludes
335 2020 469 2079 augustus
486 2016 629 2067 exsiccavit
665 2016 730 2067 dum
740 2016 904 2077 vocabula;n
918 2032 971 2082 quo
984 2018 1188 2083 epiphonemate
1254 2046 1262 2061 ι

95 2096 125 2143 et
144 2091 304 2143 habitabiles
322 2092 451 2151 reddidit,
470 2092 567 2141 iniecto
583 2103 628 2152 ag·
665 2090 786 2141 firmatur
802 2092 933 2143 sententia
950 2105 975 2142 v.
989 2092 1029 2143 63.
1043 2094 1187 2157 proposita.

95 2181 165 2231 gere
182 2166 300 2231 lapidum
313 2170 341 2217 et
352 2169 478 2225 tarmen
496 2166 627 2217 addentes
664 2166 789 2216 Lectione
814 2172 905 2217 macto
930 2164 1027 2217 tollitur
1047 2168 1187 2231 oppositio,

95 2256 129 2291 ex
150 2242 260 2293 Sueten.
279 2242 357 2292 Caes.
375 2240 423 2292 ii:
443 2243 538 2289 meere
553 2240 627 2289 Pom·
663 2252 746 2302 qaam
765 2240 849 2292 Beati.
868 2240 932 2293 laiso
949 2242 1094 2305 vituperat,
1120 2244 1189 2293 inter

92 2318 184 2378 ptinas
193 2314 627 2377 pnladeridestinabatiuliusCae-
662 2317 734 2378 [aeto
750 2319 777 2367 et
793 2329 924 2367 monas.
959 2317 1038 2367 Facto
1053 2319 1143 2367 autem
1161 2320 1189 2368 et

94 2391 162 2452 sar).
193 2389 254 2441 iaie
277 2392 367 2441 tamen
389 2390 499 2453 augusti
519 2402 587 2453 opos
610 2402 625 2438 a
663 2404 741 2454 opera
758 2394 807 2441 etsi
830 2404 939 2456 semper
955 2392 1080 2454 quidem,
1103 2394 1132 2442 ut
1147 2394 1188 2442 vi·

94 2462 171 2514 nullo
192 2467 331 2529 praeterea
357 2466 535 2520 memoratum
563 2475 625 2513 nam
664 2466 751 2527 detur,
765 2466 1012 2529 inprosaoratione
1025 2466 1188 2529 distinguun-

94 2538 171 2601 quod
199 2536 302 2589 Schelle
326 2538 503 2589 confidentius
520 2540 623 2589 narrat:
662 2542 719 2599 tur,
734 2541 839 2602 apoeia
848 2539 900 2589 hoc
910 2538 1053 2589 discrimen
1063 2553 1116 2591 non
1127 2552 1187 2589 ser-

95 2612 191 2671 uQuod
205 2615 304 2663 Caesar
321 2613 464 2663 meditatus
475 2616 546 2672 erat,
563 2626 625 2676 per·
661 2613 719 2662 vari
735 2611 944 2676 reprehensione
957 2614 1039 2662 earet.
1058 2612 1096 2663 Ci.
1110 2613 1184 2663 ovid.

94 2686 160 2734 iecit
177 2690 324 2749 Augustus,
349 2688 395 2750 qui
412 2685 624 2751 aquaeductibus
662 2687 775 2745 ilecto,
788 2686 832 2735 60:
846 2684 1187 2745 hermammonem

94 2760 152 2809 xv.
170 2762 204 2810 ht.
218 2763 245 2810 Ρ.
262 2763 387 2812 institutis
404 2763 557 2826 Pomptinas
575 2774 624 2824 pa·
661 2776 706 2825 ago
721 2762 793 2824 facia
809 2760 895 2819 boum,
913 2756 992 2819 βοῶν
1008 2752 1078 2829 ἔργα
1088 2760 1184 2823 Odyss.

94 2832 177 2884 ludes
191 2836 335 2895 siccavit;a
355 2836 526 2901 desumptum
538 2838 580 2885 est
591 2848 623 2885 er
661 2852 694 2896 κ,
713 2835 753 2886 98.
781 2836 809 2883 ln
825 2834 889 2885 Cod.
903 2836 993 2883 autem
1006 2832 1120 2883 Galeauo
1132 2847 1185 2885 non

94 2908 152 2957 Sat.
168 2910 193 2967 l,
205 2910 230 2968 5,
244 2910 271 2957 44
286 2922 374 2974 seqq,
393 2910 439 2960 nbi
451 2913 528 2974 poeta
541 2908 625 2971 loqui·
660 2909 745 2962 semel
770 2906 926 2971 interpolato
943 2908 985 2957 vel
1006 2920 1110 2959 merum
1128 2910 1187 2958 arat

95 2984 142 3031 tur
158 2981 194 3032 de
206 2983 277 3033 ioasa
289 2983 455 3047 navigabilia
468 2986 534 3034 Foro
546 2984 623 3047 Appii
660 2985 792 3049 glossema
811 2982 853 3033 vel
866 2984 974 3033 variatio
991 2984 1143 3033 temeraria.
1155 3006 1182 3019 -

94 3068 188 3118 usque
210 3056 245 3105 ad
267 3059 367 3108 Fanum
386 3060 526 3118 Feroniae,
553 3070 623 3121 quae
659 3058 809 3121 mom]
835 3056 1051 3109 «consuetudinis
1073 3055 1186 3120 loquen-

94 3144 120 3179 a.
135 3144 162 3179 u.
177 3144 201 3179 c.
214 3132 272 3181 iti.
286 3134 339 3183 iam
350 3134 430 3183 ducta
442 3134 514 3191 erat,
533 3146 567 3181 eo
577 3132 623 3194 igi·
661 3134 714 3183 di.»
734 3131 838 3193 Quintil.
852 3133 862 3180 4
875 3170 880 3191 ,
894 3133 922 3191 6,
935 3131 982 3183 ia:
1000 3132 1033 3181 Et
1048 3144 1110 3181 aona
1126 3130 1186 3192 quid

95 3208 141 3255 tur
159 3207 295 3268 tempore,
314 3220 368 3269 qao
380 3208 432 3256 hoc
449 3205 561 3270 paludes
574 3207 622 3256 sio
660 3214 695 3257 asi
719 3210 791 3257 atiud
813 3210 890 3255 vetus
911 3218 1002 3255 sermo
1024 3218 1102 3266 quarn
1115 3210 1186 3255 actm

95 3280 176 3329 caudi
194 3280 334 3331 consilium
350 3286 482 3343 Augustus
503 3280 622 3331 nondum
659 3282 775 3343 loquendi
789 3280 956 3331 conseram?
974 3306 996 3314 -
1012 3280 1065 3339 olet]
1083 3278 1184 3329 «armi-

94 3358 198 3419 agitare
214 3358 327 3418 poterat.
346 3357 404 3405 Vid.
418 3358 565 3406 Excursum
577 3355 619 3403 lv.
660 3359 702 3407 ter
721 3357 800 3407 duret
822 3353 976 3414 stabilisque
1000 3356 1182 3414 permaneat.»

98 3457 125 3466 —
139 3430 391 3492 wrm-iniquam
406 3428 529 3494 [mplius]
550 3440 622 3477 «cre-
662 3456 690 3467 -
709 3431 785 3480 honos
801 3434 825 3479 et
839 3427 939 3492 motin]
961 3428 1046 3488 Saepe
1068 3425 1106 3475 sic
1123 3426 1183 3475 iun·

95 3504 152 3554 bris
175 3503 343 3555 eluvionibus
365 3507 422 3556 sata
445 3504 507 3555 limo
534 3504 622 3553 obdu·
660 3507 758 3567 guntur
774 3504 886 3551 honoret
901 3500 1002 3564 prolia,
1020 3500 1183 3549 honoretda·

94 3580 232 3629 semema
251 3606 277 3614 -
296 3579 392 3643 amab]
414 3580 521 3629 ilininre
539 3580 622 3627 inter·
658 3592 717 3638 cor,
739 3573 1069 3625 Wiirdauaddumath.
1090 3572 1183 3621 Exom-

94 3652 257 3715 pretandam
274 3666 336 3704 esse
348 3666 410 3703 cum
424 3652 621 3703 Scholiastisda
660 3651 702 3716 pla
719 3651 824 3701 suntin
843 3646 935 3699 llandii
953 3646 1034 3697 statio
1052 3658 1078 3708 p.
1096 3646 1137 3696 50.

95 3726 212 3777 Velabro
233 3726 268 3777 ab
285 3729 399 3793 Agrippa
416 3729 525 3789 augusti
548 3728 622 3777 iussu

95 3802 247 3862 exsiccato,
265 3802 314 3852 sod
331 3801 365 3851 de
380 3815 461 3851 cursu
473 3801 575 3850 Tiberis
586 3799 620 3849 ab
692 3800 781 3849 ao-ia.
802 3794 1128 3858 Mallorannrcantarcet.l
1140 3795 1182 3845 Sic

94 3878 215 3939 Augusto
233 3876 374 3939 aggeribus
391 3880 513 3925 correcto
539 3877 621 3935 {tem-
660 3874 797 3927 Frontonis
822 3873 992 3936 potissimum
1015 3872 1102 3921 aetate
1123 3883 1183 3934 per·

94 3964 162 4013 pore
179 3951 290 4013 quidem
302 3953 330 4001 el
341 3952 422 4001 modo
434 3950 511 4000 nobis
523 3948 619 4013 ignoto)
658 3948 741 4000 multa
758 3946 841 3997 verba
859 3944 979 3997 obsoleta
996 3946 1073 4008 quasi
1090 3942 1182 4008 postli-

95 4024 290 4075 demonstravit
314 4028 374 4076 Fen.
413 4025 543 4089 Equidem
567 4025 620 4074 huc
658 4024 740 4075 minio
757 4024 782 4071 in
798 4032 952 4071 sermonem
964 4020 1085 4070 Latinum
1096 4018 1183 4069 redie-

94 4098 243 4149 rettulerim
269 4099 420 4150 eluvionem
443 4102 620 4149 memoratam
658 4102 728 4149 runt.
744 4125 771 4133 -
790 4108 862 4156 autu,
881 4097 959 4157 ouem
972 4093 1054 4156 poter]
1079 4093 1181 4143 aPoiitis

96 4172 143 4222 ud.
157 4175 182 4233 t,
195 4176 220 4233 2,
235 4174 266 4223 43
277 4187 349 4237 sqq..
368 4188 392 4223 a.
406 4188 433 4223 a.
444 4188 468 4224 c.
479 4174 547 4234 732,
560 4174 621 4237 post
657 4172 731 4223 licuit
747 4168 921 4230 vocabulum,
948 4168 1020 4232 quod
1042 4166 1076 4217 da
1094 4166 1181 4215 humi-

96 4260 176 4307 qaam
195 4248 297 4299 Tiberis
314 4251 400 4313 ripam
419 4262 515 4312 aggere
533 4248 621 4299 mani·
658 4247 737 4297 uibus
755 4244 906 4301 dicebatur,
925 4243 960 4293 ad
977 4255 1021 4293 res
1032 4240 1133 4291 reierre
1145 4240 1180 4291 ab
