2925 4892
505 364 564 415 clii.
583 365 614 415 ll.
649 364 748 415 cumr.
767 365 799 413 ll.
1137 359 1199 423 665

152 520 320 587 Adsciscet
340 538 439 596 nove,
464 538 550 607 quae
572 520 699 605 genitor
718 519 907 608 produxerit
929 538 1017 585 usus.

151 640 334 707 Vehemens
354 651 389 707 et
409 638 552 727 liquidus
573 660 723 727 puroque
745 639 925 707 simillimus
947 638 1032 706 amni
1137 639 1199 707 420

152 760 279 828 Fundet
299 781 380 848 opes
402 760 593 848 Latiumque
614 760 726 827 beabit
746 759 843 827 divite
865 759 989 847 lingun3

150 882 358 948 Luxuriantla
380 890 582 968 compescet,
605 882 701 948 nimis
722 901 840 968 aspere
861 900 941 947 suno

154 1002 288 1069 Levabit
308 1000 409 1079 cultu,
431 1002 548 1069 virtute
569 1002 712 1069 carentia
732 1001 835 1079 tollet,

176 1180 235 1231 rto.
253 1181 286 1231 lit
301 1180 412 1241 4444444444
425 1179 553 1231 4444444444
569 1181 715 1245 (superscr.
740 1181 870 1233 Vehemens
891 1186 914 1232 44
934 1182 1053 1247 liquidus)
1074 1183 1104 1244 S,
1122 1184 1168 1263 4444

143 1255 285 1315 4444444444,
303 1255 413 1315 liquidust
428 1268 443 1305 e
456 1255 541 1305 codd.
555 1256 583 1305 F.
602 1256 720 1318 (lituos,
739 1254 776 1306 bd
795 1258 822 1305 et
837 1258 963 1319 quattuor
979 1256 1123 1319 Schmldii.)
1139 1283 1166 1293 -

143 1329 202 1383 ⁴23.
214 1328 323 1380 44444444
340 1328 424 1379 Codd.
438 1326 499 1393 aliq.
512 1330 642 1380 Torrentii
658 1332 687 1380 et
702 1332 771 1381 Fene
790 1330 851 1394 (nou
867 1330 941 1394 bSd).

109 1476 205 1528 libuli.
219 1479 246 1538 t,
260 1477 308 1538 40,
320 1478 368 1527 50:
386 1478 475 1528 44444444
490 1478 517 1526 44
534 1476 640 1528 tenebris
676 1490 739 1529 men
763 1477 797 1528 de
816 1478 961 1529 imitatione
979 1479 1100 1530 consulto
1117 1492 1201 1544 quae-

110 1557 219 1614 occupct
235 1552 391 1601 4444444444.
418 1554 450 1604 Ut
460 1552 516 1613 bic,
535 1554 637 1602 seneen
675 1554 725 1604 situ
744 1554 890 1615 cogitarim.
906 1581 934 1589 -
953 1554 1049 1603 Frmdet
1064 1554 1129 1619 opes]
1148 1556 1202 1605 «in-

110 1628 194 1692 34444.
206 1628 254 1686 08,
271 1626 301 1675 3:
318 1631 348 1675 44
362 1640 396 1676 ec
411 1627 457 1677 boc
472 1627 586 1689 4444444444
596 1628 639 1676 44-
677 1627 758 1689 signis
768 1628 819 1675 erit
829 1630 906 1690 po‘ete
917 1625 1097 1677 etverborum
1107 1630 1202 1678 etsen-

110 1702 226 1765 44444444,
253 1707 376 1763 quantine
400 1702 470 1763 apud
489 1702 600 1751 Ennium
616 1705 640 1751 44
676 1703 820 1752 4444444444
839 1703 914 1766 copie
932 1704 1012 1766 etque
1027 1704 1201 1766 propterhoo

108 1776 214 1826 44444444
237 1775 371 1825 4444444444
392 1776 455 1824 riter
470 1775 637 1838 occupaverit.
676 1777 765 1840 ipsum
782 1776 902 1838 Latinos,
922 1788 1036 1839 quornm
1047 1775 1163 1839 linguam
1175 1780 1202 1828 et

111 1850 151 1901 cl.
164 1852 195 1901 A.
210 1852 237 1899 Ρ.
251 1850 279 1900 44
292 1864 299 1899 :
320 1850 454 1899 4444444444
469 1855 539 1900 velus
554 1850 640 1899 4444444
677 1852 755 1899 ornet
772 1852 800 1899 et
816 1851 910 1913 auget,
932 1862 1103 1915 summopere
1126 1850 1202 1901 dele-

111 1930 186 1975 444444
205 1925 239 1973 lit
259 1924 378 1973 4444444444
393 1925 446 1973 ritu
460 1926 551 1988 4444444
565 1925 639 1974 niodo
677 1923 785 1974 ctubit.»
808 1952 835 1961 -
863 1925 1036 1975 Lumoicolto
1059 1926 1201 1991 oorrrpcocet]

109 1998 326 2061 mwoiqmtqcr.
338 1998 482 2062 -44444441
496 1998 640 2048 444οο44444-
678 2001 769 2049 «llum
793 1998 872 2049 444444
896 2002 972 2063 copie
994 2001 1132 2065 praeditus
1151 2002 1201 2062 esi,

109 2072 164 2123 bus
186 2073 239 2122 iem
263 2071 415 2135 neglectu.»
431 2100 459 2108 -
483 2074 557 2137 44444]
583 2071 638 2121 «eb
676 2072 808 2123 luxuriem
826 2075 916 2123 temen
928 2076 1059 2126 sermonis
1070 2088 1102 2125 44
1114 2079 1203 2126 tumo-

111 2148 173 2211 ipso
188 2143 285 2195 veleb
302 2145 360 2196 eliis
377 2148 413 2197 444
430 2146 516 2208 luctu,
542 2145 639 2197 441444-
677 2160 736 2197 rem
753 2145 871 2197 vitabit.»
900 2147 1026 2197 44444444
1046 2160 1086 2213 pr.
1105 2148 1140 2199 de
1157 2162 1204 2200 se-

110 2233 180 2285 3444
190 2220 298 2270 Lulinue
309 2218 457 2283 analogium
466 2223 638 2283 sequuntur.»
677 2220 782 2285 petibus
794 2220 945 2285 vitibusque
957 2222 1014 2272 sine
1027 2222 1113 2273 lructu
1125 2225 1203 2275 ulmis

112 2322 141 2331 -
155 2293 353 2359 portitor-orus]
371 2294 514 2358 Singularis
525 2294 640 2357 brecby·
678 2296 748 2347 lnele
773 2295 938 2360 pubentibus
962 2299 989 2347 et
1008 2298 1202 2360 crescentibus,

110 2370 180 2433 logie
198 2370 320 2433 probis:
340 2383 425 2433 «quse
442 2367 554 2421 simulne
570 2371 639 2420 luctu
678 2384 748 2434 quue
766 2369 883 2421 luxuries
901 2373 1000 2431 depasci
1017 2372 1099 2422 debet
1116 2374 1142 2423 in
1158 2386 1204 2423 se-

111 2446 190 2501 sunt,
215 2444 251 2492 nb
272 2443 397 2494 omnibus
415 2443 598 2508 approbantur
613 2446 640 2493 et
679 2446 739 2511 gete
758 2443 822 2505 (Cic.
837 2444 870 2493 de
889 2445 958 2494 Oret.
972 2446 1000 2505 4,
1017 2446 1058 2506 23,
1072 2446 1112 2495 liri.
1131 2446 1202 2509 virg.

109 2520 291 2583 usurpentur,
317 2518 353 2567 itu
375 2520 406 2567 ut
430 2518 492 2568 inde
516 2517 550 2567 nb
577 2518 640 2582 ipsis
679 2521 725 2568 04.
746 2520 771 2577 4,
792 2518 871 2579 tib),
897 2520 1017 2580 4444444444
1033 2520 1058 2569 in
1076 2521 1129 2569 vite
1148 2521 1202 2583 (Ge.

110 2591 218 2655 linguae
233 2592 387 2655 primordiis
403 2593 430 2641 in
446 2592 639 2643 consuetudine
679 2593 704 2651 4,
718 2592 797 2654 oio),
816 2593 842 2641 in
854 2591 1018 2642 carminibus
1026 2592 1086 2643 stilo
1098 2594 1205 2657 mirinpt

111 2666 196 2717 luisse
205 2666 371 2716 videantur.»
384 2666 461 2717 cll.
471 2668 498 2716 P.
507 2668 549 2717 io:
559 2667 641 2718 444444
680 2664 795 2729 (Quintil.
814 2666 856 2727 40,
875 2665 903 2726 4,
920 2664 965 2727 4.),
991 2666 1029 2716 Ci.
1048 2668 1078 2715 4.
1096 2669 1122 2716 Ρ.
1139 2666 1202 2717 lli:

109 2744 288 2801 mercentur,
308 2753 372 2802 quac
388 2741 442 2790 4444
458 2742 580 2801 cecidere,
598 2755 642 2791 rc-
680 2739 813 2789 ambitioso
828 2740 919 2789 recidet
937 2740 1098 2791 0444444444.
1113 2768 1141 2777 -
1156 2742 1204 2791 44-

112 2818 222 2878 44444444
247 2816 317 2877 Quae
340 2828 407 2864 4444
428 2820 486 2864 44444
506 2818 533 2864 44
549 2816 642 2865 bouem
678 2814 756 2879 444444]
776 2814 884 2876 «Utique
903 2813 1018 2878 expellet
1035 2816 1062 2865 ei
1078 2810 1145 2865 44444
1160 2816 1206 2879 ini·
1234 2835 1238 2847 ·

109 2890 249 2952 uocabula,
267 2890 364 2939 4444444
379 2902 462 2948 osor,
482 2890 642 2952 0444444444
680 2887 735 2938 tide
754 2902 785 2937 ec
801 2886 892 2953 plenu)
917 2886 1027 2949 reddet,
1054 2900 1123 2952 quse
1144 2892 1206 2940 suni

111 2964 251 3015 4404444444
275 2969 311 3013 444
335 2968 359 3014 44
382 2964 423 3013 ire
446 2967 470 3013 44
490 2978 583 3013 444444
602 2964 642 3014 to-
681 2962 760 3012 nimis
776 2974 872 3027 uspern
891 2964 919 3012 et
929 2961 1040 3024 scebrn,
1059 2964 1093 3012 444
1105 2965 1204 3025 temen,

112 3039 215 3102 444444.
681 3039 711 3085 44
731 3037 775 3087 hie
798 3035 883 3089 cultus
906 3050 929 3087 s.
948 3036 1087 3101 perpolitio
1110 3050 1207 3089 nervos

148 3112 272 3163 stolio.
299 3111 642 3176 Velromenslpersynizesin
681 3122 713 3160 nc
739 3112 879 3161 sanitatem
910 3111 948 3163 eis
979 3124 1032 3161 non
1058 3111 1205 3161 debehat.»

111 3192 139 3239 in
157 3186 312 3251 spondeum
326 3185 466 3246 coalescit,
485 3184 556 3235 unde
568 3187 642 3236 ortes
681 3187 711 3234 Α.
725 3185 753 3234 Ρ.
766 3184 815 3233 io:
838 3189 971 3235 4444444444
988 3186 1053 3238 levio
1067 3186 1139 3235 44444
1155 3186 1208 3235 04-

112 3263 177 3313 444444
193 3258 371 3323 corruptelae.
392 3259 430 3309 Cl.
445 3261 498 3308 Set.
512 3261 522 3308 4
536 3297 542 3320 ,
555 3260 586 3320 o,
598 3260 640 3309 oi.
678 3259 767 3324 4444444
783 3259 917 3321 uetuitque.
954 3260 998 3310 liis
1020 3262 1093 3309 terre
1114 3260 1208 3309 44444444

112 3341 236 3389 Pussow:
254 3335 319 3385 4444
335 3336 448 3397 Fertor,
467 3333 565 3386 lierlrel
575 3335 643 3398 [44-
682 3334 710 3381 et
725 3334 832 3381 nitorem
847 3334 970 3382 orationis
980 3333 1114 3395 coniungit
1125 3334 1208 3392 Quiu-

110 3413 174 3475 449.
201 3410 270 3459 Sene
287 3409 326 3459 sic
342 3410 410 3458 verti
426 3412 528 3469 polest,
546 3420 642 3458 verum
681 3406 800 3467 tiliunus,
823 3408 853 3455 ut
874 3407 919 3467 44,
941 3407 986 3467 40,
1009 3406 1058 3455 70;
1084 3407 1152 3455 44444
1167 3406 1208 3456 4444

112 3485 398 3547 hneeqnnqueimago
409 3484 497 3547 potius
509 3482 589 3533 ductu
602 3483 644 3532 est
682 3480 775 3544 (44444)
799 3482 893 3530 esuum
909 3480 1021 3541 44444444,
1045 3480 1143 3529 Horatii
1163 3492 1208 3529 sc-

113 3558 149 3609 nb
167 3559 241 3608 omui
258 3558 357 3621 ingenti
374 3559 402 3607 et
423 3559 567 3621 propterea
584 3570 644 3607 me·
681 3568 750 3603 444444.
764 3578 791 3589 -
804 3554 897 3603 virtute
908 3553 1031 3618 44444444]
1044 3554 1075 3602 V.
1086 3554 1142 3603 444.
1156 3554 1209 3604 4444

113 3647 167 3697 gne
185 3645 249 3683 cum
265 3633 292 3681 vi
309 3631 395 3682 undas
411 3630 544 3681 volvente.
565 3658 593 3667 -
611 3631 644 3679 44-
679 3630 790 3692 pondere
813 3628 928 3679 relertur
947 3630 1034 3692 potius
1056 3629 1089 3679 cd
1107 3628 1208 3693 singule

113 3706 216 3769 4444444]
240 3706 331 3767 «iter,
358 3707 428 3755 odeo
450 3708 480 3755 ut
496 3703 565 3755 nullu
583 3706 645 3755 insit
682 3704 783 3763 verbu,
808 3702 859 3753 hoc
876 3703 911 3753 nd
928 3704 1089 3765 sententies,
1117 3716 1207 3767 «quse

113 3782 211 3831 vitiose
228 3778 379 3830 obscuritas
396 3793 446 3829 nec
463 3778 531 3829 ullne
543 3791 645 3828 sermo-
682 3780 793 3843 propter
811 3778 968 3828 tenuitatem
986 3777 1084 3843 nulium
1096 3782 1141 3828 sut
1153 3780 1210 3828 exi-

114 3856 157 3905 nis
175 3854 268 3904 rustici
286 3852 407 3904 sordes.»
434 3854 497 3903 44444
509 3854 550 3903 his
561 3853 644 3902 inter·
682 3865 762 3917 guum
781 3854 834 3902 vim
852 3856 979 3903 exercent
995 3852 1022 3903 in
1034 3852 1140 3903 lectoris
1152 3855 1210 3903 uni-

114 3928 191 3979 cedit
206 3926 350 3978 similitudo
370 3941 432 3977 cum
449 3928 586 3978 Ciceronis
603 3928 644 3975 iu·
682 3940 784 3978 mum.»
806 3954 832 3961 -
852 3926 927 3989 444444]
955 3926 1085 3989 Equidem
1107 3925 1209 3991 explico

113 4003 187 4053 dicio
204 4002 239 4052 de
262 4003 296 4052 ll.
315 4000 406 4051 Cuiidii
429 4002 550 4051 cretione
570 4002 642 4051 Brut.
683 4014 715 4052 ex
733 3998 839 4060 Quintil.
853 4000 894 4059 40,
908 3999 932 4059 l,
947 4000 976 4048 l:
995 4001 1114 4063 Sequitur
1127 4014 1210 4050 44444-

114 4078 158 4137 io,
171 4075 236 4125 sil:
252 4076 365 4138 4444444444
379 4076 418 4124 ito
429 4088 515 4138 pura
531 4080 599 4135 4444,
616 4080 645 4124 ut
682 4074 1059 4138 ‹iutimpcrsslrrdiorumlorsqe
1067 4074 1207 4123 utilissima.

115 4150 180 4199 444444
195 4150 366 4211 liquidius,
379 4149 644 4211 italiberesiuobot,
683 4172 722 4185 -·
734 4149 813 4199 4444444
830 4153 914 4197 4444444
936 4149 1018 4210 operis
1040 4153 1076 4198 444
1090 4173 1103 4183 -
1116 4172 1131 4183 -
1146 4159 1210 4208 prc-

115 4230 145 4274 rrt
161 4237 287 4287 44444444
303 4224 504 4281 adhaeresce&
530 4236 581 4273 nec
603 4225 644 4273 te-
682 4236 750 4273 44444
761 4223 894 4283 4444444444,
907 4222 1039 4272 humilio
1050 4220 1209 4281 extollere,
