2925 4892
307 310 371 377 306
685 310 815 361 nonunt
834 308 1018 362 snnnnnon

349 470 418 535 Non
440 470 535 534 etiarn
558 467 665 534 sileas.
709 468 819 533 Davus
841 465 887 532 sis
910 466 1055 533 comicus
1076 476 1175 553 atque

350 592 423 658 Stes
444 590 548 677 capite
571 588 713 675 obstipo,
738 587 873 655 muitum
898 588 1012 655 similis
1033 590 1199 655 metuenti.

350 710 518 798 Obsequio
539 730 689 797 grassare
707 731 714 788 ;
737 730 849 787 mone,
873 712 900 777 si
923 710 1101 777 increbruit
1122 730 1217 784 eure,

350 834 469 901 Cautus
490 832 536 897 nti
557 830 643 898 velet
665 849 777 897 oerum
798 841 912 918 cuput3
935 832 1068 898 extrahe
1089 831 1185 898 turba

349 952 516 1040 Oppositis
537 950 698 1031 humeris3
722 972 834 1019 eurem
856 951 1040 1040 substringe
1062 951 1201 1041 loquaci.
1348 952 1382 1015 95

372 1160 413 1210 93.
431 1172 547 1211 maerore
563 1159 606 1209 be.
629 1183 655 1195 -
685 1158 821 1209 4444444444
837 1171 907 1209 corr.
925 1160 1008 1215 §.LCt
1024 1162 1052 1209 et
1068 1158 1215 1211 Bentioius:
1241 1158 1357 1211 increbuit

340 1247 384 1298 cp,
398 1235 436 1296 44,
455 1236 577 1296 increpuit
593 1233 621 1293 b,
635 1236 690 1283 tres
702 1234 833 1295 Pottierii,
852 1234 878 1282 F.
899 1260 928 1269 -
941 1234 982 1283 95.
995 1234 1096 1295 topuuei
1106 1248 1241 1299 superser.
1254 1235 1358 1297 44444444

339 1322 363 1358 c.
385 1336 412 1346 -
431 1309 471 1360 96.
496 1310 548 1360 Hoe
565 1310 590 1359 F.
620 1332 647 1344 -
675 1309 716 1358 97.
734 1322 811 1371 torpe,
830 1308 981 1358 Crescentem
997 1308 1065 1369 bSc,
1088 1322 1183 1360 omnes
1201 1310 1317 1360 Pottierii
1333 1312 1357 1359 et

307 1510 360 1548 non
383 1499 436 1547 est:
464 1494 554 1560 quidni
576 1494 647 1545 euim
669 1492 729 1544 iooo
754 1506 831 1544 oom-
867 1491 992 1557 loquitur.
1023 1492 1167 1556 cesant,
1186 1495 1232 1555 40,
1252 1495 1294 1547 to.
1309 1494 1384 1545 -ob-

306 1572 380 1623 munt
405 1570 562 1635 interposito
587 1569 690 1619 varim
715 1569 832 1633 potuerit
866 1568 939 1629 stipo]
963 1568 1077 1631 Obettpeo
1099 1572 1141 1620 est
1159 1570 1270 1635 ustipitis
1293 1572 1382 1628 instet.

306 1646 473 1697 orationem?
493 1673 521 1681 -
538 1645 606 1695 ottro
627 1644 684 1694 Non
701 1644 779 1693 etium
794 1644 831 1693 ei-
867 1644 923 1692 sive
942 1642 1024 1705 rigida
1041 1644 1205 1707 immotaque
1222 1646 1326 1696 ratium
1343 1644 1384 1694 aii-

304 1722 377 1783 4444]
394 1722 436 1771 sio
459 1720 550 1782 iunge:
582 1730 685 1782 uneque
710 1730 777 1768 vero
801 1720 830 1767 tu
867 1730 920 1781 quo
937 1716 1109 1775 inclinatus;»
1127 1718 1154 1767 b.
1167 1717 1184 1767 4.
1200 1718 1342 1771 «deorsum
1352 1720 1385 1768 iu·

305 1795 356 1847 alio
373 1797 508 1859 tempore,
526 1805 587 1843 cum
606 1791 647 1843 iiie
666 1794 757 1843 tecum
775 1790 831 1842 coi·
866 1790 1005 1841 elinatus.»
1040 1790 1080 1842 ct.
1094 1792 1201 1842 Persius
1217 1792 1246 1853 3,
1266 1793 1313 1844 80:
1341 1793 1384 1842 04

305 1870 379 1934 loqui
400 1868 483 1930 volet,
510 1869 567 1919 siue
590 1865 642 1918 ulla
665 1879 747 1917 eausa
764 1867 830 1916 taei-
865 1868 928 1929 stipo
950 1866 1032 1927 capite
1053 1870 1076 1915 et
1101 1868 1204 1930 ppentee
1225 1868 1320 1918 lemine
1340 1874 1385 1917 ter-

305 1950 400 1997 turnus
425 1946 474 2005 sis,
504 1944 580 2007 quusi
605 1942 693 1993 uenio
719 1942 830 1993 aflectus
866 1955 932 1991 rom.
978 1940 1112 2004 Significat
1138 1937 1174 1991 τὸ
1201 1935 1385 2011 ἀνελεύθερον

305 2022 352 2073 aut
368 2022 406 2071 ira
423 2019 566 2082 percitus.»
601 2017 631 2067 v.
648 2016 715 2067 uitro
734 2029 831 2081 super·
866 2015 916 2065 444
932 2011 1139 2085 δουλοπρεπές,
1157 2016 1192 2066 de
1204 2030 1262 2080 quo
1278 2016 1350 2068 Philo
1359 2030 1383 2081 p,

304 2104 452 2145 namneum
469 2093 560 2154 utimre
573 2092 645 2141 esset
662 2090 830 2159 additempn·
865 2090 924 2141 888.
946 2089 994 2139 Ed.
1018 2090 1153 2140 Fruuoot:
1179 2084 1252 2141 ὅθεν
1274 2086 1386 2142 κάκεῖνα

304 2172 363 2219 tum
378 2164 501 2216 vooebuii
512 2165 646 2228 porrulos,
666 2178 782 2229 quocum
794 2163 828 2213 eb
866 2161 1081 2229 ἐκπεφώνηται,
1111 2156 1153 2215 Οὔ
1178 2178 1249 2215 ποτε
1278 2164 1385 2230 tostae

305 2240 362 2292 aliis
379 2239 507 2302 iungitur,
532 2250 595 2288 cum
617 2238 738 2302 garnuus
754 2250 829 2289 sem·
865 2233 979 2303 κεφαλὴ
998 2239 1076 2289 ittera
1091 2239 1232 2301 πέφυκεν,
1249 2234 1319 2291 Ἀλλ’
1335 2241 1385 2289 atei

305 2329 355 2383 per
364 2314 432 2365 ultro
443 2314 554 2377 ineptius
566 2314 681 2373 effutiam
698 2314 770 2364 ottro
779 2326 829 2363 au·
865 2307 1117 2378 σκολιή,καῠχένα
1125 2310 1212 2379 λοξὸν
1220 2308 1294 2376 ἔχει.
1302 2316 1386 2381 (Theo

305 2394 372 2453 tona¹
392 2387 465 2454 quod
477 2390 657 2453 exposuerunt
674 2388 759 2439 «ultra
769 2401 829 2439 mo—
865 2388 923 2451 gnis
947 2389 1015 2451 tte.)
1050 2384 1090 2439 Τὸ
1114 2385 1170 2461 γὰρ
1194 2387 1319 2459 πλάγιον
1342 2389 1385 2440 eut

305 2467 396 2528 dum,»
409 2462 593 2515 consuetudini
604 2465 744 2527 repugnet.
770 2464 830 2513 iuu-
865 2461 997 2515 ποικίλον
1013 2456 1164 2529 enervate
1179 2456 1257 2531 ἦθος
1277 2460 1386 2533 dymi-

304 2542 422 2607 peudum
444 2540 533 2589 autem
557 2552 618 2589 esse
637 2538 705 2589 ottro
721 2552 784 2590 oum
801 2552 827 2589 v.
864 2552 984 2599 maror,
1003 2532 1145 2609 444444τό
1158 2534 1228 2591 etot
1239 2536 1386 2593 444ὶᾶ444·

303 2618 408 2682 offendet
424 2627 478 2666 non
495 2613 559 2663 mihi
575 2614 708 2678 persuasit
724 2614 829 2664 444444·-
864 2626 934 2663 mov
951 2613 1000 2663 444
1023 2608 1198 2665 ἀνύπουλον.
1232 2618 1385 2679 Anonymus

303 2693 355 2744 lein
372 2691 466 2753 speon
485 2688 528 2740 111.
541 2701 567 2752 p.
581 2688 639 2738 406.
659 2714 688 2726 -
706 2688 830 2739 Non-ei-
864 2688 937 2752 apud
953 2688 1066 2741 Meinek.
1085 2691 1126 2740 Fr.
1140 2689 1216 2740 Com.
1228 2692 1275 2742 lv.
1288 2706 1315 2757 p.
1328 2693 1384 2741 ott:

303 2764 363 2830 4444]
381 2767 419 2817 De
437 2762 515 2823 locis,
534 2761 580 2812 ubi
597 2776 647 2813 non
664 2776 713 2827 pro
730 2776 762 2813 ne
778 2777 829 2827 po-
865 2759 906 2813 Τό
921 2761 946 2812 δ’
969 2758 1040 2813 ὅλον
1065 2757 1120 2815 οὐκ
1142 2762 1303 2831 ἐπίσταμαι
1320 2760 1384 2831 'epit

303 2842 384 2891 situm
401 2838 507 2887 videtur
521 2834 602 2899 (velut
612 2838 642 2887 Α.
655 2840 683 2888 Ρ.
697 2837 759 2889 46οε
777 2852 829 2887 non
863 2838 1042 2909 ψιθυρίζειν,
1066 2833 1133 2889 οὐδὲ
1155 2840 1386 2905 κατωιεκλασμέ·

303 2916 344 2977 eit,
369 2913 412 2975 poi
428 2911 513 2961 4444444
529 2914 606 2959 curet.
642 2911 707 2975 Epp.
725 2912 755 2973 4,
780 2912 825 2973 48,
864 2929 920 2977 νως
936 2909 1065 2981 Πλάγιον
1082 2910 1387 2987 κοιήσαςτὸντράχη-

304 2991 350 3041 72:
376 2988 434 3038 Non
449 2984 544 3036 oneiito
559 2988 630 3034 tumn
646 2985 826 3037 teertrutoeret.
863 2987 915 3038 λον
941 2992 1114 3059 περιπατεῖν.
1158 2990 1296 3053 (Figuram
1321 2990 1385 3042 servi

304 3060 378 3113 ovid.
391 3062 421 3111 Δ.
434 3062 464 3110 Δ.
478 3058 493 3109 3
526 3058 587 3108 ⁴29:
610 3058 656 3108 Vos
670 3072 828 3121 qoopueooo
864 3064 961 3114 comici
977 3066 1017 3115 sio
1033 3062 1139 3127 obstipo
1156 3066 1242 3128 cupite
1261 3065 1384 3118 adstantis

303 3135 371 3185 44444
395 3146 471 3184 oteres
495 3136 599 3183 onerate
628 3132 750 3197 44444444),
777 3134 825 3184 cir.
864 3140 892 3189 et
908 3150 971 3188 oum
987 3136 1069 3187 milite
1086 3135 1385 3204 glorioso.coiioquentis

304 3206 380 3259 Haud
396 3207 472 3258 Ture.
485 3208 527 3257 lv.
540 3220 567 3271 p.
578 3206 626 3259 464
637 3220 697 3271 sqq.
710 3209 828 3272 Wagner
864 3212 973 3263 exhibet
1000 3213 1124 3263 Museum
1151 3211 1332 3265 Borbonioum
1357 3214 1383 3263 T.

303 3282 337 3333 ad
354 3282 424 3345 virg.
438 3283 503 3331 Aen.
517 3281 562 3341 ⁴2,
581 3281 621 3331 78.
644 3279 711 3345 (Non
723 3283 828 3333 Teucros
863 3288 907 3337 tv,
920 3285 985 3337 Tab.
998 3286 1087 3336 4441444.
1105 3287 1192 3349 Atque
1204 3287 1327 3339 similiter
1335 3286 1386 3352 pie-

302 3361 365 3422 opot
383 3357 412 3406 tn
431 3353 563 3420 4444444444
591 3355 663 3405 «Non
688 3359 827 3422 proprium
863 3374 979 3425 rumque
997 3364 1155 3425 eompareut
1170 3363 1241 3413 servi
1258 3365 1287 3414 iu
1303 3365 1385 3428 pietu-

300 3430 385 3483 babet
400 3428 488 3486 iocum
500 3430 526 3479 in
538 3428 731 3492 distinguendis
743 3444 829 3496 oppo-
864 3437 901 3485 ris
929 3435 1060 3486 Codicum
1088 3435 1203 3486 Terentii
1230 3440 1383 3502 Regiorum,

302 3507 359 3559 sitis
377 3506 405 3555 et
421 3504 575 3565 nonnanis,
594 3504 651 3555 tum
668 3505 696 3555 in
714 3517 828 3555 enume-
866 3512 1001 3573 expressis
1018 3522 1034 3559 a
1054 3510 1159 3560 Piearto
1182 3511 1276 3573 (Amet.
1295 3510 1383 3573 4444),

303 3578 397 3631 raudo.
409 3605 451 3616 --
462 3576 528 3629 44444
545 3590 596 3627 noo
613 3591 663 3642 pro
679 3594 711 3630 ne
726 3580 828 3644 accipi·
863 3586 890 3635 et
905 3585 1037 3645 Vaticani,
1056 3596 1125 3647 quas
1141 3585 1258 3636 imitatus
1276 3588 1319 3637 est
1338 3584 1384 3635 ui-

303 3656 346 3705 tur
356 3652 428 3718 opud
440 3653 529 3703 Horat.
542 3654 595 3703 Set.
609 3653 637 3713 2,
651 3654 679 3711 5,
693 3654 720 3703 94
729 3692 746 3714 .,
764 3667 827 3705 oum
863 3659 988 3709 serottius
1010 3658 1038 3709 ln
1054 3658 1102 3709 Ed.
1116 3658 1233 3711 Urbinuti
1256 3660 1340 3721 4736.)
1358 3685 1383 3695 -

302 3728 370 3779 baec
386 3726 564 3790 praecedent:
583 3726 717 3789 Difficilem
733 3733 757 3778 et
771 3740 828 3778 mo-
862 3732 983 3796 mottren]
1010 3732 1066 3782 Hoc
1084 3733 1145 3784 adv.
1167 3732 1294 3798 equidem
1310 3735 1384 3795 iuugo

301 3814 388 3853 444444
404 3801 509 3864 offendet
524 3800 699 3863 94444444.»
733 3804 827 3867 Neque
863 3818 926 3855 oum
947 3818 973 3854 v.
991 3806 1091 3867 44444444,
1117 3819 1244 3871 «prorsus
1265 3805 1384 3865 similtu-

302 3876 382 3939 igitur
407 3886 471 3925 oum
497 3873 612 3927 Marcilio
640 3876 827 3939 interrogative
863 3891 946 3943 quam
957 3878 1160 3943 explicationem
1170 3881 1330 3932 oouflrmaut
1338 3880 1385 3944 ipsi

303 3948 502 4015 accipiendum:
531 3950 670 4001 Ultronea
692 3952 771 4001 etiem
791 3952 828 4001 ei-
864 3953 969 4005 numeri
984 3954 1149 4005 44444444
1163 3954 1382 4013 mmmm,

304 4024 374 4078 leue?
387 4052 414 4062 -
427 4023 522 4089 444444]
536 4025 610 4075 Servi
627 4026 723 4076 oomioi
734 4027 827 4089 instar,
863 4026 1088 4093 praecedentibus
1104 4042 1148 4078 vv.
1162 4032 1236 4080 eerte
1246 4029 1383 4095 aptissimi;

302 4102 349 4167 qui
373 4113 510 4155 summum
536 4114 599 4165 erga
623 4100 719 4153 berum
746 4100 828 4153 obse-
864 4100 908 4153 eiii
924 4116 1100 4154 rerooumv.
1113 4104 1239 4154 44444444.
1265 4102 1383 4168 Ctiipp.

302 4178 395 4241 quium
417 4174 524 4227 simulat
547 4176 692 4241 timideque
714 4188 777 4228 cum
794 4189 827 4227 eo
865 4178 894 4240 4,
914 4178 959 4241 ro,
978 4177 1007 4228 3:
1026 4177 1135 4229 noum
1150 4176 1287 4229 miter.
