2925 4892
268 404 331 470 308
651 404 781 454 uonsru
798 402 979 455 sarrmnuu

308 563 472 642 Audieris,
497 562 609 630 heres:
633 561 717 649 Ergo
740 581 826 627 nuuc
847 562 949 626 Dama
970 558 1091 625 sodalis

308 688 474 773 Nusquam
495 684 569 751 est?
591 680 682 751 Unde
704 681 782 747 mibi
804 691 869 747 tam
883 681 998 747 sortem
1013 691 1144 768 tamque
1159 678 1315 746 fidelem?

311 808 435 895 Sparge
458 804 596 873 subinde
619 814 665 881 et,
689 803 716 869 si
739 802 871 891 paulum
893 813 1000 890 potes,
1024 801 1232 879 illacrimare;
1262 810 1314 867 est

229 898 236 911 ⁴
310 926 435 996 Gaudia
456 925 647 1015 prodentem
669 924 791 992 voltum
814 923 931 992 celare.
976 921 1167 1011 Sepulcrum

306 1050 504 1119 Permissum
527 1046 657 1114 arbitrio
681 1046 751 1113 sine
773 1044 925 1112 sordibus
948 1055 1094 1124 exstrue3
1116 1044 1212 1110 iuuus
1288 1044 1355 1110 l05

330 1229 387 1279 101.
413 1226 513 1289 Dmno]
539 1226 622 1275 cleram
638 1224 665 1275 b.
687 1252 714 1261 -
735 1225 790 1275 103.
811 1224 867 1276 tot.
885 1230 921 1274 est
936 1238 952 1273 a
969 1237 1024 1275 sec.
1043 1237 1079 1273 m.
1106 1221 1223 1273 deletum
1245 1226 1319 1275 etv.

296 1302 379 1353 celare
395 1314 529 1366 superscr.
549 1301 627 1349 celato
645 1300 670 1358 S,
689 1305 712 1349 et
728 1300 775 1349 tic
788 1300 905 1363 peritiam
921 1307 992 1363 poter
1007 1300 1170 1349 tricorium
1189 1299 1318 1362 (infinitiv.

297 1377 396 1439 activi,
423 1382 450 1426 et
476 1376 577 1426 Gaudio
599 1376 745 1437 prudentor
764 1376 859 1425 voitmrt
883 1373 993 1424 Bentleii
1009 1374 1142 1438 suspicio,
1169 1375 1211 1424 cui
1228 1377 1320 1424 mmen

296 1452 366 1501 hauc
383 1451 517 1515 praeteri:
535 1454 558 1500 et
575 1452 617 1499 ric
630 1450 747 1513 puellum
758 1455 829 1511 potes
845 1449 1008 1500 inlacrimare
1024 1455 1052 1500 et
1069 1450 1171 1500 Gaudio
1182 1450 1320 1512 pruden-

262 1600 442 1663 comprobutu:
466 1599 561 1649 Titium
578 1598 708 1649 heredem
725 1612 787 1649 esse
823 1600 896 1662 ficher
911 1598 956 1647 sub
978 1612 1087 1660 persono
1107 1600 1174 1648 risio
1195 1604 1238 1649 cat.
1260 1626 1287 1636 -
1307 1602 1352 1665 cst]

261 1672 331 1725 volo.
367 1674 416 1724 Sed
437 1678 460 1723 et
482 1674 574 1723 wera
592 1675 719 1735 plerisque
738 1674 788 1722 im·
825 1667 931 1731 «ἔστιν,
958 1666 1015 1733 ἔνι,
1041 1667 1149 1736 ἔξεστι,
1175 1672 1263 1723 lieet.»
1309 1674 1350 1724 ct.

257 1749 382 1811 probum
403 1752 473 1798 aaut:
502 1748 636 1798 Heredem
657 1747 785 1808 instituo,
825 1748 907 1811 Epod.
922 1749 967 1807 17,
986 1749 1027 1797 25.
1046 1749 1141 1809 Soti,
1160 1750 1190 1808 2,
1209 1748 1267 1797 101,
1287 1750 1352 1799 ula·

259 1824 319 1873 item
334 1822 469 1874 Heredem
496 1821 589 1872 racio.»
619 1823 661 1872 Sic
681 1822 707 1870 in
733 1822 787 1871 Da·
823 1820 873 1871 cile
885 1825 927 1872 est
944 1835 994 1871 uec
1008 1820 1118 1871 multam
1130 1825 1216 1872 ortem
1226 1823 1351 1886 requirit,

260 1899 338 1948 sumit
367 1898 527 1948 testamento
556 1896 626 1961 apud
653 1894 785 1946 Cardinali
823 1898 886 1954 tunc
903 1898 1004 1959 ipsum,
1024 1909 1086 1947 cum
1104 1897 1167 1946 inibi
1180 1900 1235 1955 est,
1254 1899 1283 1946 ut
1294 1896 1354 1946 vol-

260 1972 371 2033 Diplomi
386 1972 495 2021 militari
511 1985 537 2035 p.
552 1970 619 2021 etl:
645 1970 786 2020 Amieuari
823 1972 865 2019 tus
882 1971 1007 2032 gaudium
1031 1971 1139 2035 prodat,
1165 1984 1260 2021 verum
1281 1970 1352 2021 ab‘e-

258 2058 284 2095 sa
300 2059 389 2096 omnen
405 2059 488 2095 ntemn
505 2046 617 2095 loturum
630 2045 784 2107 promiserit,
823 2046 896 2093 etum
914 2042 1029 2094 celare.»

258 2132 373 2169 marren
388 2120 551 2182 fortunarum
567 2132 601 2169 ec
617 2118 693 2167 uncio
715 2120 785 2167 iteres
855 2118 976 2169 tet-tto.
1000 2119 1114 2184 arbitrio]
1137 2119 1275 2182 Inscriptio
1292 2121 1352 2170 No-

258 2198 320 2243 uato
332 2195 475 2253 cernitoque
484 2194 511 2241 in
523 2192 607 2241 dieite
617 2197 715 2241 centum
723 2206 785 2255 pro-
821 2191 881 2242 lana
890 2192 961 2257 apud
973 2193 1136 2244 llorcellium
1145 2194 1210 2258 Opp.
1219 2196 1239 2243 l.
1249 2207 1276 2258 p.
1284 2194 1348 2245 347:

257 2268 335 2317 monh
351 2267 439 2329 quite
455 2267 538 2316 scierit
559 2266 722 2329 poteritque.)
751 2269 784 2315 nt
821 2266 847 2316 G.
862 2267 986 2317 evermo.
1006 2269 1033 2318 t.
1047 2270 1199 2317 Retinet.
1212 2281 1276 2318 orrr.
1294 2268 1349 2319 Ar-

258 2340 370 2391 lormula
383 2342 446 2391 iuris
458 2343 549 2390 eontra
559 2340 721 2404 optimorum
735 2341 785 2390 Co-
821 2354 1092 2393 orere-wirma.
1121 2342 1270 2393 ilrucrrrrnr.
1293 2356 1346 2392 nm.

257 2414 348 2465 dicum
365 2416 550 2466 auctoritatem
573 2416 669 2479 poetae
690 2414 783 2465 obtru·
823 2442 850 2449 -
872 2417 925 2465 sine
941 2417 1063 2479 roribus]
1086 2418 1170 2467 immo
1193 2416 1347 2480 eleganter,

257 2488 604 2551 dendanonvidetur,‘qut
617 2489 639 2539 si
652 2488 783 2551 integram
821 2503 853 2539 ex
877 2502 1027 2551 marmore,
1053 2505 1115 2541 cum
1140 2490 1297 2555 anaglyphis
1321 2495 1349 2543 et

256 2562 398 2614 lormulam
416 2563 517 2614 reterre
534 2562 676 2624 voluisset,
701 2564 782 2613 etiam
820 2564 966 2614 honorifico
991 2564 1075 2615 titulo.
1097 2594 1123 2601 -
1148 2564 1245 2629 laudet]
1271 2566 1345 2616 «Nic.

256 2649 306 2701 pro
324 2642 431 2699 quartae
443 2638 527 2699 portis
544 2636 655 2687 dixisset
670 2652 702 2687 ea
717 2652 783 2699 puo-
820 2639 942 2689 Heinsius
954 2640 980 2688 in
992 2641 1111 2702 margine
1123 2642 1164 2691 sui
1176 2639 1248 2701 libri,
1267 2642 1345 2704 hepo,

255 2712 345 2761 (trunto
369 2712 488 2773 (Sueten.
511 2712 587 2761 Caes.
605 2711 659 2773 83.)
685 2711 726 2762 vel
750 2726 783 2761 ec
819 2713 869 2775 ait,
893 2714 1002 2764 madent.
1042 2716 1144 2778 Nempe
1167 2716 1229 2777 quia
1251 2715 1349 2764 vicinio

255 2786 375 2836 temncio
390 2786 453 2848 (Cic.
464 2784 497 2834 ad
509 2788 561 2835 Ait.
573 2786 597 2845 7,
611 2786 636 2845 2,
649 2784 683 2847 3.)
695 2787 783 2835 -Au-
820 2792 862 2837 est
880 2802 979 2838 nomen
1002 2787 1183 2850 collectivum,
1210 2789 1271 2839 ideo
1293 2803 1347 2839 nu-

255 2860 339 2924 dierir]
356 2858 414 2910 «vel
428 2859 544 2923 ipsaalta
555 2873 623 2909 voce
636 2858 726 2923 legens
736 2860 779 2910 vel
818 2874 894 2911 mero
906 2862 1031 2926 singulari
1048 2861 1164 2913 verbum
1181 2864 1225 2913 hic
1242 2862 1346 2927 plurale

255 2937 416 2984 testamento
425 2947 475 2997 per
483 2936 782 2997 puerumemanureci·
818 2936 940 3000 subiungi
957 2937 1048 2990 voluit.
1084 2942 1118 2989 nt
1139 2940 1236 2989 h'oster
1251 2938 1347 3001 singu—

254 3007 469 3070 tatum-bama]
482 3008 524 3058 Cl.
533 3009 602 3058 v.i8.
613 3035 640 3045 -
649 3010 782 3071 Nusquam
817 3007 902 3059 larem
914 3024 1057 3062 numerum
1069 3011 1206 3077 praetulit,
1222 3015 1277 3061 tam
1289 3012 1343 3072 bic,

253 3081 296 3147 eet]
310 3076 404 3134 οὐκέτ’
416 3075 505 3132 ieter.
524 3082 684 3132 lland'lurs.
698 3084 740 3131 lV.
752 3096 778 3147 p.
817 3096 898 3146 quam
916 3082 985 3134 alibi.
1021 3086 1088 3149 Epp.
1102 3088 1131 3145 1,
1150 3086 1195 3145 tr,
1214 3086 1261 3135 62:
1279 3088 1345 3136 ract-

252 3156 311 3208 319.
327 3184 354 3193 -
370 3158 437 3207 Unde
452 3157 513 3206 milii
530 3162 583 3205 tum
597 3155 695 3220 [orion]
715 3169 780 3219 «pe-
816 3160 861 3207 nio
884 3172 965 3208 reuco
985 3161 1116 3209 reclamat.
1155 3160 1221 3223 Epp.
1240 3158 1267 3218 1,
1294 3160 1342 3219 16,

251 3232 320 3293 tam,
344 3230 483 3296 perabo‘lo
518 3231 572 3280 Sat.
595 3232 624 3291 1,
651 3231 680 3288 7,
709 3231 776 3280 tte:
816 3231 862 3282 ll:
886 3233 1016 3283 Sedvidet
1036 3236 1101 3282 hunc
1120 3234 1200 3283 omnis
1215 3234 1345 3283 domum

254 3306 321 3356 Unde
336 3306 397 3355 milri
413 3304 540 3368 lapidem?
559 3332 586 3341 -
605 3306 704 3368 Sporpe
719 3305 780 3353 sub-
815 3306 909 3355 oicinio
933 3311 1011 3356 tota.»
1040 3310 1131 3357 lte-mu.
1153 3334 1180 3343 —
1203 3308 1231 3356 Si
1256 3309 1314 3369 puis
1329 3336 1344 3345 -

250 3379 316 3444 inde]
329 3381 510 3445 «Frequenter
522 3378 628 3429 dicito.»
647 3382 708 3429 hen.
729 3383 780 3430 Ae-
815 3380 960 3431 coheredum
978 3380 1041 3445 cet]
1059 3381 1184 3431 Nondum
1201 3382 1273 3431 enim
1285 3384 1343 3447 pri-

252 3456 369 3507 euratius
403 3454 531 3520 explices:
571 3455 685 3529 «passim
718 3456 779 3504 inii·
816 3467 861 3504 ma
886 3453 928 3504 illu
955 3455 1102 3505 hereditate
1128 3454 1239 3505 lelieiter
1264 3460 1343 3521 capta

251 3530 316 3591 cito,
336 3531 413 3593 quasi
436 3530 558 3581 sincerus
580 3527 655 3578 dolor
678 3532 704 3578 te
727 3530 779 3579 boc
816 3527 919 3591 expleta
938 3529 980 3579 est
1000 3528 1174 3593 heredipetae
1194 3528 1341 3593 cupiditas,

251 3604 339 3653 lacere
357 3604 473 3653 iubeat.»
489 3631 516 3641 -
530 3602 697 3667 ittucrimare]
709 3604 778 3653 Sane
816 3600 865 3653 sed
882 3601 946 3652 alius
962 3616 1056 3653 rursus
1073 3605 1163 3654 statim
1183 3607 1342 3669 aucupatur.

251 3678 294 3727 est
310 3678 483 3741 imperativus
495 3691 520 3726 v.
534 3676 705 3740 deponentis,
725 3690 778 3741 qua
818 3702 845 3711 -
864 3678 896 3726 sit
919 3677 1037 3741 Emptor]
1066 3692 1119 3729 aex
1145 3682 1239 3743 quarta
1264 3682 1343 3743 parte

250 3749 336 3801 lorma
354 3764 418 3801 usus
437 3754 478 3801 est
492 3752 572 3801 etiam
585 3750 640 3801 Cic.
655 3750 688 3800 de
700 3752 730 3800 N.
745 3751 776 3801 D.
816 3748 863 3800 tibi
887 3750 973 3813 legata
991 3752 1014 3802 si
1037 3752 1103 3815 quid
1125 3766 1216 3803 emere
1234 3754 1341 3817 cupiat,

251 3826 279 3885 3,
298 3824 343 3885 33,
362 3824 403 3874 83.
434 3825 484 3884 Qui
506 3838 554 3889 pro
577 3824 704 3875 infinitivo
723 3824 778 3875 ior·
814 3823 930 3875 libenter
946 3829 972 3876 te
986 3827 1010 3877 ei
1026 3827 1345 3879 donaturum.»-oum·

251 3912 311 3950 mae
335 3900 435 3949 activae
458 3899 571 3959 hubent,
599 3900 775 3962 distinguunt:
813 3912 855 3948 mo
872 3900 999 3966 oddicm]
1018 3901 1160 3952 adunare.-
1188 3902 1341 3953 Recordare

251 3978 288 4036 ot,
307 3974 448 4036 ripoulem
461 3980 532 4037 potes
551 3974 717 4037 illacrimari,
743 3978 778 4025 ert
814 3974 858 4024 hie
875 3975 1018 4039 emptionis
1038 3988 1186 4035 summam,
1210 3990 1262 4039 qua
1279 3980 1342 4027 ute-

251 4047 479 4099 documentum
495 4060 590 4099 seusu:
609 4050 650 4099 uSi
668 4048 776 4113 paulum
814 4048 914 4100 bantur
929 4063 1021 4101 eoram
1045 4048 1172 4111 testibus,
1199 4048 1245 4099 ubi
1271 4051 1342 4101 inter

249 4124 327 4187 potes
340 4120 490 4183 lacrimare,
503 4124 604 4186 poteris
613 4121 777 4173 lacrimando
812 4126 888 4175 vivos
905 4123 1004 4189 aliquid
1016 4124 1164 4183 donabant,
1183 4126 1341 4187 quominus

249 4196 377 4259 gaudium
394 4195 508 4247 celare.»
548 4196 586 4246 ct.
606 4195 690 4246 Publii
714 4211 777 4247 ver·
814 4212 846 4248 ea
872 4211 904 4248 ex
935 4198 1076 4248 donatione
1106 4198 1166 4249 lites
1194 4199 1339 4249 orirentur.

250 4284 311 4323 sum
328 4284 370 4336 ap.
392 4267 456 4320 Geli.
478 4271 522 4331 17,
546 4268 591 4330 11,
615 4270 645 4321 l:
675 4271 777 4321 Heredis
814 4274 868 4323 Cic.
881 4285 931 4337 pro
948 4271 1012 4323 ltab.
1027 4274 1097 4323 Post.
1112 4273 1156 4333 17,
1174 4272 1219 4323 tt:
1243 4272 1339 4335 seques
