2925 4892
262 360 303 423 38
641 348 966 403 nonarrrsarratauu

265 511 487 599 Contemplere
510 508 627 585 oculis,
652 510 805 595 Hypsaea
826 524 955 571 caecior
976 502 1043 578 illa,

264 637 355 715 Quae
377 632 462 698 mala
484 641 571 707 sunt,
596 638 734 716 spectes.
779 624 919 692 Ocrus!
943 645 963 689 o
984 621 1130 689 brachia!
1154 622 1271 687 Verum

264 754 423 842 Depugis‚
448 761 575 826 nasuta,
601 749 690 815 brevi
714 748 813 813 latere
836 766 875 811 ac
896 743 981 833 pede
1003 743 1099 830 longo
1121 752 1180 809 est.

264 877 427 941 Matronae
448 882 578 960 praeter
598 870 713 936 laciem
736 868 779 932 nil
800 886 936 933 cernere
957 866 1081 952 possis,

265 997 395 1071 Cetera,
419 994 451 1058 ni
473 992 563 1059 Catia
584 1002 646 1067 est,
670 989 813 1055 demissa
833 998 923 1053 veste
946 987 1092 1073 tegentis.
1305 985 1356 1047 95

264 1118 297 1182 Si
321 1114 489 1181 interdicta
510 1122 616 1199 petes,
640 1109 723 1176 vallo
746 1107 943 1176 circumdata
963 1144 1007 1155 —
1029 1128 1104 1171 nam
1126 1117 1157 1172 te

265 1238 335 1303 lloc
357 1236 431 1301 iacit
451 1234 599 1300 insanum
620 1269 676 1309 —,
700 1230 819 1296 multae
842 1228 898 1295 tibi
920 1238 988 1293 tum
1010 1226 1150 1293 officient
1171 1247 1240 1301 res,

267 1356 440 1430 Custodes,
463 1353 593 1429 lectica,
617 1350 800 1427 ciniflones,
824 1350 1001 1436 parasitae,

265 1476 313 1543 Ad
336 1475 416 1543 talos
439 1474 520 1541 stola
542 1474 685 1541 demissa
706 1482 740 1538 et
761 1469 957 1537 circumdata
979 1468 1078 1557 palla,

266 1597 422 1675 Plurima,
446 1616 531 1683 quae
555 1593 717 1661 invideant
738 1611 821 1679 pure
843 1609 1002 1677 apparere
1024 1588 1080 1654 tibi
1103 1608 1182 1655 rem.
1287 1588 1357 1653 l00

330 1759 372 1807 er.
385 1757 448 1880 ilua]
470 1757 526 1819 apsa
547 1754 574 1805 a.
601 1781 628 1791 -
651 1754 692 1803 aa.
710 1749 793 1814 aaa]
815 1750 889 1812 σφεα
910 1750 939 1798 s.
964 1774 993 1785 -
1015 1749 1056 1797 er.
1080 1747 1193 1811 offlam
1213 1745 1268 1811 sap
1290 1752 1319 1797 et

297 1844 367 1882 (ΞΟΠ.
406 1844 430 1880 0.

266 1965 408 2033 ὀξύτατον
422 1960 531 2031 Ὄμμα.
567 1966 605 2016 ct.
624 1966 690 2029 Epp.
710 1968 740 2024 4,
759 1967 787 2026 4,
826 1969 921 2025 motor,
938 1963 1191 2026 marthoronensis.
1213 1965 1355 2030 -leetieol

265 2044 307 2093 28.
328 2068 356 2079 ——
368 2043 487 2103 Hypsaeo
497 2066 511 2077 ·
521 2040 576 2101 itta]
594 2039 689 2090 «Plutia
703 2039 789 2103 (Plau
827 2052 882 2102 qua
902 2037 994 2088 aulaeo
1017 2041 1111 2102 operta
1133 2052 1183 2102 per
1199 2039 1275 2091 llrhis
1291 2037 1357 2104 pla-

266 2116 309 2178 tia)
338 2116 462 2179 Hypsaea
487 2116 595 2165 vitiosos
620 2112 712 2164 oculos
739 2114 789 2162 ha·
828 2116 885 2163 teas
908 2114 1033 2176 gestatur.
1054 2138 1082 2149 -
1104 2114 1239 2179 daimon]
1263 2116 1356 2167 «cini-

266 2189 357 2240 buisse
375 2189 484 2251 dicitur,
502 2202 584 2252 quam
601 2189 645 2238 hic
662 2200 752 2237 amare
763 2188 790 2236 in
827 2188 912 2237 tiones
929 2190 958 2235 et
973 2187 1096 2235 cinerarii
1112 2186 1209 2238 eadem
1221 2189 1357 2251 significa-

266 2264 378 2315 transitu
385 2264 543 2327 percussit.»
556 2263 791 2315 Poura—caedor
827 2263 899 2311 tione
916 2258 1104 2324 apudreteres
1118 2260 1296 2323 habebantur,
1316 2265 1355 2315 ah

266 2338 416 2399 --tpoctesi
440 2338 568 2387 «omnino
586 2350 640 2387 non
657 2340 789 2401 spectes»
827 2334 914 2385 officio
936 2332 1162 2395 calamistrorum,
1186 2336 1203 2385 i.
1222 2350 1246 2387 e.
1265 2337 1356 2387 terro-

266 2410 326 2460 vid.
345 2410 380 2461 ad
397 2412 445 2461 0d.
461 2411 489 2471 3,
508 2412 538 2471 i,
557 2412 603 2461 at:
627 2411 728 2461 surdior
744 2436 759 2446 -
775 2436 791 2448 ·
827 2422 889 2459 rum
915 2409 943 2459 in
970 2409 1060 2459 cinere
1093 2408 1353 2473 calefaciendam,

267 2484 346 2535 dudd.
377 2510 404 2521 -
436 2486 544 2548 Oetae]
569 2488 707 2536 matronae
728 2484 790 2550 pul·
828 2482 925 2546 quihus
950 2485 1088 2533 matronae
1114 2481 1223 2547 capillos
1245 2486 1355 2547 erispa-

266 2558 444 2609 eherrimumt
474 2558 645 2611 Philodemus
666 2561 693 2609 in
709 2560 788 2610 Anth.
828 2556 901 2608 bant.
918 2583 934 2594 ·
950 2584 965 2594 -
981 2558 1049 2607 Dicti
1066 2560 1156 2608 autem
1172 2560 1299 2624 rtatim
1315 2560 1355 2610 ah

267 2631 321 2683 Pal.
340 2634 360 2682 l.
379 2646 405 2696 p.
426 2633 488 2683 tto:
500 2628 539 2683 ”rt
556 2630 660 2697 ποδός,
678 2628 704 2683 ὦ
719 2630 791 2698 κνή-
827 2644 873 2693 eo,
892 2632 966 2694 quod
982 2634 1008 2683 in
1025 2633 1145 2683 cinerem
1160 2632 1227 2683 flant
1245 2634 1280 2683 ad
1296 2633 1357 2685 ier-

266 2723 333 2771 μης,
350 2700 441 2757 οἲτῶν
452 2701 589 2759 ἀπόλωλα
599 2707 716 2772 δικσλως
727 2710 791 2775 iliq-
827 2719 888 2756 rum
913 2705 1147 2756 calefaciendum.»
1176 2709 1272 2757 Aaron.
1300 2707 1356 2759 Alii

189 2774 193 2783 '
266 2776 333 2851 ρῶν.
349 2808 376 2818 -
386 2783 505 2847 Danuuio]
519 2783 689 2847 (tendentes.
701 2785 789 2848 Voss.)
828 2780 928 2830 hahent
939 2794 988 2843 pro
1000 2779 1115 2839 ancillis,
1126 2782 1358 2833 Haorlrrdualatia·

267 2850 345 2917 ἅπαξ
351 2852 516 2921 λεγόμενον.
526 2858 675 2908 Simonides
681 2859 789 2921 Amorg.
827 2869 888 2917 nen,
906 2858 936 2904 ut
946 2856 1003 2905 Iuv.
1015 2856 1045 2915 6,
1064 2854 1125 2906 tat:
1142 2858 1229 2907 Altero
1241 2856 1355 2921 (uncina)

268 2931 298 2990 i,
311 2931 357 2979 76:
368 2924 501 2995 Ἆπυγος,
514 2924 694 2993 αὐτόκωλος·
712 2922 734 2979 ἆ
743 2928 792 2981 τά·
828 2957 843 2968 -
859 2956 874 2967 -
887 2930 1011 2990 petuma
1026 2942 1111 2979 contos
1126 2936 1150 2979 et
1167 2931 1245 2981 volvit
1263 2932 1291 2980 tn
1306 2946 1358 2982 or-

268 3001 320 3064 λας
336 2996 424 3073 ἁνήρ,
438 2996 532 3064 Ὅστις
548 3000 640 3053 κακὸν
655 3002 791 3056 τοιοῦτον
828 3004 890 3053 han.
920 3004 974 3053 Sed
989 3015 1050 3053 voe.
1068 3002 1154 3054 torma
1177 3005 1288 3055 mascel.
1305 3018 1358 3057 re-

267 3072 455 3143 ἀγκαλὶζεται.
473 3103 501 3114 -
518 3078 619 3142 amitto]
637 3082 666 3129 ut
682 3080 791 3140 amru,
829 3078 880 3127 tert
895 3089 989 3139 genus.
1017 3076 1055 3127 cl.
1075 3078 1280 3127 necterentur
1297 3080 1354 3140 (ed.

269 3151 377 3214 «mandi
388 3164 480 3201 nasos
495 3177 522 3189 -
535 3152 617 3216 Cotta]
630 3167 715 3217 «quae
728 3167 793 3218 pro-
829 3148 883 3212 alt.)
901 3152 932 3199 tl.
951 3163 977 3213 p.
997 3151 1054 3200 445.
1075 3178 1103 3187 -
1117 3153 1259 3214 permitat]
1272 3152 1359 3204 clien-

267 3227 328 3289 pter
344 3223 568 3289 pulchritudinem
579 3238 688 3277 crurum
699 3227 792 3290 negle—
828 3226 872 3273 tae
888 3221 1010 3285 aliaeque
1026 3223 1141 3275 feminae
1158 3226 1279 3275 tenuiore
1290 3225 1357 3277 loco

269 3298 511 3362 etopudoreveste
524 3300 642 3350 accincta
655 3300 790 3351 utebatur.
829 3299 916 3357 ortae,
941 3310 1011 3360 quae
1036 3310 1099 3347 eum
1124 3302 1246 3350 matrona
1270 3299 1358 3351 nobili

268 3398 282 3409 -
293 3373 392 3422 -llaec
403 3374 492 3423 autem
504 3374 572 3424 adeo
584 3374 717 3438 impudica
734 3374 790 3435 tuit,
828 3372 931 3421 versari
946 3370 1034 3421 solent
1050 3374 1078 3422 et
1093 3372 1127 3421 ab
1146 3385 1178 3422 ea
1196 3374 1293 3424 crebro
1310 3374 1358 3425 in-

269 3448 297 3496 ut
322 3448 348 3497 in
376 3446 443 3497 aede
469 3448 580 3499 Veneris
606 3449 730 3499 Teadnae
756 3448 791 3499 ad
828 3446 952 3495 vitantur.
971 3446 1081 3509 Egregie
1093 3446 1142 3497 has
1154 3446 1281 3499 describit
1291 3448 1359 3498 llio-

269 3520 402 3571 theatrum
429 3523 633 3585 Pompeianum,
664 3522 737 3586 quod
764 3522 791 3572 in
828 3532 957 3581 ronymus
974 3520 1009 3569 ad
1026 3521 1198 3571 Eustochium
1215 3533 1293 3572 suam
1304 3521 1356 3582 22,

268 3608 364 3658 campo
381 3594 440 3655 luit,
459 3595 619 3647 adulterium
637 3610 699 3647 cum
713 3596 792 3647 Vale-
828 3593 869 3643 49.
888 3592 956 3643 haec
972 3594 1107 3644 scribens:
1136 3596 1190 3645 an
1203 3596 1315 3658 4444ρὺ444
1332 3602 1359 3646 et

268 3668 308 3716 rio
325 3666 411 3717 Siculo
432 3666 539 3729 colono,
562 3670 669 3720 tribuno
688 3669 790 3733 plebis,
825 3668 929 3727 uum,
948 3680 1013 3728 quoe
1027 3669 1121 3718 otiosae
1136 3674 1160 3718 et
1174 3669 1291 3719 matutae
1306 3670 1359 3719 do-

269 3738 328 3790 velo
349 3740 466 3791 obducto
487 3743 675 3793 commiserit.»
704 3744 789 3795 Com.
827 3754 881 3791 mos
901 3742 1055 3791 mutat
1074 3747 1262 3805 mmmmm,
1287 3756 1360 3805 quoe

269 3814 347 3869 Caua.
827 3816 920 3865 nidmu
938 3815 1031 3877 frontis
1046 3818 1134 3866 attrito
1149 3819 1280 3879 pararitoa
1294 3818 1359 3867 cirt-

299 3885 404 3936 98-4440,
423 3888 547 3952 Custodes]
566 3888 714 3953 «spadones
729 3904 791 3941 eam
827 3890 1044 3950 mmmmm,
1058 3891 1130 3952 quae
1141 3892 1360 3953 mammantes

267 3960 422 4023 stipantes.»
447 3961 489 4011 Ad
506 3962 637 4013 eiusmodi
650 3964 791 4015 custodem
828 3963 914 4014 aueo.
937 3989 964 3999 -
979 3963 1060 4028 patu]
1084 3964 1183 4026 Saloe,
1208 3968 1240 4016 ut
1259 3966 1359 4017 notum

267 4034 368 4097 scripta
385 4036 427 4086 est
438 4035 522 4087 Ovidii
533 4036 622 4086 Amor.
636 4035 681 4086 lib.
695 4039 719 4087 2.
734 4037 790 4089 ele·
829 4040 881 4098 est,
897 4036 971 4099 pollo
981 4037 1220 4102 superiaeiebatur,
1233 4039 1260 4088 h.
1273 4038 1291 4089 4.
1303 4039 1360 4088 οἰω-

269 4108 310 4171 gia
327 4110 351 4157 2.
371 4109 410 4159 Ci.
428 4110 459 4161 Δ.
476 4111 506 4159 Α.
521 4108 549 4169 3,
567 4110 630 4159 604τ
647 4112 698 4175 fleti
714 4114 793 4165 tristia
828 4111 1001 4163 madata
1021 4113 1060 4163 De
1071 4112 1276 4175 tunicopadtolv.
1292 4114 1360 4163 For·

269 4184 380 4233 custodia
397 4185 470 4235 serui.
489 4184 551 4235 ctu:
573 4184 670 4239 Scilicet
686 4186 792 4240 obstabit
829 4186 888 4238 cell.
907 4186 955 4238 Ed.
974 4188 1063 4238 Germ.
1083 4188 1109 4237 ia
1129 4201 1154 4237 v.
1173 4186 1269 4246 Prata.)
1288 4186 1315 4235 h.
1336 4188 1355 4238 l.
