<?xml version="1.0" encoding="UTF-8"?>
<!DOCTYPE html PUBLIC "-//W3C//DTD XHTML 1.0 Transitional//EN"
    "http://www.w3.org/TR/xhtml1/DTD/xhtml1-transitional.dtd">
<html xmlns="http://www.w3.org/1999/xhtml" xml:lang="en" lang="en">
 <head>
  <title>
</title>
<meta http-equiv="Content-Type" content="text/html;charset=utf-8" />
  <meta name='ocr-system' content='tesseract 3.04.00' />
  <meta name='ocr-capabilities' content='ocr_page ocr_carea ocr_par ocr_line ocrx_word'/>
</head>
<body>
  <div class='ocr_page' id='page_1' title='image "./qhoratiusflaccu03baitgoog/qhoratiusflaccu03baitgoog_0262.png"; bbox 0 0 2925 4892; ppageno 0'>
   <div class='ocr_carea' id='block_1_1' title="bbox 277 332 987 414">
    <p class='ocr_par' dir='ltr' id='par_1_1' title="bbox 277 332 987 414">
     <span class='ocr_line' id='line_1_1' title="bbox 277 332 987 414; baseline 0.006 -18"><span class='ocrx_word' id='word_1_1' title='bbox 277 345 341 414; x_wconf 74' lang='lat'><strong>253</strong></span> <span class='ocrx_word' id='word_1_2' title='bbox 598 332 608 344; x_wconf 85' lang='grc'><strong>“</strong></span> <span class='ocrx_word' id='word_1_3' title='bbox 659 347 788 398; x_wconf 79' lang='lat' dir='ltr'><strong>nonam</strong></span> <span class='ocrx_word' id='word_1_4' title='bbox 806 345 987 400; x_wconf 76' lang='lat' dir='ltr'><strong>srnnluuu</strong></span> 
     </span>
    </p>
   </div>
   <div class='ocr_carea' id='block_1_2' title="bbox 318 500 1367 1318">
    <p class='ocr_par' dir='ltr' id='par_1_2' title="bbox 321 500 1174 590">
     <span class='ocr_line' id='line_1_2' title="bbox 321 500 1174 590; baseline -0.004 -17"><span class='ocrx_word' id='word_1_5' title='bbox 321 505 427 573; x_wconf 85' lang='lat' dir='ltr'><strong>Uxore</strong></span> <span class='ocrx_word' id='word_1_6' title='bbox 449 512 482 570; x_wconf 87' lang='lat' dir='ltr'><strong>et</strong></span> <span class='ocrx_word' id='word_1_7' title='bbox 504 513 616 590; x_wconf 80' lang='lat' dir='ltr'><strong>gnat03</strong></span> <span class='ocrx_word' id='word_1_8' title='bbox 638 500 725 569; x_wconf 91' lang='lat' dir='ltr'><strong>mala</strong></span> <span class='ocrx_word' id='word_1_9' title='bbox 746 502 845 570; x_wconf 89' lang='lat' dir='ltr'><strong>multa</strong></span> <span class='ocrx_word' id='word_1_10' title='bbox 868 513 1019 590; x_wconf 81' lang='lat' dir='ltr'>precatus</span> <span class='ocrx_word' id='word_1_11' title='bbox 1040 501 1174 579; x_wconf 80' lang='lat' dir='ltr'><strong>Atridis,</strong></span> 
     </span>
    </p>

    <p class='ocr_par' dir='ltr' id='par_1_3' title="bbox 320 623 1225 712">
     <span class='ocr_line' id='line_1_3' title="bbox 320 623 1225 712; baseline -0.006 -19"><span class='ocrx_word' id='word_1_12' title='bbox 320 628 391 693; x_wconf 91' lang='lat' dir='ltr'><strong>Non</strong></span> <span class='ocrx_word' id='word_1_13' title='bbox 413 624 466 690; x_wconf 93' lang='lat' dir='ltr'><strong>ille</strong></span> <span class='ocrx_word' id='word_1_14' title='bbox 487 635 543 690; x_wconf 89' lang='lat' dir='ltr'><strong>ant</strong></span> <span class='ocrx_word' id='word_1_15' title='bbox 564 626 723 690; x_wconf 81' lang='lat' dir='ltr'>Teucrum</span> <span class='ocrx_word' id='word_1_16' title='bbox 746 633 801 690; x_wconf 91' lang='lat' dir='ltr'><strong>aut</strong></span> <span class='ocrx_word' id='word_1_17' title='bbox 822 623 930 712; x_wconf 90' lang='lat' dir='ltr'><strong>ipsum</strong></span> <span class='ocrx_word' id='word_1_18' title='bbox 951 623 1082 692; x_wconf 84' lang='lat' dir='ltr'><strong>violavit</strong></span> <span class='ocrx_word' id='word_1_19' title='bbox 1103 624 1225 694; x_wconf 82' lang='lat' dir='ltr'><strong>Ulixen.</strong></span> 
     </span>
    </p>

    <p class='ocr_par' dir='ltr' id='par_1_4' title="bbox 320 743 1367 955">
     <span class='ocr_line' id='line_1_4' title="bbox 320 743 1367 832; baseline -0.001 -19"><span class='ocrx_word' id='word_1_20' title='bbox 320 748 438 814; x_wconf 85' lang='lat' dir='ltr'><strong>Verum</strong></span> <span class='ocrx_word' id='word_1_21' title='bbox 460 765 537 832; x_wconf 83' lang='lat' dir='ltr'><strong>ego,</strong></span> <span class='ocrx_word' id='word_1_22' title='bbox 560 755 596 810; x_wconf 92' lang='lat' dir='ltr'><strong>ut</strong></span> <span class='ocrx_word' id='word_1_23' title='bbox 617 743 788 812; x_wconf 77' lang='lat' dir='ltr'><strong>haerentes</strong></span> <span class='ocrx_word' id='word_1_24' title='bbox 813 743 952 812; x_wconf 86' lang='lat' dir='ltr'><strong>adverso</strong></span> <span class='ocrx_word' id='word_1_25' title='bbox 976 745 1069 812; x_wconf 87' lang='lat' dir='ltr'><strong>litore</strong></span> <span class='ocrx_word' id='word_1_26' title='bbox 1091 766 1190 814; x_wconf 89' lang='lat' dir='ltr'><strong>naves</strong></span> <span class='ocrx_word' id='word_1_27' title='bbox 1303 748 1367 816; x_wconf 75' lang='lat'><strong>205</strong></span> 
     </span>
     <span class='ocr_line' id='line_1_5' title="bbox 321 865 1125 955; baseline -0.002 -21"><span class='ocrx_word' id='word_1_28' title='bbox 321 868 505 955; x_wconf 86' lang='lat' dir='ltr'><strong>Eriperem,</strong></span> <span class='ocrx_word' id='word_1_29' title='bbox 528 865 673 954; x_wconf 91' lang='lat' dir='ltr'><strong>prudens</strong></span> <span class='ocrx_word' id='word_1_30' title='bbox 694 866 820 954; x_wconf 77' lang='lat' dir='ltr'>placavi</span> <span class='ocrx_word' id='word_1_31' title='bbox 843 868 1000 955; x_wconf 84' lang='lat' dir='ltr'><strong>sanguine</strong></span> <span class='ocrx_word' id='word_1_32' title='bbox 1021 866 1125 933; x_wconf 87' lang='lat' dir='ltr'><strong>divos.</strong></span> 
     </span>
    </p>

    <p class='ocr_par' dir='ltr' id='par_1_5' title="bbox 318 987 1161 1076">
     <span class='ocr_line' id='line_1_6' title="bbox 318 987 1161 1076; baseline 0.004 -22"><span class='ocrx_word' id='word_1_33' title='bbox 318 990 442 1076; x_wconf 89' lang='lat' dir='ltr'><strong>Nempe</strong></span> <span class='ocrx_word' id='word_1_34' title='bbox 463 998 533 1064; x_wconf 92' lang='lat' dir='ltr'><strong>tuo,</strong></span> <span class='ocrx_word' id='word_1_35' title='bbox 556 987 686 1053; x_wconf 88' lang='lat' dir='ltr'><strong>iuriose.</strong></span> <span class='ocrx_word' id='word_1_36' title='bbox 732 987 820 1064; x_wconf 85' lang='lat' dir='ltr'><strong>lieo,</strong></span> <span class='ocrx_word' id='word_1_37' title='bbox 844 987 904 1054; x_wconf 90' lang='lat' dir='ltr'><strong>sed</strong></span> <span class='ocrx_word' id='word_1_38' title='bbox 925 1009 990 1055; x_wconf 91' lang='lat' dir='ltr'><strong>non</strong></span> <span class='ocrx_word' id='word_1_39' title='bbox 1011 989 1161 1057; x_wconf 85' lang='lat' dir='ltr'><strong>hrriosus.</strong></span> 
     </span>
    </p>

    <p class='ocr_par' dir='ltr' id='par_1_6' title="bbox 319 1107 1124 1197">
     <span class='ocr_line' id='line_1_7' title="bbox 319 1107 1124 1197; baseline 0.001 -22"><span class='ocrx_word' id='word_1_40' title='bbox 319 1110 384 1190; x_wconf 86' lang='lat' dir='ltr'><strong>Qui</strong></span> <span class='ocrx_word' id='word_1_41' title='bbox 405 1109 534 1197; x_wconf 84' lang='lat' dir='ltr'><strong>species</strong></span> <span class='ocrx_word' id='word_1_42' title='bbox 555 1107 636 1174; x_wconf 88' lang='lat' dir='ltr'><strong>alias</strong></span> <span class='ocrx_word' id='word_1_43' title='bbox 655 1108 742 1175; x_wconf 84' lang='lat' dir='ltr'><strong>veris</strong></span> <span class='ocrx_word' id='word_1_44' title='bbox 766 1107 965 1197; x_wconf 84' lang='lat' dir='ltr'><strong>scelerisque</strong></span> <span class='ocrx_word' id='word_1_45' title='bbox 989 1110 1124 1178; x_wconf 84' lang='lat' dir='ltr'>tumultu</span> 
     </span>
    </p>

    <p class='ocr_par' dir='ltr' id='par_1_7' title="bbox 319 1228 1189 1318">
     <span class='ocr_line' id='line_1_8' title="bbox 319 1228 1189 1318; baseline 0.001 -20"><span class='ocrx_word' id='word_1_46' title='bbox 319 1231 496 1298; x_wconf 78' lang='lat' dir='ltr'><strong>Permixtas</strong></span> <span class='ocrx_word' id='word_1_47' title='bbox 519 1230 641 1317; x_wconf 88' lang='lat' dir='ltr'><strong>capiet,</strong></span> <span class='ocrx_word' id='word_1_48' title='bbox 664 1239 845 1296; x_wconf 91' lang='lat' dir='ltr'><strong>commotus</strong></span> <span class='ocrx_word' id='word_1_49' title='bbox 865 1228 1052 1309; x_wconf 83' lang='lat' dir='ltr'><strong>habebitur,</strong></span> <span class='ocrx_word' id='word_1_50' title='bbox 1077 1241 1189 1318; x_wconf 86' lang='lat' dir='ltr'><strong>atque,</strong></span> 
     </span>
    </p>
   </div>
   <div class='ocr_carea' id='block_1_3' title="bbox 309 1399 1336 1983">
    <p class='ocr_par' dir='ltr' id='par_1_8' title="bbox 309 1399 1336 1983">
     <span class='ocr_line' id='line_1_9' title="bbox 342 1399 1331 1464; baseline 0.003 -13"><span class='ocrx_word' id='word_1_51' title='bbox 342 1401 400 1452; x_wconf 70' lang='lat'><strong>2⁰3.</strong></span> <span class='ocrx_word' id='word_1_52' title='bbox 419 1405 479 1450; x_wconf 79' lang='lat' dir='ltr'><strong>noto</strong></span> <span class='ocrx_word' id='word_1_53' title='bbox 495 1399 542 1463; x_wconf 95' lang='lat' dir='ltr'><strong>bp.</strong></span> <span class='ocrx_word' id='word_1_54' title='bbox 563 1427 591 1435; x_wconf 91' lang='lat'><em>-</em></span> <span class='ocrx_word' id='word_1_55' title='bbox 609 1399 667 1450; x_wconf 79' lang='lat'>205.</span> <span class='ocrx_word' id='word_1_56' title='bbox 684 1399 759 1449; x_wconf 81' lang='lat' dir='ltr'><strong>oecis</strong></span> <span class='ocrx_word' id='word_1_57' title='bbox 774 1411 798 1448; x_wconf 90' lang='lat' dir='ltr'><strong>c.</strong></span> <span class='ocrx_word' id='word_1_58' title='bbox 820 1424 846 1435; x_wconf 98' lang='lat'><em>-</em></span> <span class='ocrx_word' id='word_1_59' title='bbox 870 1399 927 1450; x_wconf 75' lang='lat'><strong>207.</strong></span> <span class='ocrx_word' id='word_1_60' title='bbox 945 1400 1059 1464; x_wconf 58' lang='lat' dir='ltr'><strong>mdccc?</strong></span> <span class='ocrx_word' id='word_1_61' title='bbox 1079 1403 1203 1454; x_wconf 84' lang='lat' dir='ltr'><strong>antzar.</strong></span> <span class='ocrx_word' id='word_1_62' title='bbox 1226 1429 1253 1439; x_wconf 95' lang='lat'><em>-</em></span> <span class='ocrx_word' id='word_1_63' title='bbox 1272 1403 1331 1454; x_wconf 77' lang='lat' dir='ltr'><strong>aba.</strong></span> 
     </span>
     <span class='ocr_line' id='line_1_10' title="bbox 309 1471 1331 1540; baseline 0.002 -14"><span class='ocrx_word' id='word_1_64' title='bbox 309 1477 376 1526; x_wconf 83' lang='lat' dir='ltr'><strong>veris</strong></span> <span class='ocrx_word' id='word_1_65' title='bbox 392 1473 458 1525; x_wconf 89' lang='lat' dir='ltr'><strong>Cod.</strong></span> <span class='ocrx_word' id='word_1_66' title='bbox 475 1472 596 1524; x_wconf 83' lang='lat' dir='ltr'><strong>Blandin.</strong></span> <span class='ocrx_word' id='word_1_67' title='bbox 610 1472 762 1536; x_wconf 77' lang='lat' dir='ltr'><strong>antiquiss,</strong></span> <span class='ocrx_word' id='word_1_68' title='bbox 782 1471 846 1522; x_wconf 92' lang='lat' dir='ltr'><strong>Cod.</strong></span> <span class='ocrx_word' id='word_1_69' title='bbox 860 1473 959 1524; x_wconf 84' lang='lat' dir='ltr'><strong>iiuslid.</strong></span> <span class='ocrx_word' id='word_1_70' title='bbox 975 1475 1095 1540; x_wconf 85' lang='lat' dir='ltr'><strong>(uterque</strong></span> <span class='ocrx_word' id='word_1_71' title='bbox 1114 1491 1128 1527; x_wconf 92' lang='lat' dir='ltr'><strong>e</strong></span> <span class='ocrx_word' id='word_1_72' title='bbox 1146 1477 1331 1540; x_wconf 85' lang='lat' dir='ltr'><strong>correctione),</strong></span> 
     </span>
     <span class='ocr_line' id='line_1_11' title="bbox 309 1547 1333 1612; baseline 0 -10"><span class='ocrx_word' id='word_1_73' title='bbox 309 1551 425 1603; x_wconf 88' lang='lat' dir='ltr'><strong>Pottierii</strong></span> <span class='ocrx_word' id='word_1_74' title='bbox 442 1549 508 1610; x_wconf 90' lang='lat' dir='ltr'><strong>duo,</strong></span> <span class='ocrx_word' id='word_1_75' title='bbox 527 1547 716 1610; x_wconf 80' lang='lat' dir='ltr'><strong>Porphyrionis</strong></span> <span class='ocrx_word' id='word_1_76' title='bbox 732 1547 781 1598; x_wconf 85' lang='lat' dir='ltr'><strong>Ed.</strong></span> <span class='ocrx_word' id='word_1_77' title='bbox 801 1548 926 1612; x_wconf 86' lang='lat' dir='ltr'><strong>princeps</strong></span> <span class='ocrx_word' id='word_1_78' title='bbox 942 1562 967 1598; x_wconf 87' lang='lat' dir='ltr'><strong>a.</strong></span> <span class='ocrx_word' id='word_1_79' title='bbox 987 1549 1073 1612; x_wconf 75' lang='lat' dir='ltr'><strong>atat,</strong></span> <span class='ocrx_word' id='word_1_80' title='bbox 1100 1550 1260 1602; x_wconf 84' lang='lat' dir='ltr'>Lambinus:</span> <span class='ocrx_word' id='word_1_81' title='bbox 1277 1552 1333 1602; x_wconf 81' lang='lat' dir='ltr'><strong>ocri</strong></span> 
     </span>
     <span class='ocr_line' id='line_1_12' title="bbox 309 1621 1332 1691; baseline -0.002 -13"><span class='ocrx_word' id='word_1_82' title='bbox 309 1627 390 1691; x_wconf 86' lang='lat' dir='ltr'><strong>bSep,</strong></span> <span class='ocrx_word' id='word_1_83' title='bbox 409 1625 524 1677; x_wconf 82' lang='lat' dir='ltr'><strong>Pottierii</strong></span> <span class='ocrx_word' id='word_1_84' title='bbox 540 1622 679 1689; x_wconf 80' lang='lat' dir='ltr'><strong>plerique,</strong></span> <span class='ocrx_word' id='word_1_85' title='bbox 707 1626 731 1682; x_wconf 84' lang='lat' dir='ltr'><strong>t,</strong></span> <span class='ocrx_word' id='word_1_86' title='bbox 751 1621 897 1682; x_wconf 85' lang='lat' dir='ltr'><strong>Bentlaius,</strong></span> <span class='ocrx_word' id='word_1_87' title='bbox 924 1623 983 1683; x_wconf 75' lang='lat' dir='ltr'><strong>ru,</strong></span> <span class='ocrx_word' id='word_1_88' title='bbox 1001 1637 1061 1673; x_wconf 85' lang='lat' dir='ltr'><strong>vero</strong></span> <span class='ocrx_word' id='word_1_89' title='bbox 1078 1637 1110 1674; x_wconf 88' lang='lat' dir='ltr'><strong>ex</strong></span> <span class='ocrx_word' id='word_1_90' title='bbox 1126 1626 1199 1675; x_wconf 87' lang='lat' dir='ltr'><strong>varia</strong></span> <span class='ocrx_word' id='word_1_91' title='bbox 1216 1624 1332 1676; x_wconf 89' lang='lat' dir='ltr'><strong>lectione</strong></span> 
     </span>
     <span class='ocr_line' id='line_1_13' title="bbox 310 1696 1331 1762; baseline -0.002 -10"><span class='ocrx_word' id='word_1_92' title='bbox 310 1700 416 1753; x_wconf 90' lang='lat' dir='ltr'><strong>Codicis</strong></span> <span class='ocrx_word' id='word_1_93' title='bbox 434 1700 491 1750; x_wconf 89' lang='lat' dir='ltr'><strong>Div.</strong></span> <span class='ocrx_word' id='word_1_94' title='bbox 515 1699 544 1748; x_wconf 88' lang='lat' dir='ltr'><strong>C.</strong></span> <span class='ocrx_word' id='word_1_95' title='bbox 565 1719 592 1733; x_wconf 87' lang='lat'><em>-</em></span> <span class='ocrx_word' id='word_1_96' title='bbox 612 1697 670 1746; x_wconf 67' lang='lat' dir='ltr'><strong>ill.</strong></span> <span class='ocrx_word' id='word_1_97' title='bbox 688 1696 825 1745; x_wconf 64' lang='lat' dir='ltr'><strong>{inmeritos</strong></span> <span class='ocrx_word' id='word_1_98' title='bbox 840 1709 898 1746; x_wconf 83' lang='lat' dir='ltr'><strong>cum</strong></span> <span class='ocrx_word' id='word_1_99' title='bbox 920 1697 1140 1761; x_wconf 65' lang='lat' dir='ltr'><strong>semitonorum</strong></span> <span class='ocrx_word' id='word_1_100' title='bbox 1162 1701 1221 1750; x_wconf 85' lang='lat' dir='ltr'><strong>dum</strong></span> <span class='ocrx_word' id='word_1_101' title='bbox 1237 1699 1331 1762; x_wconf 52' lang='lat' dir='ltr'><strong>hedit,</strong></span> 
     </span>
     <span class='ocr_line' id='line_1_14' title="bbox 310 1770 1335 1834; baseline -0.002 -7"><span class='ocrx_word' id='word_1_102' title='bbox 310 1791 368 1827; x_wconf 75' lang='lat' dir='ltr'><strong>mort</strong></span> <span class='ocrx_word' id='word_1_103' title='bbox 383 1776 520 1825; x_wconf 74' lang='lat' dir='ltr'><strong>immeritos</strong></span> <span class='ocrx_word' id='word_1_104' title='bbox 535 1771 631 1834; x_wconf 64' lang='lat' dir='ltr'><strong>utne,</strong></span> <span class='ocrx_word' id='word_1_105' title='bbox 649 1770 744 1830; x_wconf 76' lang='lat' dir='ltr'><strong>Beati..</strong></span> <span class='ocrx_word' id='word_1_106' title='bbox 765 1770 831 1820; x_wconf 76' lang='lat' dir='ltr'><strong>Fut.</strong></span> <span class='ocrx_word' id='word_1_107' title='bbox 847 1797 874 1806; x_wconf 79' lang='grc'><strong>-</strong></span> <span class='ocrx_word' id='word_1_108' title='bbox 892 1773 950 1822; x_wconf 73' lang='lat'><strong>2⁴2.</strong></span> <span class='ocrx_word' id='word_1_109' title='bbox 966 1773 1001 1821; x_wconf 79' lang='lat' dir='ltr'><strong>iu</strong></span> <span class='ocrx_word' id='word_1_110' title='bbox 1012 1775 1261 1834; x_wconf 56' lang='lat' dir='ltr'><strong>praedem-dilutos</strong></span> <span class='ocrx_word' id='word_1_111' title='bbox 1276 1787 1335 1824; x_wconf 71' lang='lat' dir='ltr'><strong>mm</strong></span> 
     </span>
     <span class='ocr_line' id='line_1_15' title="bbox 311 1843 1336 1911; baseline -0.002 -10"><span class='ocrx_word' id='word_1_112' title='bbox 311 1852 422 1902; x_wconf 68' lang='lat' dir='ltr'><strong>obntttr</strong></span> <span class='ocrx_word' id='word_1_113' title='bbox 437 1847 571 1900; x_wconf 88' lang='lat' dir='ltr'><strong>Bentleius</strong></span> <span class='ocrx_word' id='word_1_114' title='bbox 588 1848 657 1898; x_wconf 88' lang='lat' dir='ltr'><strong>coni.</strong></span> <span class='ocrx_word' id='word_1_115' title='bbox 688 1847 763 1907; x_wconf 68' lang='lat' dir='ltr'><strong>(apro</strong></span> <span class='ocrx_word' id='word_1_116' title='bbox 780 1843 892 1894; x_wconf 77' lang='lat' dir='ltr'><strong>aemtuo</strong></span> <span class='ocrx_word' id='word_1_117' title='bbox 908 1845 1050 1908; x_wconf 84' lang='lat' dir='ltr'><strong>Cruquieni</strong></span> <span class='ocrx_word' id='word_1_118' title='bbox 1067 1846 1167 1911; x_wconf 82' lang='lat' dir='ltr'><strong>plures,</strong></span> <span class='ocrx_word' id='word_1_119' title='bbox 1184 1861 1254 1899; x_wconf 88' lang='lat' dir='ltr'><strong>unus</strong></span> <span class='ocrx_word' id='word_1_120' title='bbox 1271 1846 1336 1898; x_wconf 88' lang='lat' dir='ltr'><strong>Pul-</strong></span> 
     </span>
     <span class='ocr_line' id='line_1_16' title="bbox 310 1917 1334 1983; baseline -0.003 -7"><span class='ocrx_word' id='word_1_121' title='bbox 310 1927 401 1976; x_wconf 89' lang='lat' dir='ltr'><strong>manni</strong></span> <span class='ocrx_word' id='word_1_122' title='bbox 426 1927 453 1974; x_wconf 86' lang='lat' dir='ltr'><strong>et</strong></span> <span class='ocrx_word' id='word_1_123' title='bbox 477 1923 531 1973; x_wconf 92' lang='lat' dir='ltr'><strong>duo</strong></span> <span class='ocrx_word' id='word_1_124' title='bbox 556 1923 639 1973; x_wconf 90' lang='lat' dir='ltr'><strong>nostri</strong></span> <span class='ocrx_word' id='word_1_125' title='bbox 661 1920 801 1970; x_wconf 72' lang='lat' dir='ltr'><strong>conmittis.</strong></span> <span class='ocrx_word' id='word_1_126' title='bbox 828 1917 870 1980; x_wconf 87' lang='lat' dir='ltr'><strong>ld,</strong></span> <span class='ocrx_word' id='word_1_127' title='bbox 898 1919 999 1983; x_wconf 85' lang='lat' dir='ltr'><strong>opinor,</strong></span> <span class='ocrx_word' id='word_1_128' title='bbox 1024 1923 1112 1971; x_wconf 91' lang='lat' dir='ltr'><strong>ortum</strong></span> <span class='ocrx_word' id='word_1_129' title='bbox 1135 1923 1176 1972; x_wconf 88' lang='lat' dir='ltr'><strong>est</strong></span> <span class='ocrx_word' id='word_1_130' title='bbox 1198 1925 1334 1973; x_wconf 76' lang='lat' dir='ltr'><strong>exustori</strong></span> 
     </span>
    </p>
   </div>
   <div class='ocr_carea' id='block_1_4' title="bbox 272 2038 1370 3662">
    <p class='ocr_par' dir='ltr' id='par_1_9' title="bbox 272 2038 1370 3662">
     <span class='ocr_line' id='line_1_17' title="bbox 277 2038 1370 2107; baseline -0.002 -11"><span class='ocrx_word' id='word_1_131' title='bbox 277 2048 387 2098; x_wconf 70' lang='lat' dir='ltr'><strong>decim.</strong></span> <span class='ocrx_word' id='word_1_132' title='bbox 400 2043 672 2101; x_wconf 57' lang='lat' dir='ltr'><strong>eudaemones</strong></span> <span class='ocrx_word' id='word_1_133' title='bbox 683 2042 803 2091; x_wconf 74' lang='lat' dir='ltr'><strong>:Nocte-</strong></span> <span class='ocrx_word' id='word_1_134' title='bbox 872 2038 930 2089; x_wconf 79' lang='lat'>20⁸.</span> <span class='ocrx_word' id='word_1_135' title='bbox 948 2039 1005 2089; x_wconf 75' lang='lat'>209.</span> <span class='ocrx_word' id='word_1_136' title='bbox 1023 2042 1114 2104; x_wconf 82' lang='lat' dir='ltr'><strong>specics</strong></span> <span class='ocrx_word' id='word_1_137' title='bbox 1124 2042 1272 2106; x_wconf 73' lang='lat' dir='ltr'><strong>oliasoeris]</strong></span> <span class='ocrx_word' id='word_1_138' title='bbox 1286 2055 1370 2107; x_wconf 75' lang='lat' dir='ltr'><strong>«spe-</strong></span> 
     </span>
     <span class='ocr_line' id='line_1_18' title="bbox 277 2113 1369 2181; baseline -0.001 -12"><span class='ocrx_word' id='word_1_139' title='bbox 277 2135 334 2172; x_wconf 81' lang='lat' dir='ltr'><strong>men</strong></span> <span class='ocrx_word' id='word_1_140' title='bbox 344 2120 438 2169; x_wconf 79' lang='lat' dir='ltr'><strong>idcirco</strong></span> <span class='ocrx_word' id='word_1_141' title='bbox 448 2118 545 2181; x_wconf 74' lang='lat' dir='ltr'><strong>[mm</strong></span> <span class='ocrx_word' id='word_1_142' title='bbox 557 2117 683 2177; x_wconf 70' lang='lat' dir='ltr'><strong>Triopeius</strong></span> <span class='ocrx_word' id='word_1_143' title='bbox 690 2115 803 2164; x_wconf 68' lang='lat' dir='ltr'><strong>mariba·</strong></span> <span class='ocrx_word' id='word_1_144' title='bbox 840 2113 908 2174; x_wconf 79' lang='lat' dir='ltr'><strong>cies,</strong></span> <span class='ocrx_word' id='word_1_145' title='bbox 926 2116 1102 2177; x_wconf 76' lang='grc' dir='ltr'><strong><em>φαντασίας,</em></strong></span> <span class='ocrx_word' id='word_1_146' title='bbox 1121 2117 1259 2180; x_wconf 85' lang='lat' dir='ltr'><strong>opiniones</strong></span> <span class='ocrx_word' id='word_1_147' title='bbox 1274 2118 1369 2168; x_wconf 87' lang='lat' dir='ltr'><strong>animo</strong></span> 
     </span>
     <span class='ocr_line' id='line_1_19' title="bbox 276 2189 1369 2255; baseline -0.001 -12"><span class='ocrx_word' id='word_1_148' title='bbox 276 2195 397 2246; x_wconf 61' lang='lat' dir='ltr'><strong>anob·</strong></span> <span class='ocrx_word' id='word_1_149' title='bbox 414 2191 505 2254; x_wconf 68' lang='lat' dir='ltr'><strong>libore]</strong></span> <span class='ocrx_word' id='word_1_150' title='bbox 517 2203 558 2254; x_wconf 88' lang='lat' dir='ltr'><strong>pr.</strong></span> <span class='ocrx_word' id='word_1_151' title='bbox 568 2189 731 2250; x_wconf 86' lang='lat' dir='ltr'><strong>concubina,</strong></span> <span class='ocrx_word' id='word_1_152' title='bbox 751 2189 802 2238; x_wconf 81' lang='lat' dir='ltr'><strong>Te·</strong></span> <span class='ocrx_word' id='word_1_153' title='bbox 839 2191 999 2252; x_wconf 84' lang='lat' dir='ltr'><strong>conceptas,</strong></span> <span class='ocrx_word' id='word_1_154' title='bbox 1020 2190 1281 2255; x_wconf 75' lang='lat' dir='ltr'><strong>Vorstetlungcn‚</strong></span> <span class='ocrx_word' id='word_1_155' title='bbox 1300 2191 1369 2242; x_wconf 88' lang='lat' dir='ltr'><strong>alias</strong></span> 
     </span>
     <span class='ocr_line' id='line_1_20' title="bbox 278 2262 1370 2329; baseline -0.005 -8"><span class='ocrx_word' id='word_1_156' title='bbox 278 2265 513 2329; x_wconf 75' lang='lat' dir='ltr'><strong>emessa-poeto]</strong></span> <span class='ocrx_word' id='word_1_157' title='bbox 524 2263 800 2328; x_wconf 74' lang='lat' dir='ltr'><strong>Eurysace-ipsum]</strong></span> <span class='ocrx_word' id='word_1_158' title='bbox 839 2262 942 2312; x_wconf 83' lang='lat' dir='ltr'><strong>everis</strong></span> <span class='ocrx_word' id='word_1_159' title='bbox 959 2274 991 2312; x_wconf 89' lang='lat' dir='ltr'><strong>ae</strong></span> <span class='ocrx_word' id='word_1_160' title='bbox 1007 2264 1088 2314; x_wconf 87' lang='lat' dir='ltr'><strong>rectis</strong></span> <span class='ocrx_word' id='word_1_161' title='bbox 1110 2263 1172 2327; x_wconf 83' lang='lat' dir='ltr'><strong>(vel,</strong></span> <span class='ocrx_word' id='word_1_162' title='bbox 1196 2267 1226 2314; x_wconf 91' lang='lat' dir='ltr'><strong>ut</strong></span> <span class='ocrx_word' id='word_1_163' title='bbox 1247 2263 1370 2316; x_wconf 87' lang='lat' dir='ltr'><strong>habebat</strong></span> 
     </span>
     <span class='ocr_line' id='line_1_21' title="bbox 279 2333 1370 2405; baseline 0.002 -16"><span class='ocrx_word' id='word_1_164' title='bbox 279 2342 337 2394; x_wconf 76' lang='lat' dir='ltr'><strong>«vel</strong></span> <span class='ocrx_word' id='word_1_165' title='bbox 352 2343 441 2405; x_wconf 89' lang='lat' dir='ltr'><strong>ipsum</strong></span> <span class='ocrx_word' id='word_1_166' title='bbox 458 2338 572 2400; x_wconf 72' lang='lat' dir='ltr'><strong>(iliram,</strong></span> <span class='ocrx_word' id='word_1_167' title='bbox 596 2341 651 2388; x_wconf 86' lang='lat' dir='ltr'><strong>tam</strong></span> <span class='ocrx_word' id='word_1_168' title='bbox 668 2337 719 2388; x_wconf 88' lang='lat' dir='ltr'><strong>sihi</strong></span> <span class='ocrx_word' id='word_1_169' title='bbox 737 2349 801 2387; x_wconf 87' lang='lat' dir='ltr'><strong>exo-</strong></span> <span class='ocrx_word' id='word_1_170' title='bbox 838 2333 918 2399; x_wconf 92' lang='lat' dir='ltr'><strong>gloss.</strong></span> <span class='ocrx_word' id='word_1_171' title='bbox 927 2336 1118 2388; x_wconf 82' lang='lat' dir='ltr'><strong>Codiilandin.</strong></span> <span class='ocrx_word' id='word_1_172' title='bbox 1126 2339 1274 2402; x_wconf 81' lang='lat' dir='ltr'><strong>antiquiss,</strong></span> <span class='ocrx_word' id='word_1_173' title='bbox 1287 2353 1370 2391; x_wconf 75' lang='lat' dir='ltr'><strong>«oon-</strong></span> 
     </span>
     <span class='ocr_line' id='line_1_22' title="bbox 277 2411 1369 2476; baseline -0.004 -7"><span class='ocrx_word' id='word_1_174' title='bbox 277 2429 365 2469; x_wconf 80' lang='lat' dir='ltr'><strong>sum.»</strong></span> <span class='ocrx_word' id='word_1_175' title='bbox 377 2443 404 2451; x_wconf 93' lang='lat'>-</span> <span class='ocrx_word' id='word_1_176' title='bbox 419 2415 509 2464; x_wconf 68' lang='lat' dir='ltr'><strong>Venno</strong></span> <span class='ocrx_word' id='word_1_177' title='bbox 518 2425 564 2476; x_wconf 77' lang='lat' dir='ltr'><strong>epo</strong></span> <span class='ocrx_word' id='word_1_178' title='bbox 575 2411 636 2474; x_wconf 84' lang='lat' dir='ltr'><strong>cet]</strong></span> <span class='ocrx_word' id='word_1_179' title='bbox 649 2411 803 2475; x_wconf 82' lang='lat' dir='ltr'><strong>Respondet</strong></span> <span class='ocrx_word' id='word_1_180' title='bbox 838 2413 932 2462; x_wconf 87' lang='lat' dir='ltr'><strong>trarias</strong></span> <span class='ocrx_word' id='word_1_181' title='bbox 948 2412 1087 2475; x_wconf 69' lang='lat' dir='ltr'><strong>veritatis),</strong></span> <span class='ocrx_word' id='word_1_182' title='bbox 1107 2412 1184 2464; x_wconf 87' lang='lat' dir='ltr'><strong>ialsas</strong></span> <span class='ocrx_word' id='word_1_183' title='bbox 1196 2416 1223 2464; x_wconf 87' lang='lat' dir='ltr'><strong>et</strong></span> <span class='ocrx_word' id='word_1_184' title='bbox 1240 2413 1369 2466; x_wconf 83' lang='lat' dir='ltr'><strong>contusas</strong></span> 
     </span>
     <span class='ocr_line' id='line_1_23' title="bbox 276 2485 1369 2556; baseline 0 -16"><span class='ocrx_word' id='word_1_185' title='bbox 276 2496 450 2556; x_wconf 77' lang='lat' dir='ltr'><strong>Agamemno.</strong></span> <span class='ocrx_word' id='word_1_186' title='bbox 462 2486 695 2551; x_wconf 74' lang='lat' dir='ltr'><strong>—odoersoJSunt</strong></span> <span class='ocrx_word' id='word_1_187' title='bbox 706 2486 753 2549; x_wconf 85' lang='lat' dir='ltr'><strong>qui</strong></span> <span class='ocrx_word' id='word_1_188' title='bbox 765 2486 802 2536; x_wconf 88' lang='lat' dir='ltr'><strong>in·</strong></span> <span class='ocrx_word' id='word_1_189' title='bbox 839 2499 871 2534; x_wconf 90' lang='lat' dir='ltr'><strong>ea</strong></span> <span class='ocrx_word' id='word_1_190' title='bbox 888 2485 985 2536; x_wconf 85' lang='lat' dir='ltr'><strong>mentis</strong></span> <span class='ocrx_word' id='word_1_191' title='bbox 1005 2487 1146 2549; x_wconf 76' lang='lat' dir='ltr'><strong>agitatione</strong></span> <span class='ocrx_word' id='word_1_192' title='bbox 1169 2491 1196 2538; x_wconf 91' lang='lat' dir='ltr'><strong>et</strong></span> <span class='ocrx_word' id='word_1_193' title='bbox 1218 2488 1369 2540; x_wconf 87' lang='lat' dir='ltr'><strong>conturba-</strong></span> 
     </span>
     <span class='ocr_line' id='line_1_24' title="bbox 276 2559 1369 2629; baseline -0.003 -12"><span class='ocrx_word' id='word_1_194' title='bbox 276 2564 458 2629; x_wconf 86' lang='lat' dir='ltr'><strong>terpretentur</strong></span> <span class='ocrx_word' id='word_1_195' title='bbox 469 2560 598 2612; x_wconf 80' lang='lat' dir='ltr'><strong>«infausto</strong></span> <span class='ocrx_word' id='word_1_196' title='bbox 615 2560 733 2623; x_wconf 87' lang='lat' dir='ltr'><strong>mihique</strong></span> <span class='ocrx_word' id='word_1_197' title='bbox 751 2561 802 2610; x_wconf 91' lang='lat' dir='ltr'><strong>ini·</strong></span> <span class='ocrx_word' id='word_1_198' title='bbox 838 2559 924 2619; x_wconf 80' lang='lat' dir='ltr'><strong>tione,</strong></span> <span class='ocrx_word' id='word_1_199' title='bbox 942 2572 1011 2624; x_wconf 85' lang='lat' dir='ltr'><strong>quae</strong></span> <span class='ocrx_word' id='word_1_200' title='bbox 1023 2559 1147 2612; x_wconf 81' lang='lat' dir='ltr'><strong>facillime</strong></span> <span class='ocrx_word' id='word_1_201' title='bbox 1160 2560 1204 2612; x_wconf 82' lang='lat' dir='ltr'><strong>vel</strong></span> <span class='ocrx_word' id='word_1_202' title='bbox 1215 2562 1250 2612; x_wconf 92' lang='lat' dir='ltr'><strong>ad</strong></span> <span class='ocrx_word' id='word_1_203' title='bbox 1260 2561 1369 2614; x_wconf 86' lang='lat' dir='ltr'><strong>scelera</strong></span> 
     </span>
     <span class='ocr_line' id='line_1_25' title="bbox 276 2633 1369 2701; baseline 0 -12"><span class='ocrx_word' id='word_1_204' title='bbox 276 2640 346 2690; x_wconf 88' lang='lat' dir='ltr'><strong>mico</strong></span> <span class='ocrx_word' id='word_1_205' title='bbox 363 2639 474 2701; x_wconf 85' lang='lat' dir='ltr'><strong>propter</strong></span> <span class='ocrx_word' id='word_1_206' title='bbox 484 2635 511 2685; x_wconf 94' lang='lat' dir='ltr'><strong>id</strong></span> <span class='ocrx_word' id='word_1_207' title='bbox 528 2637 630 2699; x_wconf 81' lang='lat' dir='ltr'><strong>ipsum,</strong></span> <span class='ocrx_word' id='word_1_208' title='bbox 649 2634 721 2697; x_wconf 88' lang='lat' dir='ltr'><strong>quod</strong></span> <span class='ocrx_word' id='word_1_209' title='bbox 734 2635 801 2684; x_wconf 90' lang='lat' dir='ltr'><strong>irata</strong></span> <span class='ocrx_word' id='word_1_210' title='bbox 838 2633 1029 2684; x_wconf 89' lang='lat' dir='ltr'><strong>committenda</strong></span> <span class='ocrx_word' id='word_1_211' title='bbox 1058 2647 1107 2685; x_wconf 89' lang='lat' dir='ltr'><strong>nos</strong></span> <span class='ocrx_word' id='word_1_212' title='bbox 1135 2635 1257 2699; x_wconf 69' lang='lat' dir='ltr'><strong>abripit.»</strong></span> <span class='ocrx_word' id='word_1_213' title='bbox 1299 2637 1369 2698; x_wconf 81' lang='lat' dir='ltr'><strong>(Hoc</strong></span> 
     </span>
     <span class='ocr_line' id='line_1_26' title="bbox 276 2708 1370 2773; baseline -0.001 -8"><span class='ocrx_word' id='word_1_214' title='bbox 276 2715 359 2765; x_wconf 85' lang='lat' dir='ltr'><strong>Diana</strong></span> <span class='ocrx_word' id='word_1_215' title='bbox 370 2712 409 2763; x_wconf 87' lang='lat' dir='ltr'><strong>sie</strong></span> <span class='ocrx_word' id='word_1_216' title='bbox 425 2709 534 2760; x_wconf 91' lang='lat' dir='ltr'><strong>iubente</strong></span> <span class='ocrx_word' id='word_1_217' title='bbox 551 2722 634 2759; x_wconf 89' lang='lat' dir='ltr'><strong>naves</strong></span> <span class='ocrx_word' id='word_1_218' title='bbox 650 2709 677 2758; x_wconf 92' lang='lat' dir='ltr'><strong>in</strong></span> <span class='ocrx_word' id='word_1_219' title='bbox 689 2722 722 2758; x_wconf 91' lang='lat' dir='ltr'><strong>eo</strong></span> <span class='ocrx_word' id='word_1_220' title='bbox 735 2708 802 2758; x_wconf 86' lang='lat' dir='ltr'><strong>bae·</strong></span> <span class='ocrx_word' id='word_1_221' title='bbox 839 2708 910 2759; x_wconf 87' lang='lat' dir='ltr'><strong>anim</strong></span> <span class='ocrx_word' id='word_1_222' title='bbox 940 2709 1007 2758; x_wconf 85' lang='lat' dir='ltr'><strong>scita</strong></span> <span class='ocrx_word' id='word_1_223' title='bbox 1034 2708 1206 2772; x_wconf 81' lang='lat' dir='ltr'><strong>brachylogia</strong></span> <span class='ocrx_word' id='word_1_224' title='bbox 1234 2711 1370 2773; x_wconf 84' lang='lat' dir='ltr'><strong>significat</strong></span> 
     </span>
     <span class='ocr_line' id='line_1_27' title="bbox 275 2781 1367 2848; baseline -0.002 -10"><span class='ocrx_word' id='word_1_225' title='bbox 275 2787 372 2838; x_wconf 88' lang='lat' dir='ltr'><strong>rebant</strong></span> <span class='ocrx_word' id='word_1_226' title='bbox 388 2797 476 2847; x_wconf 86' lang='lat' dir='ltr'><strong>neque</strong></span> <span class='ocrx_word' id='word_1_227' title='bbox 491 2782 612 2834; x_wconf 78' lang='lat' dir='ltr'><strong>inuitum</strong></span> <span class='ocrx_word' id='word_1_228' title='bbox 627 2783 801 2846; x_wconf 85' lang='lat' dir='ltr'><strong>provehipo-</strong></span> <span class='ocrx_word' id='word_1_229' title='bbox 836 2781 935 2831; x_wconf 73' lang='lat' dir='ltr'><strong>sceleris</strong></span> <span class='ocrx_word' id='word_1_230' title='bbox 950 2781 1090 2846; x_wconf 68' lang='lat' dir='ltr'><strong>mutua.)</strong></span> <span class='ocrx_word' id='word_1_231' title='bbox 1124 2785 1166 2834; x_wconf 89' lang='lat' dir='ltr'><strong>Sic</strong></span> <span class='ocrx_word' id='word_1_232' title='bbox 1183 2784 1248 2848; x_wconf 86' lang='lat' dir='ltr'><strong>Epp.</strong></span> <span class='ocrx_word' id='word_1_233' title='bbox 1267 2785 1296 2845; x_wconf 85' lang='lat' dir='ltr'><strong>l,</strong></span> <span class='ocrx_word' id='word_1_234' title='bbox 1316 2787 1367 2848; x_wconf 86' lang='lat' dir='ltr'><strong>te,</strong></span> 
     </span>
     <span class='ocr_line' id='line_1_28' title="bbox 275 2855 1367 2926; baseline -0.002 -13"><span class='ocrx_word' id='word_1_235' title='bbox 275 2862 373 2918; x_wconf 79' lang='lat' dir='ltr'><strong>terant3</strong></span> <span class='ocrx_word' id='word_1_236' title='bbox 387 2857 607 2920; x_wconf 66' lang='lat' dir='ltr'><strong>emebamus.-</strong></span> <span class='ocrx_word' id='word_1_237' title='bbox 623 2857 800 2906; x_wconf 87' lang='lat' dir='ltr'><strong>Verumbaee</strong></span> <span class='ocrx_word' id='word_1_238' title='bbox 837 2856 886 2906; x_wconf 74' lang='lat'><strong>20:</strong></span> <span class='ocrx_word' id='word_1_239' title='bbox 913 2855 994 2906; x_wconf 72' lang='lat' dir='ltr'><strong>elisan</strong></span> <span class='ocrx_word' id='word_1_240' title='bbox 1009 2858 1121 2919; x_wconf 83' lang='lat' dir='ltr'><strong>sapiente</strong></span> <span class='ocrx_word' id='word_1_241' title='bbox 1141 2858 1259 2920; x_wconf 72' lang='lat' dir='ltr'><strong>beroeae.</strong></span> <span class='ocrx_word' id='word_1_242' title='bbox 1296 2860 1367 2926; x_wconf 87' lang='lat' dir='ltr'><strong>Epp.</strong></span> 
     </span>
     <span class='ocr_line' id='line_1_29' title="bbox 275 2927 1367 2995; baseline -0.003 -8"><span class='ocrx_word' id='word_1_243' title='bbox 275 2933 419 2992; x_wconf 83' lang='lat' dir='ltr'><strong>sententia,</strong></span> <span class='ocrx_word' id='word_1_244' title='bbox 436 2933 466 2979; x_wconf 90' lang='lat' dir='ltr'><strong>ut</strong></span> <span class='ocrx_word' id='word_1_245' title='bbox 476 2931 585 2993; x_wconf 90' lang='lat' dir='ltr'><strong>opinor,</strong></span> <span class='ocrx_word' id='word_1_246' title='bbox 603 2927 737 2992; x_wconf 85' lang='lat' dir='ltr'><strong>aliquanto</strong></span> <span class='ocrx_word' id='word_1_247' title='bbox 749 2929 802 2980; x_wconf 88' lang='lat' dir='ltr'><strong>cla·</strong></span> <span class='ocrx_word' id='word_1_248' title='bbox 837 2930 868 2989; x_wconf 70' lang='grc' dir='ltr'><strong>Ξ,</strong></span> <span class='ocrx_word' id='word_1_249' title='bbox 888 2930 917 2990; x_wconf 79' lang='lat' dir='ltr'><strong>l,</strong></span> <span class='ocrx_word' id='word_1_250' title='bbox 936 2928 1002 2981; x_wconf 68' lang='lat' dir='ltr'><strong>ild:</strong></span> <span class='ocrx_word' id='word_1_251' title='bbox 1029 2931 1095 2980; x_wconf 73' lang='lat' dir='ltr'><strong>alita</strong></span> <span class='ocrx_word' id='word_1_252' title='bbox 1115 2933 1233 2995; x_wconf 69' lang='lat' dir='ltr'><strong>Lysippo.</strong></span> <span class='ocrx_word' id='word_1_253' title='bbox 1272 2932 1313 2983; x_wconf 80' lang='lat' dir='ltr'><strong>Ad</strong></span> <span class='ocrx_word' id='word_1_254' title='bbox 1338 2947 1367 2985; x_wconf 88' lang='lat' dir='ltr'><strong>v.</strong></span> 
     </span>
     <span class='ocr_line' id='line_1_30' title="bbox 275 3002 1370 3068; baseline -0.001 -9"><span class='ocrx_word' id='word_1_255' title='bbox 275 3009 331 3058; x_wconf 89' lang='lat' dir='ltr'><strong>rius</strong></span> <span class='ocrx_word' id='word_1_256' title='bbox 342 3005 455 3068; x_wconf 84' lang='lat' dir='ltr'><strong>exprimi</strong></span> <span class='ocrx_word' id='word_1_257' title='bbox 472 3002 601 3063; x_wconf 83' lang='lat' dir='ltr'><strong>debebat,</strong></span> <span class='ocrx_word' id='word_1_258' title='bbox 620 3015 729 3054; x_wconf 89' lang='lat' dir='ltr'><strong>omnem</strong></span> <span class='ocrx_word' id='word_1_259' title='bbox 745 3017 801 3054; x_wconf 87' lang='lat' dir='ltr'><strong>am·</strong></span> <span class='ocrx_word' id='word_1_260' title='bbox 837 3003 945 3053; x_wconf 64' lang='lat' dir='ltr'><strong>tomulo</strong></span> <span class='ocrx_word' id='word_1_261' title='bbox 961 3003 1009 3054; x_wconf 87' lang='lat' dir='ltr'><strong>cb.</strong></span> <span class='ocrx_word' id='word_1_262' title='bbox 1029 3005 1076 3055; x_wconf 92' lang='lat' dir='ltr'><strong>0d.</strong></span> <span class='ocrx_word' id='word_1_263' title='bbox 1090 3006 1119 3068; x_wconf 80' lang='lat'><strong>2,</strong></span> <span class='ocrx_word' id='word_1_264' title='bbox 1134 3005 1178 3067; x_wconf 83' lang='lat'><strong>⁴6,</strong></span> <span class='ocrx_word' id='word_1_265' title='bbox 1198 3007 1242 3056; x_wconf 86' lang='lat' dir='ltr'><strong>to:</strong></span> <span class='ocrx_word' id='word_1_266' title='bbox 1261 3007 1370 3058; x_wconf 77' lang='lat' dir='ltr'><strong>miser-os</strong></span> 
     </span>
     <span class='ocr_line' id='line_1_31' title="bbox 274 3075 1365 3143; baseline 0 -13"><span class='ocrx_word' id='word_1_267' title='bbox 274 3080 431 3143; x_wconf 88' lang='lat' dir='ltr'><strong>biguitatem</strong></span> <span class='ocrx_word' id='word_1_268' title='bbox 449 3075 602 3126; x_wconf 87' lang='lat' dir='ltr'><strong>dovitaresi</strong></span> <span class='ocrx_word' id='word_1_269' title='bbox 618 3075 801 3141; x_wconf 82' lang='lat' dir='ltr'><strong>volebatpo&#39;e-</strong></span> <span class='ocrx_word' id='word_1_270' title='bbox 837 3077 957 3128; x_wconf 62' lang='lat' dir='ltr'><strong>tumulus</strong></span> <span class='ocrx_word' id='word_1_271' title='bbox 979 3079 1078 3128; x_wconf 72' lang='lat' dir='ltr'><strong>Mortis.</strong></span> <span class='ocrx_word' id='word_1_272' title='bbox 1120 3080 1184 3131; x_wconf 77' lang='lat' dir='ltr'><strong>Mire</strong></span> <span class='ocrx_word' id='word_1_273' title='bbox 1210 3077 1365 3143; x_wconf 87' lang='lat' dir='ltr'><strong>Gargallus:</strong></span> 
     </span>
     <span class='ocr_line' id='line_1_32' title="bbox 275 3148 1370 3214; baseline 0.001 -9"><span class='ocrx_word' id='word_1_274' title='bbox 275 3157 311 3205; x_wconf 87' lang='lat' dir='ltr'><strong>ta.</strong></span> <span class='ocrx_word' id='word_1_275' title='bbox 330 3152 459 3212; x_wconf 83' lang='lat' dir='ltr'><strong>Quocirca</strong></span> <span class='ocrx_word' id='word_1_276' title='bbox 471 3162 542 3201; x_wconf 89' lang='lat' dir='ltr'><strong>nunc</strong></span> <span class='ocrx_word' id='word_1_277' title='bbox 554 3148 731 3214; x_wconf 85' lang='lat' dir='ltr'><strong>explicamus:</strong></span> <span class='ocrx_word' id='word_1_278' title='bbox 751 3164 800 3201; x_wconf 78' lang='lat' dir='ltr'><strong>«cx</strong></span> <span class='ocrx_word' id='word_1_279' title='bbox 837 3151 959 3212; x_wconf 72' lang='lat' dir='ltr'><strong>ceterique</strong></span> <span class='ocrx_word' id='word_1_280' title='bbox 974 3153 1089 3202; x_wconf 81' lang='lat' dir='ltr'><strong>tumultu.</strong></span> <span class='ocrx_word' id='word_1_281' title='bbox 1126 3155 1211 3213; x_wconf 86' lang='lat' dir='ltr'><strong>Quam</strong></span> <span class='ocrx_word' id='word_1_282' title='bbox 1227 3154 1303 3205; x_wconf 79' lang='lat' dir='ltr'><strong>facile</strong></span> <span class='ocrx_word' id='word_1_283' title='bbox 1318 3169 1370 3206; x_wconf 86' lang='lat' dir='ltr'><strong>au-</strong></span> 
     </span>
     <span class='ocr_line' id='line_1_33' title="bbox 273 3223 1369 3292; baseline 0.001 -13"><span class='ocrx_word' id='word_1_284' title='bbox 273 3225 412 3279; x_wconf 81' lang='lat' dir='ltr'><strong>Aulidensi</strong></span> <span class='ocrx_word' id='word_1_285' title='bbox 427 3224 519 3286; x_wconf 86' lang='lat' dir='ltr'><strong>litora,</strong></span> <span class='ocrx_word' id='word_1_286' title='bbox 538 3223 612 3288; x_wconf 89' lang='lat' dir='ltr'><strong>quod</strong></span> <span class='ocrx_word' id='word_1_287' title='bbox 622 3224 730 3284; x_wconf 71' lang='lat' dir='ltr'><strong>arone,</strong></span> <span class='ocrx_word' id='word_1_288' title='bbox 746 3237 799 3288; x_wconf 90' lang='lat' dir='ltr'><strong>quo</strong></span> <span class='ocrx_word' id='word_1_289' title='bbox 838 3226 892 3274; x_wconf 88' lang='lat' dir='ltr'><strong>tem</strong></span> <span class='ocrx_word' id='word_1_290' title='bbox 910 3237 926 3274; x_wconf 85' lang='lat' dir='ltr'><strong>e</strong></span> <span class='ocrx_word' id='word_1_291' title='bbox 942 3225 1139 3277; x_wconf 88' lang='lat' dir='ltr'><strong>correctoribus</strong></span> <span class='ocrx_word' id='word_1_292' title='bbox 1156 3228 1313 3292; x_wconf 88' lang='lat' dir='ltr'><strong>importunis</strong></span> <span class='ocrx_word' id='word_1_293' title='bbox 1323 3241 1369 3280; x_wconf 82' lang='lat' dir='ltr'><strong>oc·</strong></span> 
     </span>
     <span class='ocr_line' id='line_1_34' title="bbox 274 3298 1365 3365; baseline -0.001 -12"><span class='ocrx_word' id='word_1_294' title='bbox 274 3303 338 3353; x_wconf 87' lang='lat' dir='ltr'><strong>tunc</strong></span> <span class='ocrx_word' id='word_1_295' title='bbox 354 3299 533 3350; x_wconf 88' lang='lat' dir='ltr'><strong>tendebamus</strong></span> <span class='ocrx_word' id='word_1_296' title='bbox 550 3301 578 3349; x_wconf 86' lang='lat' dir='ltr'><strong>et</strong></span> <span class='ocrx_word' id='word_1_297' title='bbox 598 3298 644 3348; x_wconf 90' lang='lat' dir='ltr'><strong>ubi</strong></span> <span class='ocrx_word' id='word_1_298' title='bbox 664 3311 737 3348; x_wconf 89' lang='lat' dir='ltr'><strong>nunc</strong></span> <span class='ocrx_word' id='word_1_299' title='bbox 753 3312 800 3349; x_wconf 87' lang='lat' dir='ltr'><strong>su·</strong></span> <span class='ocrx_word' id='word_1_300' title='bbox 836 3299 873 3348; x_wconf 74' lang='lat' dir='ltr'><strong>ria</strong></span> <span class='ocrx_word' id='word_1_301' title='bbox 893 3299 1212 3364; x_wconf 63' lang='lat' dir='ltr'><strong>properantesque</strong></span> <span class='ocrx_word' id='word_1_302' title='bbox 1233 3303 1260 3352; x_wconf 88' lang='lat' dir='ltr'><strong>in</strong></span> <span class='ocrx_word' id='word_1_303' title='bbox 1280 3304 1365 3365; x_wconf 86' lang='lat' dir='ltr'><strong>genit.</strong></span> 
     </span>
     <span class='ocr_line' id='line_1_35' title="bbox 273 3371 1368 3439; baseline -0.002 -11"><span class='ocrx_word' id='word_1_304' title='bbox 273 3389 335 3428; x_wconf 89' lang='lat' dir='ltr'><strong>mus</strong></span> <span class='ocrx_word' id='word_1_305' title='bbox 353 3373 480 3439; x_wconf 78' lang='lat' dir='ltr'><strong>(dialogus</strong></span> <span class='ocrx_word' id='word_1_306' title='bbox 494 3375 566 3423; x_wconf 92' lang='lat' dir='ltr'><strong>enim</strong></span> <span class='ocrx_word' id='word_1_307' title='bbox 583 3373 676 3422; x_wconf 83' lang='lat' dir='ltr'><strong>Troiae</strong></span> <span class='ocrx_word' id='word_1_308' title='bbox 693 3371 800 3424; x_wconf 90' lang='lat' dir='ltr'><strong>babitus</strong></span> <span class='ocrx_word' id='word_1_309' title='bbox 837 3372 903 3434; x_wconf 91' lang='lat' dir='ltr'><strong>sing.</strong></span> <span class='ocrx_word' id='word_1_310' title='bbox 917 3373 1013 3424; x_wconf 88' lang='lat' dir='ltr'><strong>mutari</strong></span> <span class='ocrx_word' id='word_1_311' title='bbox 1024 3375 1157 3437; x_wconf 85' lang='lat' dir='ltr'><strong>potuerit,</strong></span> <span class='ocrx_word' id='word_1_312' title='bbox 1176 3376 1313 3426; x_wconf 88' lang='lat' dir='ltr'><strong>neminem</strong></span> <span class='ocrx_word' id='word_1_313' title='bbox 1325 3375 1368 3426; x_wconf 84' lang='lat' dir='ltr'><strong>iu-</strong></span> 
     </span>
     <span class='ocr_line' id='line_1_36' title="bbox 273 3447 1368 3516; baseline 0.001 -14"><span class='ocrx_word' id='word_1_314' title='bbox 273 3451 388 3513; x_wconf 85' lang='lat' dir='ltr'><strong>fingitur.</strong></span> <span class='ocrx_word' id='word_1_315' title='bbox 418 3447 496 3499; x_wconf 77' lang='lat' dir='ltr'><strong>Ciu.</strong></span> <span class='ocrx_word' id='word_1_316' title='bbox 510 3447 587 3510; x_wconf 62' lang='lat' dir='ltr'><strong>tati,</strong></span> <span class='ocrx_word' id='word_1_317' title='bbox 606 3447 801 3510; x_wconf 88' lang='lat' dir='ltr'><strong>eregioneop-</strong></span> <span class='ocrx_word' id='word_1_318' title='bbox 837 3449 881 3511; x_wconf 89' lang='lat' dir='ltr'><strong>git.</strong></span> <span class='ocrx_word' id='word_1_319' title='bbox 917 3449 966 3508; x_wconf 88' lang='lat' dir='ltr'><strong>Qui</strong></span> <span class='ocrx_word' id='word_1_320' title='bbox 983 3451 1113 3512; x_wconf 80' lang='lat' dir='ltr'><strong>genitivus</strong></span> <span class='ocrx_word' id='word_1_321' title='bbox 1130 3450 1368 3516; x_wconf 85' lang='lat' dir='ltr'><strong>quomodoepr-</strong></span> 
     </span>
     <span class='ocr_line' id='line_1_37' title="bbox 272 3519 1367 3588; baseline 0.005 -15"><span class='ocrx_word' id='word_1_322' title='bbox 272 3525 390 3588; x_wconf 90' lang='lat' dir='ltr'><strong>positum</strong></span> <span class='ocrx_word' id='word_1_323' title='bbox 407 3524 457 3573; x_wconf 84' lang='lat' dir='ltr'><strong>est.</strong></span> <span class='ocrx_word' id='word_1_324' title='bbox 497 3519 571 3571; x_wconf 85' lang='lat' dir='ltr'><strong>Coni.</strong></span> <span class='ocrx_word' id='word_1_325' title='bbox 594 3519 668 3570; x_wconf 74' lang='lat' dir='ltr'><strong>Ouid.</strong></span> <span class='ocrx_word' id='word_1_326' title='bbox 689 3522 796 3572; x_wconf 77' lang='lat' dir='ltr'><strong>Metam.</strong></span> <span class='ocrx_word' id='word_1_327' title='bbox 837 3521 939 3572; x_wconf 87' lang='lat' dir='ltr'><strong>candus</strong></span> <span class='ocrx_word' id='word_1_328' title='bbox 957 3523 1005 3584; x_wconf 83' lang='lat' dir='ltr'><strong>sit,</strong></span> <span class='ocrx_word' id='word_1_329' title='bbox 1029 3537 1110 3574; x_wconf 87' lang='lat' dir='ltr'><strong>nemo</strong></span> <span class='ocrx_word' id='word_1_330' title='bbox 1126 3525 1215 3576; x_wconf 88' lang='lat' dir='ltr'><strong>adbuc</strong></span> <span class='ocrx_word' id='word_1_331' title='bbox 1232 3527 1367 3578; x_wconf 76' lang='lat' dir='ltr'><strong>arincam</strong></span> 
     </span>
     <span class='ocr_line' id='line_1_38' title="bbox 273 3595 1368 3662; baseline 0.005 -16"><span class='ocrx_word' id='word_1_332' title='bbox 273 3595 320 3658; x_wconf 81' lang='lat' dir='ltr'><strong>tl,</strong></span> <span class='ocrx_word' id='word_1_333' title='bbox 338 3598 367 3646; x_wconf 87' lang='lat' dir='ltr'><strong>s:</strong></span> <span class='ocrx_word' id='word_1_334' title='bbox 395 3595 503 3645; x_wconf 80' lang='lat' dir='ltr'><strong>Zanclen</strong></span> <span class='ocrx_word' id='word_1_335' title='bbox 523 3595 679 3654; x_wconf 68' lang='lat' dir='ltr'><strong>adiensque</strong></span> <span class='ocrx_word' id='word_1_336' title='bbox 699 3596 801 3645; x_wconf 79' lang='lat' dir='ltr'><strong>moenie</strong></span> <span class='ocrx_word' id='word_1_337' title='bbox 835 3598 935 3662; x_wconf 89' lang='lat' dir='ltr'><strong>potuit:</strong></span> <span class='ocrx_word' id='word_1_338' title='bbox 966 3598 989 3660; x_wconf 88' lang='lat' dir='ltr'><strong>t)</strong></span> <span class='ocrx_word' id='word_1_339' title='bbox 1016 3599 1096 3660; x_wconf 78' lang='lat' dir='ltr'><strong>otios,</strong></span> <span class='ocrx_word' id='word_1_340' title='bbox 1126 3601 1266 3652; x_wconf 73' lang='lat' dir='ltr'><strong>«diversas</strong></span> <span class='ocrx_word' id='word_1_341' title='bbox 1293 3602 1368 3652; x_wconf 90' lang='lat' dir='ltr'><strong>inter</strong></span> 
     </span>
    </p>
   </div>
   <div class='ocr_carea' id='block_1_5' title="bbox 181 3666 1367 3739">
    <p class='ocr_par' dir='ltr' id='par_1_10' title="bbox 181 3666 1367 3739">
     <span class='ocr_line' id='line_1_39' title="bbox 181 3666 1367 3739; baseline 0.007 -22"><span class='ocrx_word' id='word_1_342' title='bbox 181 3667 189 3686; x_wconf 84' lang='lat'>⁸</span> <span class='ocrx_word' id='word_1_343' title='bbox 271 3669 356 3731; x_wconf 70' lang='lat' dir='ltr'><strong>libeat</strong></span> <span class='ocrx_word' id='word_1_344' title='bbox 391 3666 680 3728; x_wconf 64' lang='lat' dir='ltr'><strong>Valfiaocmttt:</strong></span> <span class='ocrx_word' id='word_1_345' title='bbox 706 3681 800 3731; x_wconf 77' lang='lat' dir='ltr'><strong>orpora</strong></span> <span class='ocrx_word' id='word_1_346' title='bbox 836 3685 900 3732; x_wconf 70' lang='lat' dir='ltr'><strong>sep»</strong></span> <span class='ocrx_word' id='word_1_347' title='bbox 926 3671 1167 3736; x_wconf 64' lang='lat' dir='ltr'><strong>attenuatius,</strong></span> <span class='ocrx_word' id='word_1_348' title='bbox 1195 3687 1367 3739; x_wconf 86' lang='lat' dir='ltr'><strong>quaeverae</strong></span> 
     </span>
    </p>
   </div>
   <div class='ocr_carea' id='block_1_6' title="bbox 271 3741 1369 4252">
    <p class='ocr_par' dir='ltr' id='par_1_11' title="bbox 271 3741 1369 4252">
     <span class='ocr_line' id='line_1_40' title="bbox 271 3741 1369 3808; baseline 0.006 -17"><span class='ocrx_word' id='word_1_349' title='bbox 271 3742 333 3792; x_wconf 83' lang='lat' dir='ltr'><strong>site</strong></span> <span class='ocrx_word' id='word_1_350' title='bbox 348 3741 429 3791; x_wconf 79' lang='lat' dir='ltr'><strong>Ptoios</strong></span> <span class='ocrx_word' id='word_1_351' title='bbox 449 3742 476 3790; x_wconf 81' lang='lat' dir='ltr'><strong>in</strong></span> <span class='ocrx_word' id='word_1_352' title='bbox 492 3741 613 3790; x_wconf 68' lang='lat' dir='ltr'><strong>odorem</strong></span> <span class='ocrx_word' id='word_1_353' title='bbox 629 3742 745 3792; x_wconf 66' lang='lat' dir='ltr'><strong>modoet</strong></span> <span class='ocrx_word' id='word_1_354' title='bbox 766 3743 800 3792; x_wconf 86' lang='lat' dir='ltr'><strong>li·</strong></span> <span class='ocrx_word' id='word_1_355' title='bbox 836 3747 910 3804; x_wconf 82' lang='lat' dir='ltr'><strong>sunt.</strong></span> <span class='ocrx_word' id='word_1_356' title='bbox 929 3745 957 3794; x_wconf 90' lang='lat' dir='ltr'><strong>id</strong></span> <span class='ocrx_word' id='word_1_357' title='bbox 974 3749 1028 3808; x_wconf 81' lang='lat' dir='ltr'><strong>est,</strong></span> <span class='ocrx_word' id='word_1_358' title='bbox 1047 3746 1127 3800; x_wconf 78' lang='lat' dir='ltr'><strong>tusae</strong></span> <span class='ocrx_word' id='word_1_359' title='bbox 1145 3750 1173 3800; x_wconf 88' lang='lat' dir='ltr'><strong>et</strong></span> <span class='ocrx_word' id='word_1_360' title='bbox 1189 3747 1314 3798; x_wconf 80' lang='lat' dir='ltr'><strong>contusas</strong></span> <span class='ocrx_word' id='word_1_361' title='bbox 1325 3753 1369 3798; x_wconf 78' lang='lat' dir='ltr'><strong>tu-</strong></span> 
     </span>
     <span class='ocr_line' id='line_1_41' title="bbox 272 3814 1367 3886; baseline 0.009 -23"><span class='ocrx_word' id='word_1_362' title='bbox 272 3818 327 3864; x_wconf 82' lang='lat' dir='ltr'><strong>tore</strong></span> <span class='ocrx_word' id='word_1_363' title='bbox 344 3814 458 3864; x_wconf 77' lang='lat' dir='ltr'><strong>Ttroces.</strong></span> <span class='ocrx_word' id='word_1_364' title='bbox 473 3838 501 3850; x_wconf 92' lang='lat'><strong>··</strong></span> <span class='ocrx_word' id='word_1_365' title='bbox 515 3814 656 3876; x_wconf 59' lang='lat' dir='ltr'><strong>[imperem]</strong></span> <span class='ocrx_word' id='word_1_366' title='bbox 671 3815 800 3866; x_wconf 82' lang='lat' dir='ltr'><strong>Hoeven·</strong></span> <span class='ocrx_word' id='word_1_367' title='bbox 834 3818 915 3868; x_wconf 75' lang='lat' dir='ltr'><strong>motu</strong></span> <span class='ocrx_word' id='word_1_368' title='bbox 939 3820 994 3870; x_wconf 75' lang='lat' dir='ltr'><strong>ocri</strong></span> <span class='ocrx_word' id='word_1_369' title='bbox 1018 3821 1176 3886; x_wconf 62' lang='lat' dir='ltr'><strong>udansque,</strong></span> <span class='ocrx_word' id='word_1_370' title='bbox 1202 3835 1225 3872; x_wconf 90' lang='lat' dir='ltr'><strong>s.</strong></span> <span class='ocrx_word' id='word_1_371' title='bbox 1243 3821 1311 3872; x_wconf 90' lang='lat' dir='ltr'><strong>recti</strong></span> <span class='ocrx_word' id='word_1_372' title='bbox 1337 3825 1367 3873; x_wconf 88' lang='lat' dir='ltr'><strong>et</strong></span> 
     </span>
     <span class='ocr_line' id='line_1_42' title="bbox 271 3885 1364 3960; baseline 0.009 -22"><span class='ocrx_word' id='word_1_373' title='bbox 271 3885 339 3938; x_wconf 86' lang='lat' dir='ltr'><strong>hum</strong></span> <span class='ocrx_word' id='word_1_374' title='bbox 351 3888 420 3948; x_wconf 84' lang='lat' dir='ltr'><strong>vim,</strong></span> <span class='ocrx_word' id='word_1_375' title='bbox 438 3901 493 3951; x_wconf 87' lang='lat' dir='ltr'><strong>qua</strong></span> <span class='ocrx_word' id='word_1_376' title='bbox 504 3888 539 3938; x_wconf 88' lang='lat' dir='ltr'><strong>ad</strong></span> <span class='ocrx_word' id='word_1_377' title='bbox 551 3887 725 3940; x_wconf 84' lang='lat' dir='ltr'><strong>deducendas</strong></span> <span class='ocrx_word' id='word_1_378' title='bbox 736 3889 798 3940; x_wconf 85' lang='lat' dir='ltr'><strong>inde</strong></span> <span class='ocrx_word' id='word_1_379' title='bbox 835 3893 935 3956; x_wconf 60' lang='lat' dir='ltr'><strong>provin</strong></span> <span class='ocrx_word' id='word_1_380' title='bbox 949 3896 1030 3957; x_wconf 83' lang='lat' dir='ltr'><strong>atque</strong></span> <span class='ocrx_word' id='word_1_381' title='bbox 1040 3896 1078 3944; x_wconf 86' lang='lat' dir='ltr'><strong>sie</strong></span> <span class='ocrx_word' id='word_1_382' title='bbox 1089 3893 1289 3960; x_wconf 87' lang='lat' dir='ltr'><strong>intelligendum</strong></span> <span class='ocrx_word' id='word_1_383' title='bbox 1302 3909 1364 3948; x_wconf 86' lang='lat' dir='ltr'><strong>asae</strong></span> 
     </span>
     <span class='ocr_line' id='line_1_43' title="bbox 272 3961 1364 4033; baseline 0.01 -21"><span class='ocrx_word' id='word_1_384' title='bbox 272 3974 355 4012; x_wconf 81' lang='lat' dir='ltr'><strong>naves</strong></span> <span class='ocrx_word' id='word_1_385' title='bbox 372 3973 439 4025; x_wconf 89' lang='lat' dir='ltr'><strong>opus</strong></span> <span class='ocrx_word' id='word_1_386' title='bbox 457 3961 547 4024; x_wconf 82' lang='lat' dir='ltr'><strong>luerit,</strong></span> <span class='ocrx_word' id='word_1_387' title='bbox 565 3975 741 4026; x_wconf 84' lang='lat' dir='ltr'><strong>magnacum</strong></span> <span class='ocrx_word' id='word_1_388' title='bbox 759 3963 799 4014; x_wconf 88' lang='lat' dir='ltr'><strong>ci·</strong></span> <span class='ocrx_word' id='word_1_389' title='bbox 835 3965 992 4028; x_wconf 83' lang='lat' dir='ltr'><strong>significavit</strong></span> <span class='ocrx_word' id='word_1_390' title='bbox 1016 3967 1167 4032; x_wconf 86' lang='lat' dir='ltr'><strong>Bentleius,</strong></span> <span class='ocrx_word' id='word_1_391' title='bbox 1197 3969 1364 4033; x_wconf 77' lang='lat' dir='ltr'><strong>dsunguons</strong></span> 
     </span>
     <span class='ocr_line' id='line_1_44' title="bbox 272 4033 1366 4107; baseline 0.011 -23"><span class='ocrx_word' id='word_1_392' title='bbox 272 4033 366 4085; x_wconf 86' lang='lat' dir='ltr'><strong>floacia</strong></span> <span class='ocrx_word' id='word_1_393' title='bbox 391 4035 523 4099; x_wconf 81' lang='lat' dir='ltr'><strong>exprimit.</strong></span> <span class='ocrx_word' id='word_1_394' title='bbox 552 4063 580 4072; x_wconf 93' lang='lat'><em>-</em></span> <span class='ocrx_word' id='word_1_395' title='bbox 603 4050 654 4087; x_wconf 82' lang='lat' dir='ltr'><strong>non</strong></span> <span class='ocrx_word' id='word_1_396' title='bbox 677 4037 797 4102; x_wconf 64' lang='grc' dir='ltr'><strong>[αήοεια]</strong></span> <span class='ocrx_word' id='word_1_397' title='bbox 835 4040 990 4102; x_wconf 81' lang='lat' dir='ltr'><strong>otios,veri.</strong></span> <span class='ocrx_word' id='word_1_398' title='bbox 1018 4041 1041 4104; x_wconf 84' lang='grc'><strong>3)</strong></span> <span class='ocrx_word' id='word_1_399' title='bbox 1056 4043 1162 4105; x_wconf 71' lang='lat' dir='ltr'><strong>«spectu</strong></span> <span class='ocrx_word' id='word_1_400' title='bbox 1172 4043 1366 4107; x_wconf 66' lang='lat' dir='ltr'><strong>uhasomldi-</strong></span> 
     </span>
     <span class='ocr_line' id='line_1_45' title="bbox 271 4107 1363 4180; baseline 0.007 -20"><span class='ocrx_word' id='word_1_401' title='bbox 271 4107 421 4160; x_wconf 84' lang='lat' dir='ltr'><strong>Hicflnitur</strong></span> <span class='ocrx_word' id='word_1_402' title='bbox 431 4108 550 4173; x_wconf 87' lang='lat' dir='ltr'><strong>dialogus</strong></span> <span class='ocrx_word' id='word_1_403' title='bbox 562 4109 640 4164; x_wconf 85' lang='lat' dir='ltr'><strong>dctus</strong></span> <span class='ocrx_word' id='word_1_404' title='bbox 653 4112 798 4176; x_wconf 81' lang='lat' dir='ltr'><strong>interAga-</strong></span> <span class='ocrx_word' id='word_1_405' title='bbox 834 4127 928 4166; x_wconf 83' lang='lat' dir='ltr'><strong>versas</strong></span> <span class='ocrx_word' id='word_1_406' title='bbox 945 4127 961 4166; x_wconf 92' lang='lat' dir='ltr'><strong>a</strong></span> <span class='ocrx_word' id='word_1_407' title='bbox 982 4116 1055 4179; x_wconf 87' lang='lat' dir='ltr'><strong>vcro)</strong></span> <span class='ocrx_word' id='word_1_408' title='bbox 1082 4118 1110 4167; x_wconf 92' lang='lat' dir='ltr'><strong>et</strong></span> <span class='ocrx_word' id='word_1_409' title='bbox 1133 4118 1224 4180; x_wconf 71' lang='lat' dir='ltr'><strong>specim</strong></span> <span class='ocrx_word' id='word_1_410' title='bbox 1247 4118 1363 4180; x_wconf 62' lang='lat' dir='ltr'><strong>scetem,</strong></span> 
     </span>
     <span class='ocr_line' id='line_1_46' title="bbox 271 4185 1365 4252; baseline 0.009 -16"><span class='ocrx_word' id='word_1_411' title='bbox 271 4196 445 4236; x_wconf 87' lang='lat' dir='ltr'><strong>memnonem</strong></span> <span class='ocrx_word' id='word_1_412' title='bbox 462 4187 490 4236; x_wconf 90' lang='lat' dir='ltr'><strong>et</strong></span> <span class='ocrx_word' id='word_1_413' title='bbox 504 4185 631 4238; x_wconf 86' lang='lat' dir='ltr'><strong>Stoicum.</strong></span> <span class='ocrx_word' id='word_1_414' title='bbox 834 4188 850 4240; x_wconf 93' lang='lat' dir='ltr'><strong>i.</strong></span> <span class='ocrx_word' id='word_1_415' title='bbox 865 4201 888 4239; x_wconf 86' lang='lat' dir='ltr'><strong>o.</strong></span> <span class='ocrx_word' id='word_1_416' title='bbox 902 4187 1062 4252; x_wconf 57' lang='lat' dir='ltr'><strong>scelestam»</strong></span> <span class='ocrx_word' id='word_1_417' title='bbox 1080 4191 1152 4242; x_wconf 82' lang='lat' dir='ltr'><strong>varie</strong></span> <span class='ocrx_word' id='word_1_418' title='bbox 1170 4193 1198 4244; x_wconf 88' lang='lat' dir='ltr'><strong>et</strong></span> <span class='ocrx_word' id='word_1_419' title='bbox 1213 4191 1365 4246; x_wconf 80' lang='lat' dir='ltr'><strong>admodum</strong></span> 
     </span>
    </p>
   </div>
   <div class='ocr_carea' id='block_1_7' title="bbox 0 0 1468 4892">
    <p class='ocr_par' dir='ltr' id='par_1_12' title="bbox 0 0 1468 4892">
     <span class='ocr_line' id='line_1_47' title="bbox 0 0 1468 4892; baseline 0 2"><span class='ocrx_word' id='word_1_420' title='bbox 0 0 1468 4892; x_wconf 95' lang='lat' dir='ltr'><strong> </strong></span> 
     </span>
    </p>
   </div>
  </div>
 </body>
</html>
