2925 4892
271 390 333 455 506
628 389 994 443 noanrnunsromnou

314 548 465 635 Quinque
487 546 591 613 bonos
613 546 743 612 solitum
765 544 893 610 Variam
915 543 1074 611 dimittere
1095 554 1220 632 patres,

314 671 496 746 CertemuS,
521 668 630 756 spinas
653 667 803 733 animone
825 686 887 753 ego
909 664 1022 731 lortius
1044 686 1085 731 au
1107 674 1142 731 tu

313 790 438 857 Evellas
461 810 539 877 agro
561 799 594 857 et
614 787 729 855 melior
750 788 792 853 sit
812 785 964 853 Horatius
986 806 1027 851 an
1048 806 1113 853 res.
1341 788 1361 849 5
1446 775 1447 802 ¹

313 914 362 977 lle
385 912 533 1000 quamvis
554 910 683 977 Lamiae
706 909 810 997 pietas
831 918 865 976 at
885 929 964 975 cura
984 918 1129 974 moratur

334 1074 358 1122 3.
381 1074 485 1123 Varium
500 1083 634 1135 superscr.
656 1068 750 1121 Veliam
767 1070 798 1130 S,
820 1070 899 1120 Varia
914 1082 944 1129 c,
962 1070 1070 1119 Roriam
1087 1070 1121 1128 E,
1140 1068 1267 1131 Aldinae,
1286 1072 1327 1121 Lt.

305 1175 331 1183 -
351 1147 375 1198 l.
395 1146 437 1211 cn]
455 1160 486 1197 uc
503 1144 610 1196 Obbarii
627 1158 735 1209 operae.
750 1172 778 1180 -
790 1146 815 1193 b.
828 1144 923 1194 Euellss
934 1156 1068 1209 superscr.
1087 1158 1106 1194 a
1122 1157 1151 1205 c,
1169 1145 1267 1196 livellcs
1278 1145 1328 1196 ‹ll-2.

271 1280 362 1327 rentes
385 1288 434 1341 pro
452 1278 526 1327 certa
542 1274 669 1326 mercede
686 1273 729 1325 vel
746 1286 796 1339 pro
833 1274 871 1323 ria
889 1274 1019 1338 oppidum
1035 1276 1062 1323 in
1076 1274 1180 1325 Sabinis
1190 1273 1268 1331 obm.
1287 1288 1360 1325 nunc

269 1354 326 1401 rata
338 1354 484 1415 proventus
495 1352 580 1415 parte,
596 1352 626 1399 ut
634 1350 715 1399 etiam
724 1361 795 1399 nunc
833 1349 908 1399 vicus
925 1342 1067 1399 imminens
1077 1350 1171 1399 aniani
1187 1347 1222 1398 ad
1233 1351 1361 1399 octavum

269 1426 299 1475 fit
324 1424 395 1490 apud
419 1426 513 1487 ltaios,
549 1423 796 1489 quinquepartitum
832 1419 948 1485 lapidem
965 1421 1033 1473 ultra
1044 1422 1126 1472 Tibur
1136 1420 1360 1473 iuvmvalerian

269 1500 367 1550 lloratii
383 1498 510 1551 Sabinum
528 1498 659 1549 colebant.
678 1498 736 1548 lioc
747 1497 797 1559 igi·
833 1498 918 1547 conr.
937 1498 1016 1554 Cano.
1036 1497 1121 1547 llodie
1140 1498 1271 1546 Vtcuoaro.

269 1578 312 1625 tur
338 1574 414 1625 dicit:
442 1576 515 1625 allec
540 1574 630 1625 tamen
656 1571 796 1637 praedium
866 1570 889 1621 l.
903 1573 928 1620 tl.
955 1571 1088 1635 Germ]
1115 1571 1252 1634 «Agedum
1267 1571 1361 1621 videa·

269 1649 311 1699 est
321 1649 400 1700 nimis
413 1649 550 1712 exiguum,
569 1645 797 1710 cuiustepudeat
832 1657 906 1703 mus,
932 1647 1022 1696 utrum
1049 1659 1099 1709 ego
1124 1645 1275 1709 diligentius
1302 1646 1360 1697 aui·

268 1724 427 1789 pigeutque;
454 1724 537 1773 immo
554 1722 673 1787 quinque
692 1718 796 1770 familiis
832 1732 908 1769 mum
926 1732 1019 1770 meum
1036 1722 1104 1772 vitiis
1120 1711 1252 1785 purgem,
1278 1734 1315 1771 au
1331 1723 1359 1769 tu

268 1797 359 1849 liberis
376 1800 420 1859 tu,
439 1796 559 1857 servule,
578 1795 748 1861 praepositus
765 1806 795 1844 es
832 1797 923 1860 spinas
940 1808 974 1845 ex
990 1808 1054 1859 agro
1068 1808 1131 1846 meo
1143 1794 1257 1856 evellas3
1276 1798 1358 1859 atque
1446 1793 1447 1856 ,

269 1873 303 1923 ad
321 1886 414 1923 earum
432 1885 514 1937 opera
532 1870 796 1934 rusticaiuspectan-
832 1872 892 1919 utra
915 1871 984 1920 ratio
1007 1869 1104 1921 melior
1119 1870 1168 1930 sit,
1195 1882 1277 1931 eane,
1305 1882 1358 1932 qua
1446 1865 1447 1938 i

268 1947 303 1997 da
320 1960 351 1996 ac
369 1946 486 2010 regenda
504 1948 531 1995 et
548 1946 583 1995 ad
599 1946 715 1995 rationes
733 1957 796 1995 curu
832 1945 955 2009 meipsa
978 1958 1059 2007 curo,
1086 1945 1160 2009 quod
1179 1944 1214 1995 ad
1229 1946 1359 1994 virtutm

267 2022 309 2073 his
321 2018 554 2085 patribusfamilias
565 2019 724 2083 putandas.»
739 2020 795 2069 Nec
832 2020 936 2081 attinet,
958 2020 986 2071 in
1011 2032 1043 2070 eo
1061 2018 1215 2077 elaborans,
1242 2020 1272 2067 ut
1289 2030 1359 2081 qno-
1446 2085 1447 2088 Ἴ

268 2108 333 2145 vero
350 2094 419 2144 haec
437 2096 556 2158 pugnant
572 2106 634 2144 cum
651 2094 704 2144 Sat.
717 2094 749 2154 2,
768 2094 793 2154 l,
831 2093 895 2144 tidie
922 2093 1019 2145 melior
1042 2106 1074 2145 ao
1097 2091 1262 2157 banquillibr
1283 2093 1357 2154 liam,

269 2168 333 2218 tis:
370 2169 470 2217 accedes
497 2182 592 2230 opera
623 2182 688 2231 cyro
715 2180 796 2217 nouo
832 2172 1064 2232 anea,quatn,
1086 2169 1167 2219 homo
1190 2180 1286 2219 socors
1307 2168 1359 2231 (pi-

267 2240 369 2293 Sabino.
396 2243 500 2293 Etenim
517 2244 545 2292 hi
562 2244 622 2292 octo
634 2244 704 2292 servi
715 2244 794 2292 unice
831 2242 1101 2307 prwnvocatv.29.),
1114 2241 1357 2304 communem,
1446 2245 1447 2308 ᾗ

268 2318 390 2381 occupati
408 2318 485 2367 erant
500 2318 527 2367 in
544 2319 602 2381 ipse
616 2318 716 2367 lloratii
734 2316 794 2367 villa
831 2317 859 2367 id
883 2320 924 2368 est
947 2317 1058 2367 fundum
1082 2316 1223 2378 Sabinum,
1250 2318 1358 2380 praeti-
1446 2325 1447 2378 j

268 2392 406 2456 hortisque
423 2390 607 2442 adiacentibus
624 2394 691 2451 cet.;
714 2394 794 2455 quin·
831 2405 913 2456 puam
924 2391 1078 2442 facultatum
1088 2404 1209 2441 mearam
1220 2392 1357 2455 partomi»

268 2480 320 2530 que
338 2466 423 2517 coloni
436 2480 497 2519 cum
510 2466 613 2517 familiis
629 2479 679 2531 per
690 2468 793 2531 tugiuia
831 2465 913 2518 Simili
930 2467 1129 2531 comparatione
1146 2467 1229 2516 utitur
1239 2465 1358 2517 Velleius

267 2541 419 2593 habitantes
436 2539 555 2606 reliquos
576 2542 634 2597 elus
651 2554 729 2605 agros
747 2554 794 2592 co-
830 2543 861 2603 i,
875 2543 922 2593 68:
941 2544 1015 2606 potor
1030 2543 1068 2592 itti
1085 2544 1127 2606 (ll.
1142 2540 1239 2605 Caelio)
1256 2555 1298 2591 rer
1312 2543 1358 2605 [a-
1446 2549 1447 2584 l

267 2615 366 2667 lebant.
418 2618 557 2667 Portiones
590 2620 681 2667 autem
714 2618 794 2669 totius
830 2617 939 2667 millam
962 2631 1039 2679 quom
1058 2629 1128 2667 meris
1148 2620 1213 2667 crat
1250 2617 1358 2667 llectior
1446 2613 1447 2640 ³

267 2694 340 2745 lundi
356 2696 420 2745 tunc
432 2706 540 2757 quoque
558 2692 659 2744 colonis
675 2691 725 2743 illis
738 2694 794 2744 sin·
830 2692 898 2742 baec
909 2687 1055 2755 ἀντίθεσις
1066 2692 1199 2755 simulque
1209 2689 1357 2756 simplicior
1446 2703 1447 2726 ³

267 2767 333 2832 gulis
365 2767 512 2819 admodum
545 2768 666 2819 modicas
693 2766 793 2817 locatas
829 2768 896 2818 ratio
913 2770 1005 2817 nostra
1021 2768 1127 2817 videtur
1143 2780 1225 2831 quam
1241 2768 1356 2817 Doerin·

267 2856 341 2903 esse,
361 2856 414 2906 quo
432 2842 527 2894 melius
546 2841 708 2902 colerentur.
727 2856 793 2893 sane
830 2844 922 2905 glana:
952 2844 1059 2892 «utmm
1079 2842 1140 2906 plus
1161 2840 1250 2891 valeat
1270 2843 1355 2892 vatim
1446 2839 1447 2904 ᾗ

267 2920 477 2968 cousentaneum
490 2920 545 2978 est,
559 2929 669 2982 prorsus
680 2920 710 2967 ut
721 2930 793 2967 nunc
830 2918 930 2967 Horatii
947 2918 973 2967 iu
988 2916 1149 2981 repellendis
1160 2917 1355 2981 ducendisque
1446 2957 1447 2970 .

266 2990 353 3042 solent
377 2990 433 3039 itali
456 2989 602 3054 locupletes
620 2992 675 3041 suis
692 2989 793 3041 colonis
829 2993 874 3053 iis,
893 3004 963 3055 quae
980 2993 1098 3041 animum
1115 2991 1238 3051 turbant,
1263 3003 1298 3040 au
1314 2992 1356 3040 vis
1446 3025 1447 3062 p

266 3066 301 3129 (α’
327 3064 381 3113 suoi
403 3064 518 3129 maarai).
553 3063 740 3127 Dillenburger
765 3069 793 3114 et
828 3066 886 3127 illa,
905 3079 986 3129 quam
1003 3078 1094 3115 rerum
1106 3065 1291 3115 habendarum
1310 3076 1357 3114 cu-
1446 3097 1447 3126 2

266 3140 383 3189 Diiutzer
407 3142 518 3203 propter
534 3137 623 3189 locum
640 3140 692 3188 Sat.
711 3141 742 3199 2,
761 3140 789 3202 7,
827 3141 951 3205 piditates
968 3153 1102 3204 curaeque
1119 3142 1146 3190 iu
1168 3142 1287 3190 animum
1304 3141 1355 3190 ha·

260 3212 323 3263 lta.
343 3215 371 3262 el
386 3216 496 3278 propter
512 3226 603 3262 venos
620 3212 677 3264 illos
695 3227 792 3275 proco·
828 3216 919 3267 bant.»
935 3243 961 3251 -
974 3215 1068 3278 minos]
1080 3214 1119 3265 ei.
1133 3216 1198 3279 Epp.
1211 3216 1236 3274 2,
1250 3216 1275 3273 2,
1288 3216 1353 3265 2⁴2:

265 3300 304 3338 css
326 3289 378 3337 Sal.
404 3288 433 3349 2,
459 3288 488 3349 6,
510 3288 551 3337 66.
577 3290 641 3338 eatis
669 3290 791 3352 precario
828 3292 894 3353 Quid
910 3296 933 3341 te
949 3294 1066 3352 compta
1080 3291 1153 3339 timot
1167 3289 1355 3352 spinisdaplu·

265 3362 413 3428 explicaut:
442 3362 575 3426 «agellum
592 3361 668 3413 olim
685 3364 791 3414 hubita-
826 3366 897 3415 mbas
911 3365 986 3415 unu?
1010 3367 1077 3414 suut
1093 3366 1171 3428 igitur
1187 3366 1215 3414 et
1231 3365 1293 3415 titia
1310 3364 1353 3414 illu

264 3439 321 3488 tum
338 3438 457 3501 quinque
474 3438 539 3488 iocis
557 3439 585 3487 et
601 3438 718 3501 quinque
740 3451 790 3502 pa·
826 3440 941 3501 ramma,
960 3438 1057 3503 quibus
1074 3452 1103 3490 se
1120 3438 1246 3489 laborare
1257 3452 1355 3489 conce-

264 3512 349 3564 tribus
360 3512 508 3573 familiam»
528 3510 629 3573 olim,
649 3512 675 3562 id
692 3516 742 3573 est,
761 3515 791 3563 ut
827 3514 866 3565 dit
882 3516 935 3564 Sat.
950 3514 1021 3575 t‚3,
1039 3514 1097 3575 20„
1126 3516 1153 3564 et
1169 3527 1253 3564 vanae
1270 3528 1353 3565 curae

265 3589 352 3649 aiunt,
379 3591 440 3639 ante
466 3586 535 3638 bella
561 3586 646 3637 civilia
669 3589 696 3637 el
713 3589 790 3637 anm-
827 3602 860 3638 ac
881 3587 1080 3639 sollicitudines.
1105 3614 1135 3624 -
1158 3588 1273 3652 liodlua]
1304 3590 1354 3639 «lu

264 3674 345 3724 quam
363 3662 460 3713 iuudus
477 3661 519 3712 ille
537 3661 649 3713 Sabinus
671 3663 790 3726 primum
827 3664 1007 3714 enuntiatione
1035 3663 1175 3713 coniuncta
1204 3676 1256 3713 una
1284 3676 1352 3723 vox,

264 3734 410 3786 Maecenati
435 3739 598 3799 assignatus,
628 3736 725 3788 deinde
754 3736 788 3787 ab
827 3738 1354 3803 quaetamenpoteutiaduarumvicem

264 3810 315 3859 boc
344 3812 448 3861 iloratio
477 3812 591 3864 donatus
620 3816 700 3865 esset.
736 3813 789 3864 Sed
826 3816 915 3877 gerat,
928 3813 1030 3863 ratione
1047 3811 1161 3876 duplicis
1174 3811 1291 3863 subiecti
1302 3814 1354 3863 du-

263 3882 332 3933 haec
361 3886 450 3935 omnia
481 3886 552 3937 nullo
576 3900 687 3952 prorsus
713 3901 790 3951 argu·
826 3888 922 3954 plicem
941 3890 1021 3939 etiam
1045 3888 1178 3938 sustinere
1198 3900 1312 3939 sensum
1328 3900 1351 3937 s.

264 3959 355 4007 mento
373 3960 590 4023 comprobantur.
611 3990 637 3999 -
655 3962 726 4027 [oda]
746 3963 789 4011 Sic
827 3964 1045 4027 significationem
1059 3964 1160 4026 potest,
1178 3964 1208 4011 ut
1224 3962 1269 4012 lnlc
1282 3965 1310 4012 et
1325 3963 1352 4012 iu

262 4030 335 4082 Plato
353 4032 431 4096 legg.
449 4036 472 4083 l.
485 4048 511 4099 p.
524 4036 581 4087 sia.
595 4038 641 4087 it:
667 4031 752 4102 ἡμῶν
768 4031 788 4103 ἧ
825 4036 869 4088 illo
880 4036 989 4097 iotlisi,
1004 4036 1049 4087 ⁴3:
1068 4037 1352 4088 samuemrvoetrum

262 4105 357 4167 ἑστία,
381 4106 492 4159 «domus
510 4112 626 4160 nostra.»
646 4111 742 4162 llerod.
763 4111 786 4172 l,
825 4118 909 4162 elnon
923 4112 1069 4162 sedimento
1081 4117 1190 4162 vestra.»
1209 4112 1333 4161 Rmeour.

263 4182 328 4231 ⁴76:
347 4182 380 4232 al
394 4178 425 4233 δὲ
443 4176 610 4250 ὀγδώκοντα
627 4185 716 4237 ἱστίαι
726 4180 789 4237 'irv-
858 4186 914 4236 6-9.
933 4184 1045 4249 Lamiae]
1063 4186 1109 4236 Est
1122 4186 1151 4235 L.
1165 4185 1256 4236 Aelius
1275 4188 1304 4237 1..
1324 4187 1349 4235 l'.

262 4268 318 4313 κον
330 4256 533 4325 ἐκόημέουσαι.
548 4286 577 4297 -
594 4261 704 4325 Varium]
724 4262 789 4311 uva·
824 4262 928 4322 Lamia,
947 4259 1039 4312 consol
1055 4262 1149 4325 postea
1164 4272 1188 4309 a.
1201 4274 1227 4310 u.
1241 4274 1266 4310 c.
1281 4260 1349 4319 7⁶6..
