2925 4892
263 382 326 447 600
621 378 749 429 nomrn
768 376 989 429 nrrsronanurr

305 540 432 617 Quanto
455 534 651 610 commem,
674 543 798 622 quanto
821 531 983 598 molimine
1006 532 1128 598 circum
1141 570 1157 580 -

305 660 496 746 spectemus
518 675 653 722 vacuam
676 654 828 721 Romanis
850 652 978 720 vatibus
1001 652 1133 733 aedem;

304 780 378 845 llos
399 778 511 854 etiam,
535 776 563 842 si
584 774 665 842 forte
686 795 800 853 vacus,
824 793 965 861 sequere
987 784 1021 839 et
1041 772 1153 861 procul
1177 772 1269 847 audi,
1306 775 1344 837 tit

305 898 392 980 Quid
413 897 494 965 ierat
516 907 549 964 et
569 915 673 983 qnare
695 894 757 963 sibi
780 905 888 961 nectat
907 903 1047 981 uterque
1069 914 1234 961 coronam.

326 1097 367 1149 93.
385 1096 482 1147 wesen
495 1094 623 1144 uwiirrtirte
638 1097 733 1156 quotue
750 1092 804 1143 duo
820 1092 950 1143 Torrentii
964 1091 1129 1155 totidemque
1147 1092 1217 1142 Feae
1233 1092 1315 1143 Codd.

297 1198 324 1209 -
343 1171 385 1221 se.
401 1174 479 1221 vacat
493 1166 619 1218 Scbmidii
643 1164 778 1217 secundus
798 1168 825 1215 et
844 1164 886 1215 alii
908 1166 969 1227 (non
990 1165 1089 1228 nostri).
1115 1192 1142 1202 -·
1162 1166 1204 1216 96.
1226 1168 1317 1228 mium]

262 1338 489 1396 Aluslssucrutreu‚
502 1334 598 1385 aedem
607 1334 732 1384 aomnnts
740 1346 788 1382 va·
826 1344 860 1381 na
871 1345 919 1382 sus
933 1332 1065 1382 interdum
1077 1331 1235 1383 recitabant.
1255 1334 1308 1383 Sat.
1320 1336 1349 1393 t.

263 1413 333 1462 tibus
349 1422 471 1459 vacuam.
507 1408 575 1471 Opus
591 1406 655 1458 illud
672 1406 787 1470 intellige
827 1407 873 1465 tt,
895 1406 936 1457 38.

261 1484 304 1537 vel
325 1483 515 1535 bibliothecam
531 1480 657 1546 Apollinis
678 1480 789 1531 Palatini
858 1478 963 1531 sti-98.
991 1480 1095 1543 risorie
1109 1482 1196 1547 sucos]
1224 1483 1266 1533 esi
1288 1481 1352 1533 nihil

262 1555 717 1623 abAugustoconditumvslaedem
724 1556 790 1606 lien
826 1552 897 1605 aliud
909 1552 1003 1615 babes,
1021 1554 1094 1618 quod
1109 1568 1199 1619 agas.»
1214 1584 1241 1593 -
1251 1558 1352 1621 mmet]

262 1634 329 1686 culis
344 1636 483 1686 Alusarnm
499 1630 660 1695 al’bilippo‚
679 1630 789 1693 Augusti
827 1642 876 1679 sex
893 1628 1010 1692 quadam
1027 1627 1165 1691 distantis,
1183 1630 1255 1681 unde
1273 1644 1355 1681 esau-

262 1708 367 1769 ritrico,
380 1708 554 1758 instauratam
565 1708 593 1755 ct
604 1706 788 1755 instructam.»
826 1700 883 1752 dire
901 1716 994 1753 eorum
1011 1704 1264 1755 sermocinationem
1286 1718 1356 1769 pos-

262 1783 315 1833 Sed
338 1780 373 1832 de
394 1778 544 1831 incredibili
561 1780 612 1829 bac
627 1779 788 1841 interpretu—
826 1778 888 1826 sis.»
917 1776 955 1827 Cl.
975 1776 1009 1826 ad
1027 1778 1079 1827 Set.
1093 1778 1122 1840 Ξ,
1138 1778 1167 1839 6,
1181 1780 1239 1829 tue.
1257 1780 1356 1843 sieque

263 1858 334 1907 done
357 1860 385 1906 et
406 1868 493 1919 aeque
510 1855 578 1905 mira
594 1852 789 1918 paradiortbosi
827 1852 883 1902 Liv.
896 1852 922 1911 ἲ,
935 1851 960 1909 6,
973 1852 1000 1899 l:
1018 1852 1114 1912 Aruns,
1126 1852 1170 1902 ubi
1180 1866 1214 1903 ess
1225 1854 1357 1903 lictoribus

262 1932 364 1995 inspice
373 1929 547 1980 Schmidium.
560 1928 676 1991 quetis]
686 1926 790 1976 Ridicu-
822 1924 913 1985 promel
947 1923 1126 1986 (recentiores
1159 1927 1354 1990 scripsissent:

263 2004 316 2055 lam
327 2005 398 2054 banc
408 2004 551 2065 imaginem
563 2002 696 2065 expingit:
719 2000 789 2062 «Ego
825 1999 895 2047 houd
905 1998 943 2046 ito
950 1998 1050 2063 procrst)
1059 2000 1183 2050 corsuum
1191 2014 1251 2061 esse,
1264 2002 1359 2052 deinde

262 2079 363 2143 lyricus
386 2079 414 2127 et
436 2076 504 2127 niter
520 2074 658 2138 elegorum
675 2076 791 2139 scriptor
826 2074 879 2123 iem
892 2073 999 2135 propius
1015 2086 1046 2123 nc
1062 2076 1153 2125 certius
1172 2074 1239 2137 socie
1255 2090 1360 2138 quoqne

263 2151 347 2202 multo
368 2164 430 2201 cnm
452 2150 521 2200 tastu
539 2152 567 2199 et
586 2150 684 2199 eximia
700 2150 791 2211 grovi—
826 2148 934 2197 lindum
949 2150 1064 2211 cognouit
1081 2151 1132 2199 col.
1149 2178 1174 2185 —
1195 2152 1260 2212 Quid
1274 2152 1357 2214 swas]

263 2228 332 2286 tate,
353 2236 422 2287 quas
439 2220 512 2272 voltu
529 2226 660 2285 gestuque
677 2234 708 2272 se
724 2234 790 2287 pro·
828 2222 916 2281 «Quid
941 2220 1072 2285 prolerat;
1099 2222 1196 2285 quibus
1213 2225 1302 2275 verbis
1327 2230 1358 2275 et

262 2298 312 2358 dit,
340 2297 490 2347 incedimus
514 2308 566 2359 per
587 2294 703 2359 plateam
726 2297 788 2344 ante
828 2308 880 2359 quo
898 2296 950 2346 tine
967 2294 1034 2346 alter
1055 2294 1161 2347 ulterius
1178 2298 1358 2361 praeconium

262 2370 391 2435 templum
401 2369 529 2436 Apollinis
540 2369 658 2431 Palatini,
671 2371 713 2419 cui
725 2382 790 2420 con·
827 2370 929 2419 iaciat.»
950 2397 976 2408 -
997 2371 1213 2434 decessorem]
1239 2375 1358 2423 Prover-

262 2449 333 2511 tigua
351 2450 393 2497 est
409 2444 570 2497 bibliotheca
585 2445 691 2511 publica
711 2445 786 2508 (Epp.
827 2444 901 2495 bium
919 2446 990 2510 apud
1008 2444 1095 2495 Sobel.
1114 2446 1220 2496 Aristid.
1234 2448 1356 2499 Fromrn.

261 2524 287 2583 2,
301 2519 789 2584 i,ild),asservandisoptimisqui-
826 2532 886 2583 pag.
908 2519 969 2569 tat:
996 2516 1048 2571 τὸν
1069 2516 1176 2584 §dossa
1198 2514 1356 2584 ἀντιξύειν.

262 2597 369 2660 busque
386 2597 492 2660 scriptis
508 2595 605 2646 Latinis
622 2594 657 2644 ub
669 2597 788 2658 Augusto
827 2593 915 2643 eAdeo
932 2595 1067 2645 certemus
1078 2594 1104 2645 in
1116 2596 1215 2647 mutuis
1227 2594 1357 2647 laudibus

262 2671 403 2721 destinata.
434 2672 462 2720 ln
474 2670 544 2719 benc
555 2670 634 2733 igitur
644 2682 694 2719 nos
705 2668 787 2735 ambo
825 2668 1006 2732 proterendis,
1025 2672 1055 2720 ut
1067 2672 1152 2721 totum
1164 2673 1300 2722 certamen
1313 2672 1358 2722 si-

262 2744 374 2808 cnptdos
390 2742 482 2794 oculos
494 2744 660 2803 centisimus,
678 2754 789 2807 speran-
826 2740 887 2793 mile
905 2744 939 2793 sit
955 2742 1130 2807 gladiatorum
1146 2757 1251 2809 pugnae
1269 2747 1294 2795 in
1312 2746 1358 2796 di-

263 2823 305 2869 tes
315 2830 378 2869 mox
389 2817 455 2877 lore,
469 2820 498 2867 nt
512 2820 601 2868 nostra
613 2828 789 2880 quoquecur·
825 2816 886 2867 vitis
904 2815 1014 2868 alicuius
1032 2816 1126 2881 epulis.
1156 2820 1210 2881 Ego
1228 2822 1254 2869 et
1265 2832 1357 2871 novus

263 2893 334 2941 mina
352 2894 379 2942 in
396 2904 457 2940 eum
468 2892 656 2954 recipiantur.»
675 2892 730 2941 iloc
743 2903 789 2940 au·
826 2889 867 2940 ille
878 2889 1056 2941 Callimachus
1064 2904 1157 2943 sumus
1166 2890 1239 2943 velut
1246 2894 1357 2944 Samni-

262 2970 317 3015 tem
343 2977 393 3029 par
416 2963 509 3027 procul
532 2964 671 3028 adspicere
695 2964 788 3015 Florus
825 2965 891 3014 tium
907 2978 971 3029 par;
990 2964 1084 3017 laudes
1100 2964 1200 3017 similes
1217 2970 1357 3019 suntcre-

263 3036 371 3087 iubetur
381 3036 424 3085 vel
435 3037 524 3100 potius
536 3037 650 3099 tingitur.
667 3066 693 3075 -
708 3052 789 3100 quae·
824 3038 881 3089 bris
895 3037 943 3089 illis
960 3038 1058 3104 plagis,
1076 3054 1143 3104 quas
1155 3044 1268 3104 uterque
1279 3044 1356 3092 scei-

262 3116 288 3159 to
307 3109 441 3172 molimine]
460 3111 526 3158 «mit
546 3111 654 3160 webtee
672 3113 789 3161 Uorstdn-
825 3114 877 3177 pit,
895 3117 1009 3178 uterque
1024 3114 1127 3175 reddit,
1144 3118 1226 3179 utque
1238 3118 1271 3166 its
1283 3115 1355 3167 alte-

263 3187 318 3247 des,
330 3185 377 3234 snit
384 3184 491 3233 member
501 3185 657 3248 Wicitigiseit
668 3185 786 3247 Sobmid,
826 3202 900 3249 rum,
920 3191 996 3253 quasi
1013 3189 1196 3241 adversarium
1218 3192 1244 3242 in
1261 3204 1354 3256 pugne

261 3261 311 3310 wie
325 3259 504 3309 senstoedsuoil
519 3260 649 3311 Passuri.»
679 3261 736 3310 Vox
748 3264 790 3311 est
826 3262 926 3313 ludicre
939 3264 1074 3325 consumit,
1093 3264 1186 3327 idest,
1200 3265 1353 3331 defatigat.»

262 3333 319 3385 lere
344 3333 466 3397 poetica,
498 3346 611 3383 numero
635 3334 702 3397 sing.
724 3348 788 3385 casu
826 3338 972 3400 Quousque
988 3337 1039 3387 boe
1057 3337 1190 3390 ludicrum
1205 3340 1354 3404 degenera-

262 3414 366 3462 tuntnm
383 3408 463 3460 ubist.
483 3408 571 3458 adbuc
588 3412 711 3473 reperta,
730 3412 789 3461 tum
827 3412 908 3472 verit,
936 3411 1034 3462 indicat
1053 3412 1130 3463 Silius
1148 3416 1193 3475 tt,
1213 3417 1256 3466 et:
1286 3418 1354 3478 ossis

262 3485 330 3550 plur.
348 3484 487 3533 molimine
519 3506 546 3518 ·-
576 3484 789 3546 eirenen-Specte-
825 3484 902 3535 etium
917 3486 1063 3537 emisiiorure
1078 3488 1354 3542 virisemviuiocoede

262 3560 327 3620 mus]
345 3560 413 3610 sUna
431 3570 494 3621 pers
508 3558 634 3609 orationis
646 3561 688 3609 est
703 3559 788 3610 divisa
826 3560 882 3609 Alos
897 3560 957 3609 oiim
973 3565 996 3610 et
1008 3561 1112 3611 miscere
1122 3562 1354 3626 epuiisspeetuesin

263 3635 290 3683 in
307 3631 375 3681 duos
390 3644 486 3683 versus
505 3630 594 3682 Lucilii
612 3644 687 3681 mors
705 3634 734 3683 et
744 3646 790 3683 en·
827 3634 887 3683 diro
903 3634 1048 3685 Certuotum
1057 3635 1142 3698 serem
1159 3644 1267 3699 saepest
1278 3652 1355 3701 suaper

263 3706 363 3768 tique.»
381 3705 506 3755 Possem.
533 3704 608 3769 (Nulli
626 3706 679 3755 ism
696 3718 790 3770 super·
826 3708 883 3771 ipso
898 3710 1030 3759 cadentum
1046 3710 1149 3772 Pocula,
1167 3714 1288 3775 respersis
1303 3728 1355 3763 sos

264 3781 326 3829 sunt
337 3776 416 3828 buius
424 3780 531 3841 generis
539 3791 634 3831 uersus
644 3780 789 3843 Luciliani.)
824 3795 905 3844 porco
921 3784 1043 3847 sanguise
1057 3786 1200 3835 usensis-
1219 3788 1297 3839 Leito
1313 3816 1327 3826 -
1339 3816 1354 3827 -

266 3850 461 3912 ct.sat.t‚s,
481 3853 699 3918 tiz—uacuum]
718 3855 790 3905 «iam
828 3855 916 3919 duello]
936 3857 1354 3927 ct.Epp.t‚s‚r,-ssmtus1

265 3926 403 3990 patentem
424 3929 452 3975 et
473 3939 521 3977 eos
537 3930 613 3991 qussi
630 3932 791 3993 exspectan·
829 3930 958 3991 Liviusll,
976 3931 1022 3983 to:
1049 3932 1172 3995 cuipam
1188 3934 1221 3984 ab
1237 3938 1357 4000 superbio

210 4037 214 4042 .
247 4004 347 4049 tem.»
370 4026 397 4035 -
424 4000 524 4064 mdem]
550 4002 633 4066 Supra
659 4003 789 4065 exposui:
828 4008 851 4053 et
867 4006 924 4055 odio
938 4006 1091 4057 &muitium
1106 4008 1270 4073 gladiatores,
1288 4014 1358 4075 qnod

264 4073 308 4124 elii
325 4074 414 4125 minus
430 4076 520 4134 recte,
546 4078 575 4124 nt
594 4077 658 4127 mibi
674 4075 790 4137 ridetur,
827 4080 1173 4145 pentemimerim
1183 4090 1252 4145 mot,
1269 4098 1357 4135 soor·

265 4148 400 4212 occipiunt
423 4148 458 4198 da
482 4148 550 4200 aads
569 4150 718 4212 linearum,
745 4150 791 4201 ubi
828 4158 891 4202 notu
908 4156 970 4217 (quo
982 4155 1113 4208 Samnites
1124 4156 1358 4211 devictisltoma-

267 4224 361 4285 poetae
388 4224 523 4273 certantes
545 4224 614 4273 inter
637 4237 667 4274 se
693 4226 792 4276 curmi-
829 4228 869 4277 uis
892 4229 969 4277 erunt
991 4229 1042 4293 usi)
1068 4237 1204 4281 musnet
1223 4232 1357 4285 Semet-
