2925 4892
535 335 595 386 nis.
615 333 634 384 l.
669 335 769 386 Beier.
786 337 819 386 ll.

178 491 333 578 lmperat;
355 487 442 556 hunc
462 489 577 568 irenis,
600 465 686 558 hunc
708 500 742 558 tu
763 510 937 578 compesce
958 502 1081 561 catena.

176 611 281 700 Fingit
302 631 425 699 equum
446 621 559 679 tenera
581 610 719 680 docilem
741 613 871 680 cervice
892 615 1046 702 magister

176 735 226 800 lre
247 733 350 810 viam,
375 754 440 824 qua
462 743 620 801 monstret
640 754 759 822 eques;
781 735 965 814 venaticus,
989 757 1030 802 ex
1049 757 1116 825 quo
1180 739 1223 803 45

172 857 332 942 Tempore
353 854 517 922 cervinam
539 854 658 943 pellem
679 855 805 923 latravit
825 856 858 922 in
880 856 970 934 aula,

173 976 285 1043 Militat
307 975 340 1042 in
362 974 452 1042 silvis
475 975 610 1044 catulus.
656 979 748 1044 Nunc
769 976 887 1046 adhibe
909 999 993 1066 puro

160 1149 208 1209 nt,
234 1161 287 1210 quc
310 1147 652 1210 4444444440,144,44444
676 1160 728 1210 quo
752 1153 871 1199 monstret
892 1148 1026 1201 Bentleius
1046 1149 1110 1216 (qud
1126 1165 1189 1202 curn

161 1223 262 1274 Codice
280 1223 418 1285 petrensi),
436 1221 459 1272 J.
479 1248 505 1259 -
525 1222 566 1273 66.
584 1222 707 1272 4444444444
723 1222 808 1274 Codd.
828 1223 929 1290 aliquot
950 1225 1027 1276 Fece.
1058 1227 1099 1289 (Ut
1122 1239 1186 1288 nos,

162 1297 252 1348 nostri
270 1297 298 1346 et
314 1296 430 1348 Pettierii
447 1295 564 1359 omnes.)
584 1324 612 1334 -
632 1295 672 1348 44.
691 1297 780 1348 44444444
796 1297 824 1348 b.

129 1437 172 1501 44]
190 1438 223 1486 44
243 1449 341 1488 canem
359 1436 418 1500 (444
434 1449 579 1498 sernum,-
598 1449 657 1488 me·
695 1437 793 1488 cadem
818 1439 1029 1500 constructione,
1057 1453 1109 1504 qua
1134 1441 1219 1505 Epod.

128 1510 180 1562 volt
209 1511 345 1570 nonum
374 1511 420 1574 qni
449 1511 537 1561 minus
566 1511 655 1562 tamen
694 1513 722 1574 4,
742 1513 787 1562 57:
805 1513 949 1563 4444444444
965 1513 1222 1566 honestiorum

129 1586 260 1636 concinne
273 1595 336 1635 cnm
354 1597 425 1648 equo
436 1585 609 1649 iungeretur).
625 1611 654 1623 -
693 1600 776 1638 444444.
804 1589 885 1638 Pauci
896 1589 965 1638 Fene
978 1587 1062 1639 Codd.
1075 1602 1220 1654 perperam

127 1661 209 1725 flnpit
226 1658 330 1723 444444]
347 1659 463 1710 «Verum
481 1659 504 1710 si
524 1659 657 1724 cupidita·
693 1660 829 1723 444444444,
842 1660 944 1724 nullus,
958 1662 1031 1726 qnod
1042 1665 1142 1724 sciam,
1155 1663 1219 1713 nlic-

127 1739 165 1786 tes
176 1733 401 1798 voluptatemque
413 1735 590 1799 temperentia
601 1735 657 1787 ire·
693 1737 779 1786 444444.
789 1761 818 1772 -
829 1735 899 1800 44444]
913 1738 1050 1788 honestius
1058 1736 1220 1789 vocabulum

126 1824 189 1862 nare
209 1809 258 1859 tibi
281 1809 449 1874 propositum
470 1811 524 1871 est,
548 1810 604 1871 lec,
627 1813 657 1861 nt
693 1813 826 1860 Graecum
843 1824 893 1876 pro
909 1812 1002 1862 Latino
1019 1811 1117 1874 444444,
1136 1818 1218 1875 corte,

127 1887 245 1945 mature,
264 1884 348 1934 immo
358 1885 461 1945 stetim,
475 1882 540 1934 durn
552 1884 655 1936 invenis
693 1883 752 1934 loco
761 1887 868 1950 saepto,
881 1885 908 1935 in
921 1898 975 1949 qun
986 1887 1103 1937 cuiusvis
1114 1887 1220 1950 generis

127 1973 166 2022 es,
185 1959 261 2010 hanc
268 1953 414 2028 κάθαρσιν
425 1957 549 2022 incipies,
562 1971 656 2022 quem-
692 1960 816 2012 animalia
833 1959 986 2023 alebantur,
1005 1974 1088 2012 canes
1104 1962 1218 2012 venatici

126 2033 275 2084 admodum
284 2028 654 2100 moptsisrummdapdomt,
693 2037 773 2086 etism
782 2035 985 2086 exercebuntur.
1003 2037 1107 2087 Gratius
1116 2037 1217 2101 Cyneg.

125 2108 250 2170 domitor)
270 2120 370 2171 equum
387 2109 480 2174 primis
498 2109 552 2160 lem
568 2110 653 2171 44444,
693 2111 757 2160 464ι
776 2111 826 2161 Sed
838 2124 961 2174 praeceps
977 2112 1058 2161 4444444
1073 2111 1131 2174 ipsu
1140 2123 1220 2161 4444-

126 2184 189 2236 dnm
207 2183 305 2235 docilis
314 2187 368 2245 est,
385 2184 459 2248 1444444
468 2185 506 2236 ire
515 2184 575 2248 (aad
587 2198 656 2236 eun·
692 2184 760 2235 444444·
775 2185 845 2235 nutu.
866 2213 894 2222 -
913 2185 1016 2251 Militat]
1037 2184 1122 2236 «ieras
1133 2187 1220 2236 secta·

125 2261 226 2324 dum-J,
253 2259 351 2310 «docet
371 2259 473 2323 ingredi
495 2261 581 2310 viem»
601 2263 652 2312 cet.
692 2261 766 2320 turp»
783 2260 916 2324 trequenti
933 2262 1132 2325 comparatione
1149 2261 1220 2311 inter

125 2335 277 2400 Ftnpereh.
296 2332 470 2397 informare,
489 2336 652 2386 instituere.»
692 2335 863 2385 venationem
886 2337 915 2385 et
938 2333 1068 2386 militiam.
1110 2334 1163 2386 Cir.
1183 2333 1218 2385 ad
1242 2388 1244 2395 ,

124 2410 163 2460 Ad
179 2421 242 2460 rem
260 2407 295 2460 cf.
316 2409 388 2473 Virg.
412 2411 506 2474 Georg.
528 2409 558 2473 3,
586 2409 650 2460 490:
691 2409 745 2460 Set.
758 2411 787 2470 4,
806 2411 835 2472 4,
855 2410 906 2471 444.Ι
925 2408 972 2458 uhi
988 2409 1158 2460 venationem
1169 2423 1219 2460 vo-

123 2485 153 2535 44
175 2483 259 2534 tribue
281 2485 378 2533 4444444
399 2483 442 2534 444
465 2489 559 2546 quorun
581 2497 654 2536 ncce-
691 2487 735 2535 cat
750 2486 893 2535 4444444444
910 2485 1036 2534 4444444444.
1063 2484 1137 2534 ovid.
1155 2486 1216 2536 liet.

120 2560 188 2622 perit
202 2565 301 2620 444444,
320 2557 429 2621 Corpore
440 2573 501 2610 44444
512 2573 605 2623 444444
616 2561 655 2610 44-
691 2561 716 2622 4,
727 2558 785 2610 444.
796 2558 830 2609 de
840 2559 988 2609 venatrice:
1000 2558 1135 2609 4444444444
1144 2559 1219 2609 Ptoo-

123 2635 201 2697 cipiet
228 2632 341 2698 (equus)
367 2633 537 2698 pradibtcscue
563 2647 655 2685 4444444
691 2634 739 2685 bos.
761 2659 788 2671 -
811 2633 965 2685 Admodum
989 2631 1081 2683 similis
1106 2645 1218 2696 compa-

124 2709 273 2772 compnn'tis
283 2711 334 2758 cet.
352 2708 511 2772 Exquisitior
521 2707 600 2761 lectio
613 2712 655 2760 est
691 2710 759 2760 rutio
782 2721 914 2772 equorum
938 2710 966 2758 et
990 2720 1087 2758 canum
1111 2710 1217 2758 mature

122 2797 188 2847 444,
208 2796 274 2834 nam
291 2781 391 2834 librarii
408 2781 511 2835 lucilius
528 2797 561 2834 eo
578 2783 654 2834 indu·
690 2785 725 2835 ad
751 2796 831 2835 suum
855 2795 924 2846 opus
949 2781 1151 2833 immundorum
1176 2784 1219 2832 est

123 2859 271 2920 cenentur,
294 2859 324 2908 ut
345 2859 397 2908 hoc
413 2872 440 2908 v.
461 2859 653 2909 accommoda·
691 2860 764 2926 apud
786 2858 908 2923 Xenoph.
930 2859 1009 2909 niem.
1028 2857 1057 2919 4,
1080 2858 1110 2918 4,
1135 2857 1159 2907 3.
1187 2885 1214 2894 -

123 2938 183 2986 rent
199 2933 238 2985 ad
253 2934 437 2999 praecedens,
455 2946 538 2997 quem
550 2937 651 2986 contre.
690 2938 764 2986 Nunc
775 2962 789 2973 -
800 2960 815 2971 -
825 2934 900 2998 4444]
913 2935 982 2984 Cum
993 2934 1019 2982 vi
1030 2933 1161 2997 repetitur
1171 2931 1217 2984 ad-

123 3013 176 3062 4444.
190 3010 239 3068 34,
254 3009 297 3058 tt:
317 3009 411 3060 Pedites
422 3008 523 3072 (iubet),
537 3023 588 3073 quc
599 3011 653 3060 4444
690 3011 813 3061 verbium
841 3020 970 3073 praesens
998 3010 1105 3072 ternpus
1129 3007 1216 3058 deno-

122 3084 371 3145 44444444444444444,
390 3085 436 3134 ire.
466 3086 578 3148 Propter
590 3099 652 3136 cae-
691 3089 763 3136 tens:
783 3083 864 3142 444444,
883 3096 994 3148 qneeso,
1012 3083 1065 3132 hoc
1080 3083 1215 3147 inceptum

124 3174 218 3212 suram
236 3160 329 3209 autem
346 3159 425 3222 lungo
441 3159 483 3208 444
497 3160 581 3222 44444,
602 3174 653 3223 pua
691 3159 812 3211 differre:
826 3156 1071 3222 mgitirreperabile
1082 3161 1214 3222 tempus.-

123 3239 245 3286 monstret
255 3233 344 3298 potius
357 3235 504 3297 quemire,
521 3235 653 3298 viamque
691 3261 720 3272 -
747 3234 835 3285 4444444
859 3233 921 3297 cet]
947 3233 1033 3283 «dum
1059 3231 1216 3284 adolescens

122 3315 252 3362 memmi.
282 3308 352 3371 virg.
366 3309 432 3359 Aen.
446 3309 474 3368 6,
495 3309 556 3359 4444
584 3311 654 3372 lique
691 3323 731 3372 es,
763 3309 831 3359 liber
855 3308 944 3358 adhuc
969 3320 984 3356 a
1009 3307 1092 3367 vitiis,
1122 3305 1215 3356 libenti

122 3387 236 3446 reditum
252 3383 332 3432 44444.
361 3384 480 3447 Propert.
503 3385 533 3444 4,
558 3385 587 3446 4,
605 3385 649 3434 36:
691 3385 781 3435 nnimo
792 3382 938 3448 supientiae
950 3381 1095 3444 praecepta
1107 3377 1215 3430 anscul-

124 3461 190 3524 4444,
209 3458 254 3508 444
272 3458 378 3508 Fidenas
389 3458 462 3522 tonpc
472 3464 528 3508 4444
539 3460 576 3508 ire
586 3461 650 3510 vtes.
692 3465 744 3512 te.»
761 3463 851 3523 imago
859 3457 995 3520 frequens,
1006 3455 1086 3506 etiam
1097 3455 1124 3505 44
1133 3467 1214 3518 prosa

153 3534 246 3585 45-48.
274 3533 426 3583 4444444444-
438 3533 569 3599 -44444444
583 3549 652 3599 «quo
690 3537 825 3594 oratione,
844 3544 926 3597 quam
937 3528 1068 3591 nonnulli,
1086 3532 1117 3580 ut
1127 3529 1215 3580 Obba·

124 3607 269 3674 eliquando
290 3607 325 3658 ad
346 3609 475 3659 venatum
491 3611 530 3660 uti
552 3611 652 3660 consti·
690 3611 759 3670 rins,
777 3623 793 3659 a
810 3607 870 3658 lanu
882 3605 1007 3669 tingende
1019 3605 1154 3669 repetunt.
1173 3604 1212 3654 Ci.

125 3687 171 3735 tuit
193 3683 347 3734 domiuus.»
379 3683 537 3735 Subiectum
559 3687 651 3736 contra
689 3688 780 3735 tamen
798 3684 852 3734 Cic.
866 3681 901 3732 de
919 3681 991 3732 Finn.
1005 3680 1033 3741 3,
1051 3681 1081 3739 4,
1100 3679 1130 3730 9;
1148 3692 1215 3729 4444-

126 3773 203 3812 usum
231 3758 380 3822 linguarum
406 3761 588 3811 recentiorum
617 3760 651 3810 ad
688 3760 856 3810 4444444444.
885 3756 1095 3819 044.4,43,34ε
1114 3756 1215 3820 44449444

124 3836 259 3899 posterius
276 3827 371 3884 κῶλον
390 3833 511 3885 relatum.
542 3834 581 3886 ci.
600 3835 648 3886 od.
688 3840 712 3885 44
728 3839 831 3885 exacos
846 3839 968 3895 44444444
978 3833 1090 3882 44444444
1105 3831 1216 3880 4444444

125 3909 152 3972 3,
169 3909 218 3970 44,
237 3909 279 3959 34.
304 3934 333 3945 -
357 3910 487 3960 4444444444
505 3909 604 3974 pellem]
621 3911 650 3960 ln
689 3909 749 3959 44444
764 3908 940 3972 4444444444.
969 3908 1033 3957 Stet.
1052 3905 1113 3957 Silv.
1132 3908 1162 3967 4,
1179 3907 1211 3966 4,

125 3983 223 4048 pellem
239 3983 368 4034 stramine
385 3981 427 4034 vel
446 3997 541 4035 musco
560 3983 650 4050 reple·
688 3985 735 4036 ὅθι
754 3984 814 4034 Bibe
824 3984 889 4033 44444
901 3983 991 4046 pronis
1002 3981 1118 4032 4444444.
1148 3983 1210 4031 Sen

126 4062 179 4110 tem
196 4059 225 4109 et
241 4055 276 4108 ad
292 4057 345 4108 vivi
362 4059 434 4108 cervi
449 4057 650 4110 similitudinem
688 4061 771 4124 Epist
785 4059 870 4120 344·
885 4058 1015 4121 perdidere
1030 4056 1146 4108 4444444444
1161 4061 1213 4104 444-

126 4131 292 4197 aliquetenus
314 4131 465 4184 reficiam
458 4145 511 4184 rem
533 4131 670 4236 catulla
688 4136 740 4184 444.
770 4134 851 4185 Tacit.
871 4132 937 4184 Dial
955 4133 1002 4185 48ι
1029 4132 1056 4182 u
1076 4129 1211 4192 (studium)

126 4209 256 4272 magistris
278 4207 513 4259 incitabantur-
538 4177 670 4273 tctrcett]l
687 4209 832 4260 msieermm
853 4209 976 4259 44444444,
1011 4206 1059 4256 Vix
1081 4217 1149 4269 opus
1172 4208 1214 4255 est
