2925 4892
264 383 326 448 434
628 380 759 431 nonnuli
774 378 997 430 Errsroutuuu

306 539 421 606 imbuti
445 546 605 626 spectent:
630 535 709 624 quid
732 555 851 603 censes
873 553 1009 600 munera
1030 542 1153 610 terrae,
1337 534 1355 594 5

308 662 393 743 Quid
416 661 513 726 maris
536 670 699 725 extremos
721 655 845 723 Arabas
868 654 997 720 ditantis
1020 664 1054 721 et
1075 654 1187 730 Indos,

307 783 446 851 Ludiora
469 781 564 870 quid,
588 779 722 868 plausus
746 789 780 845 et
801 777 894 845 amici
918 776 1004 843 dona
1026 776 1175 856 Quiritis,

308 908 380 986 Quo
404 903 582 992 spectanda
603 901 715 980 modo,
742 921 809 988 quo
831 920 931 966 sensu
954 897 1062 965 credis
1084 907 1117 964 et
1138 898 1222 964 ore?

310 1029 373 1109 Qui
396 1027 486 1094 timet
506 1024 556 1090 bis
580 1023 731 1100 adversa,
756 1022 824 1088 lere
846 1022 981 1086 miratur
1003 1019 1137 1095 eodem,

332 1200 382 1250 ΕΡ.
401 1198 443 1248 Vl.
462 1198 486 1246 5.
505 1200 616 1258 spacioni
633 1193 710 1254 Ed,F.
732 1192 772 1254 (lit
783 1204 847 1252 nos,
865 1190 936 1255 bScp
954 1193 983 1240 et
999 1191 1129 1251 Pottierii,
1146 1189 1327 1252 quemadmo-

303 1273 368 1323 dum
391 1271 509 1331 vidatur,
536 1268 649 1330 omnes.)
675 1294 702 1304 -
726 1269 751 1318 8.
774 1265 862 1329 credis]
884 1266 967 1315 cordis
985 1265 1013 1314 b.
1033 1291 1060 1301 —
1084 1266 1125 1314 lo.
1143 1264 1244 1326 attioris
1260 1266 1327 1316 Ven.

303 1347 389 1406 ⁴48⁴„
402 1345 459 1396 Ald.
473 1370 500 1380 -
513 1345 553 1394 lt.
567 1348 665 1394 caecet
678 1340 823 1392 Marklandi
835 1341 904 1391 coni.
916 1342 1024 1404 reperta
1035 1341 1129 1404 postea
1141 1339 1166 1388 iu
1178 1340 1247 1388 Feae
1260 1339 1326 1390 Cod.

301 1487 357 1537 5-8,
383 1483 619 1548 quidecasemi]
640 1480 796 1533 «Multomi-
834 1483 914 1530 oret»
940 1509 968 1516 -
993 1492 1101 1529 maoorc
1124 1479 1221 1540 turae]
1247 1492 1359 1538 aurum,

269 1576 319 1612 nus
338 1562 418 1610 etiam
436 1560 544 1622 sapiens
562 1571 606 1618 ea,
626 1570 695 1620 quae
707 1557 798 1606 statim
833 1558 987 1618 argentum,
1006 1567 1134 1604 marmor.
1149 1580 1178 1588 -
1197 1555 1288 1618 moris]
1300 1567 1361 1604 mu-

268 1636 415 1696 mcmorat,
436 1632 504 1684 solet
515 1631 667 1683 admirari.»
686 1630 727 1680 Ad
739 1643 798 1680 seu·
834 1643 913 1690 nera,
943 1629 1114 1691 margaritas,
1143 1641 1299 1693 purpuram
1331 1655 1358 1664 -

269 1711 368 1760 tentiae
378 1707 615 1759 conformationem
626 1705 672 1755 clr.
683 1705 738 1755 Cio.
748 1716 798 1767 pro
834 1705 968 1766 extremos]
980 1706 1010 1753 ut
1020 1703 1069 1753 Od.
1083 1703 1113 1764 l,
1132 1702 1178 1764 35,
1196 1703 1244 1752 29:
1262 1704 1362 1752 ultimos

270 1787 295 1834 S.
310 1786 404 1836 Roscio
418 1785 461 1842 il,
482 1782 527 1833 ia:
556 1781 621 1844 Quid
636 1792 718 1830 cerusa
733 1779 798 1828 bunc
835 1781 908 1830 Orbis
922 1781 1067 1830 Batauum.
1097 1779 1239 1828 Praeterea
1257 1776 1292 1827 cl.
1312 1778 1361 1828 0d.

268 1861 350 1920 iprum
372 1860 434 1908 Sex.
451 1858 579 1917 ltosoium,
606 1869 655 1917 quo
678 1853 799 1903 studiosi
835 1855 864 1915 3,
877 1853 923 1915 ti,
938 1855 967 1905 t:
985 1853 1088 1904 Intactis
1098 1853 1240 1914 euidentior
1258 1853 1364 1902 moad

270 1947 322 1996 quo
344 1933 507 1997 intellipentia
527 1944 577 1980 esse
597 1932 624 1980 in
640 1929 740 1979 misticis
756 1940 799 1977 rc-
833 1928 1028 1978 sisArobumet
1044 1928 1127 1976 dictis
1143 1927 1237 1976 Indiae.
1266 1928 1363 1990 (Paene

271 2006 336 2057 bus?
354 2007 388 2056 de
406 2005 464 2069 lege
483 2018 537 2068 agr.
551 2006 580 2066 2,
601 2005 641 2064 t'l,
660 2002 706 2054 tu:
735 2002 800 2064 Quid
834 2001 991 2054 incredibile
1009 2005 1052 2052 est
1067 1999 1132 2052 alios
1149 2003 1279 2052 iunxisse:
1303 2015 1364 2052 mc-

271 2082 384 2140 ceasctis,
399 2107 413 2116 -
425 2093 499 2141 -quo
512 2077 626 2140 periculo
636 2077 743 2128 misem
753 2090 799 2126 aa·
834 2081 872 2130 ris
886 2084 1022 2139 evirantur,
1040 2072 1185 2140 ἐσχάτους
1196 2073 1362 2142 θαλάσσης,

270 2157 348 2206 tiones
370 2152 490 2218 sumas?
515 2150 669 2212 de0l1.2‚
695 2153 724 2212 i,
751 2153 796 2201 25:
836 2153 915 2205 alios:
937 2154 1017 2204 maus
1033 2152 1145 2214 ludicro,
1165 2155 1194 2202 ut
1209 2153 1293 2203 Voss:
1311 2153 1365 2202 des

272 2229 338 2293 Quid
354 2229 420 2278 carim
436 2225 798 2286 caucasus-Dionysium,
835 2231 950 2280 Macros
976 2227 1162 2291 Spiritaad.)
1188 2255 1215 2263 —
1238 2228 1362 2289 Ludicra]

271 2319 321 2368 quo
343 2303 459 2352 armatu
481 2302 578 2351 timoris
595 2301 656 2363 aaut
679 2298 800 2349 solitum?
837 2299 928 2352 «ludos
944 2299 1084 2365 publicos,
1104 2302 1246 2352 Circenses
1262 2304 1291 2351 et
1307 2300 1366 2364 gla-

271 2378 351 2430 Solita
370 2379 411 2428 est
431 2377 510 2440 igitur
526 2373 727 2427 consuetudinis
745 2374 799 2424 tor·
836 2377 993 2436 diatonos»,
1011 2377 1042 2424 ut
1061 2389 1144 2439 saepe
1160 2374 1233 2440 apud
1250 2377 1364 2426 Livium.

273 2452 359 2514 mula,
379 2464 432 2515 qua
445 2453 483 2514 ei,
498 2465 531 2501 en
543 2463 596 2514 quo
608 2449 707 2514 aliquid
719 2461 801 2513 quae—
837 2451 890 2500 Cir.
912 2449 1072 2500 Doederlein
1096 2450 1191 2510 synon
1216 2451 1247 2500 ll.
1270 2464 1298 2514 p.
1320 2451 1363 2500 3t.

272 2529 368 2588 rimus,
396 2528 483 2578 acrius
503 2527 645 2586 instamus,
673 2525 800 2588 quamsi
836 2524 1012 2588 cogitandum
1035 2525 1126 2574 autem
1147 2538 1200 2575 uon
1223 2521 1311 2575 solum
1329 2525 1366 2575 de

271 2617 297 2652 v.
309 2616 332 2652 e.
345 2601 495 2664 languidius
507 2601 546 2652 sic
558 2600 797 2662 interrogaremus:
836 2613 942 2650 summa
971 2599 1130 2663 cupiditate,
1161 2613 1214 2663 qua
1240 2598 1366 2664 plerique

273 2679 346 2736 «Quo
363 2675 483 2741 periculo
500 2677 612 2726 miseras
624 2675 746 2724 nationes
758 2673 800 2723 tu·
836 2674 973 2725 inhiabant
996 2673 1186 2737 gladiatoribus
1209 2677 1238 2724 et
1257 2675 1367 2726 circen-

271 2755 346 2801 turas
364 2751 515 2802 censetis‘ia
538 2750 566 2799 et
581 2747 665 2798 breve
684 2749 799 2812 spatium
836 2749 924 2810 sibus,
946 2750 1141 2800 verumetiam
1159 2749 1193 2800 de
1214 2750 1366 2806 incredibili

272 2825 419 2876 meditandi
438 2825 501 2888 quid
519 2824 683 2887 respondeat
700 2824 724 2872 ei
737 2836 801 2873 cou-
836 2824 925 2875 studio
942 2826 970 2875 in
986 2822 1084 2874 talibus
1100 2825 1164 2889 poni
1180 2823 1257 2875 solito
1268 2825 1305 2874 ab
1321 2827 1366 2886 iis,

273 2900 407 2959 cedimus,
427 2899 548 2948 nostrum
566 2901 657 2948 tamen
675 2897 799 2947 eadere
837 2901 883 2964 qui
900 2899 978 2951 ludos
996 2899 1127 2962 edebant,
1146 2899 1246 2951 aediles
1263 2900 1326 2952 dico
1338 2907 1367 2952 et

272 2974 399 3023 iudicium
428 2975 474 3021 aut
505 2970 576 3020 clarc
609 2973 798 3036 proponimus,
836 2978 990 3040 praetores,
1018 2989 1072 3039 quo
1098 2975 1218 3026 aemulos
1240 2977 1368 3040 magnifl-

273 3051 319 3097 aui
344 3044 438 3096 saltem
464 3045 660 3108 significamus,
687 3049 717 3095 ut
741 3047 798 3096 bic:
837 3052 925 3102 centia
935 3053 1074 3102 vincerent
1085 3049 1230 3115 populique
1243 3050 1368 3104 levorem

274 3117 453 3170 «admirabilia
478 3131 532 3168 uon
557 3133 643 3169 esse.»
672 3119 801 3185 Exempla
837 3125 889 3177 sibi
914 3123 1094 3176 conciliarent.
1130 3125 1183 3176 Cir,
1205 3124 1312 3176 Caelius
1338 3127 1367 3176 in

274 3197 365 3244 autem
382 3191 500 3245 Tulliana
518 3196 680 3256 monstrant,
700 3194 743 3244 bic
760 3192 801 3245 lo·
838 3199 938 3264 aliquot
949 3201 1015 3264 Epp.
1026 3198 1061 3249 ad
1073 3200 1228 3251 Cic.Lib.8.
1241 3200 1367 3264 adiunge

275 3283 322 3320 aus
351 3269 486 3332 quomodo
520 3267 722 3331 distinguendus
752 3270 800 3330 sit;
838 3273 1138 3339 cumlacobsioludum
1149 3275 1242 3324 'l'roiae
1255 3276 1367 3340 saepius

274 3359 362 3410 neque
380 3359 444 3396 vero
461 3344 551 3396 obstat
570 3344 728 3396 indicativus
745 3359 802 3396 crc-
838 3348 872 3398 ab
884 3350 1002 3411 Augusto
1015 3347 1193 3410 celebratum,
1213 3349 1289 3400 cuius
1304 3363 1369 3414 par-

273 3423 323 3484 dis,
343 3419 416 3485 quod
432 3433 457 3470 v.
477 3424 538 3485 post
555 3418 657 3483 longius
675 3419 803 3470 interval·
838 3424 931 3488 tioipes
949 3426 1025 3473 erant
1041 3422 1129 3473 clarae
1146 3422 1285 3474 dumtaxat
1301 3426 1369 3475 stir-

273 3495 329 3548 lum
352 3499 490 3559 tamquam
515 3495 710 3558 homonymum
734 3495 801 3546 sub·
837 3499 878 3561 pis
900 3499 977 3562 pueri
994 3499 1110 3561 (sueton.
1131 3499 1187 3548 Oct.
1208 3498 1269 3562 td),
1292 3500 1367 3550 unde

274 3572 389 3621 stituitur
410 3583 436 3619 v.
456 3583 545 3620 censos.
575 3567 622 3620 Alii
646 3568 803 3635 discerpunt
837 3571 872 3621 ad
890 3584 954 3623 eum
971 3573 1074 3622 admitti
1098 3585 1237 3623 summum
1261 3573 1368 3625 bouum

273 3644 363 3694 locum
381 3645 462 3707 signis
480 3645 691 3708 interrogationis
707 3646 801 3710 positis
837 3645 970 3698 nonnullis
987 3647 1072 3697 videri
1090 3647 1217 3698 debebat.
1243 3649 1369 3712 Magnifi-

274 3721 335 3784 post
355 3733 398 3768 vv.
418 3725 514 3782 terrae,
540 3721 626 3782 Indos,
654 3722 759 3782 Quiritis
775 3723 801 3770 el
838 3735 884 3772 cos
902 3723 994 3772 autem
1016 3721 1093 3773 ludos
1115 3722 1266 3787 excipiebat
1288 3722 1370 3790 pluu-

275 3789 452 3855 cxplicantes:
481 3794 569 3853 «Quid
593 3809 702 3854 censes,
728 3795 801 3860 quod
838 3809 884 3846 sus
911 3796 1006 3847 editori
1031 3797 1109 3848 datus
1132 3811 1149 3846 a
1169 3798 1369 3861 spectatoribus

275 3867 370 3916 attinet
397 3867 432 3916 ad
462 3881 574 3919 munera
602 3872 730 3920 terraetn
760 3870 802 3920 vel
839 3872 965 3936 (Cicpro
983 3873 1069 3923 Sestio
1085 3871 1132 3933 bl,
1153 3874 1214 3923 itt:
1241 3873 1274 3922 iit
1293 3887 1368 3936 uero,

275 3943 352 4006 peius
383 3944 480 3991 ctiam:
517 3943 679 4002 «Quomodo
706 3958 802 3995 censes
838 3946 882 4006 qui
896 3948 988 4009 pendet
1003 3947 1077 3997 robiis
1093 3948 1236 4009 kaisdmis,
1260 3949 1370 4010 aedna-

275 4016 391 4080 spectari
415 4029 430 4066 a
454 4017 619 4080 sapientibus
641 4019 690 4070 illis
714 4019 747 4083 (v.
767 4018 801 4082 3.)
837 4034 908 4071 more
927 4027 963 4084 ot,
980 4027 1010 4072 ut
1032 4022 1080 4084 ipsi
1102 4023 1252 4084 qusntrm
1278 4024 1370 4086 saum-e

276 4104 388 4142 munera
415 4092 541 4140 terrae‘la
568 4097 636 4154 cet,
663 4107 725 4144 cum
754 4094 800 4144 sit:
834 4096 924 4158 populi
948 4101 1046 4147 tandm
1066 4101 1089 4147 et
1110 4097 1223 4159 dudae,
1246 4098 1369 4160 pluam

277 4165 432 4226 «Quomodo
445 4165 591 4230 spectanda
604 4180 698 4218 censes
710 4180 804 4217 munc-
838 4171 1067 4232 iumaortulitatem,
1090 4171 1191 4221 Mum
1204 4177 1313 4225 mnan»
1327 4175 1369 4222 oi-

276 4255 305 4291 ra
326 4243 428 4304 terrae,
446 4269 461 4277 -
472 4254 552 4306 -quo
569 4254 663 4303 seusu,
683 4241 757 4303 dico,
777 4244 804 4292 et
839 4244 892 4293 deri
908 4258 1002 4296 merae
1018 4245 1086 4310 est),
1104 4245 1202 4297 deinde
1219 4248 1288 4298 douo
1304 4249 1369 4311 Qui-
