2925 4892
265 391 326 458 372
623 393 753 444 HOllll'l'll
769 393 990 445 aristotelesit

307 552 436 618 Virtutis
460 571 557 618 verae
581 561 690 616 custos
713 549 903 637 rigidusque
926 549 1073 629 satelles;

307 675 398 739 Nune
421 673 453 737 in
475 672 626 760 Aristippi
649 671 756 738 lurtim
777 680 952 758 praecepta
976 670 1107 738 relabor

307 796 345 860 Et
366 793 443 860 mihi
466 815 535 870 ree,
559 815 624 859 non
646 815 699 860 me
723 793 822 860 rebus
842 792 1041 881 subiungere
1064 815 1175 861 conor.

308 917 346 984 Ut
368 937 430 982 nox
452 915 563 1002 longa,
587 915 707 1004 quibus
729 915 881 980 mentitur
903 915 1019 994 amica,
1045 915 1182 1002 diesque
1309 916 1346 979 20

308 1041 417 1126 Longa
439 1037 567 1104 videtur
588 1057 671 1124 opus
694 1035 904 1114 debentibus,
930 1047 964 1102 ut
984 1037 1078 1124 piger
1099 1058 1203 1103 annus

330 1211 370 1260 49.
389 1208 631 1260 montebracone.
651 1207 712 1272 aliq.
732 1211 760 1258 et
777 1208 880 1258 Veneta
898 1206 988 1268 4484,
1006 1206 1127 1257 mittem
1145 1207 1188 1258 ulii
1206 1221 1221 1257 e
1239 1207 1315 1271 gloss.

296 1285 336 1347 (Ut
355 1297 417 1344 nos,
436 1285 518 1334 nostri
535 1285 563 1332 et
579 1283 696 1333 Poltierii
718 1283 833 1345 omnes.)
854 1309 881 1319 -
903 1283 944 1331 ti.
963 1283 1042 1332 Lenta
1057 1281 1191 1333 Bentleius
1211 1297 1233 1334 e
1248 1283 1312 1334 Cod.

296 1359 396 1409 Barthii
409 1361 436 1408 et
450 1359 489 1409 sic
501 1371 569 1409 unus
580 1357 684 1408 Ieeclrii.
706 1358 744 1421 (lit
762 1372 824 1420 nos,
843 1358 926 1407 nostri
944 1359 971 1407 et
988 1360 1105 1408 Pettierii
1122 1361 1236 1422 omnes.)

264 1499 465 1550 convenientior
488 1496 570 1548 altera
590 1511 690 1558 versor,
720 1511 790 1562 quae
806 1497 811 1508 '
829 1500 858 1558 4,
883 1499 927 1558 li,
953 1497 983 1547 43
1006 1511 1065 1562 sqq.
1087 1499 1119 1548 23
1140 1512 1181 1562 sq.
1205 1527 1233 1537 -
1254 1499 1347 1564 furtbt]

264 1575 426 1626 auctoritatis
454 1585 587 1638 perquam
619 1572 717 1623 dubiae
745 1575 792 1622 aut
827 1574 886 1622 Nou
902 1574 957 1622 tam
975 1571 1060 1623 «clam
1077 1571 1168 1633 alios.»
1187 1587 1283 1639 quam:
1301 1576 1347 1624 nu

264 1649 360 1700 nullius
377 1660 410 1698 eo
427 1660 536 1711 quoque
557 1648 728 1698 incommodo
750 1645 790 1696 la·
827 1650 857 1697 ut
873 1659 917 1697 me
933 1645 977 1697 illo
994 1646 1091 1707 relabi,
1111 1659 1165 1710 quo
1177 1648 1281 1700 indoles
1292 1661 1348 1698 mea

263 1725 355 1784 borat,
378 1722 450 1785 quod
468 1723 489 1772 si
506 1723 671 1786 accipiamus
689 1735 791 1772 consor
827 1720 946 1781 inclinat,
969 1722 1014 1770 vix
1031 1722 1087 1786 ipse
1104 1721 1347 1780 animadvertam·

264 1801 290 1850 in
308 1799 418 1861 negotiis
435 1795 609 1859 turbulentis,
628 1797 660 1847 iis
672 1809 790 1860 occupa·
826 1795 994 1845 oooemterkt.
1016 1795 1222 1858 (iomndblement
1237 1796 1348 1855 Daeier.)

264 1879 306 1924 tus
324 1885 416 1932 sumpt
434 1871 477 1920 vix
489 1870 586 1922 abesse
598 1871 683 1936 possit
693 1883 788 1935 praep.
829 1899 857 1907 -
875 1872 908 1920 Et
928 1871 990 1920 mibi
1015 1871 1078 1932 cet]
1103 1872 1152 1920 «Et
1175 1871 1241 1921 mibi
1268 1873 1349 1935 (meae

263 1948 290 1996 tn
308 1946 348 1997 vel
367 1948 443 2006 intem
463 1946 503 1995 sin
516 1944 693 2009 explicamus,
712 1945 790 1994 ulia·
826 1943 955 1994 voluntati
980 1946 1007 1994 et
1031 1945 1209 2007 constantiae)
1235 1959 1282 1996 res
1305 1957 1350 1994 ex-

264 2021 300 2069 cit
316 2021 394 2070 huius
411 2018 472 2069 lect.
487 2019 574 2070 fautor
591 2018 737 2080 Obbarius,
756 2032 789 2068 ea
827 2021 917 2070 ternas
942 2018 1118 2082 subiungere,
1146 2015 1350 2086 ὖποζευγνόναι

265 2095 297 2144 iis
315 2107 384 2156 queo
409 2093 487 2144 alieri
503 2093 644 2158 exemplis:
673 2094 786 2156 «luctor,
828 2091 915 2157 (gloss.
935 2095 977 2144 est
1000 2093 1148 2157 submittere]
1175 2108 1275 2157 eonor,
1300 2107 1350 2144 nou

263 2169 349 2231 agitor
365 2168 448 2218 rebus
464 2167 614 2230 civilibus‚n
633 2169 697 2230 hoe,
717 2169 790 2232 quod
827 2180 871 2218 me
894 2167 977 2218 rebus
997 2169 1145 2232 subiungo;
1172 2170 1199 2220 in
1220 2182 1254 2219 eo
1276 2170 1352 2233 igitur

262 2243 347 2304 inviti,
367 2242 463 2293 morbo
480 2240 523 2292 vel
540 2256 633 2293 amore
646 2247 730 2295 coacti
752 2245 790 2294 ia·
827 2241 950 2305 elaboro,
977 2246 1008 2293 ut
1031 2257 1118 2306 aequo
1144 2245 1234 2297 auimo
1258 2256 1351 2296 omnes

264 2317 364 2379 cimus,
391 2321 421 2366 ut
444 2331 572 2367 versantu·
596 2318 671 2380 beto,
697 2319 787 2381 cubiti,
827 2318 1352 2371 ionunaevicissitudinessustineamiis-

263 2397 331 2453 turo,
350 2391 509 2452 orborum,
533 2392 690 2444 contradicit
705 2407 789 2445 voca-
827 2405 879 2456 que
896 2394 1019 2457 superior
1035 2393 1099 2453 sim,
1118 2392 1184 2443 dum
1201 2393 1286 2456 laeto,
1304 2393 1351 2446 sed

263 2465 326 2517 bulo
338 2467 424 2532 opilia,
444 2467 517 2532 quod
529 2467 641 2519 volentis
653 2471 696 2519 est
707 2471 787 2533 atque
826 2465 966 2516 moderato
978 2467 1048 2517 vitae
1065 2479 1117 2518 usu
1128 2471 1286 2520 contentum
1298 2467 1352 2520 nul

263 2555 297 2592 ex
320 2543 377 2593 eius
400 2542 529 2592 arbitratu
552 2543 661 2607 pendet.
682 2571 709 2580 -
730 2544 789 2593 Vir·
825 2538 866 2589 lae
878 2539 1068 2593 sollicitudines
1080 2545 1191 2607 angunt,
1208 2543 1352 2596 nullaeou·

262 2617 321 2666 tutis
336 2616 419 2682 omae]
438 2619 468 2668 ut
484 2630 555 2668 nunc
568 2618 671 2678 dicunt,
689 2618 787 2678 tacetis,
825 2614 1142 2678 piditatestransversum
1152 2621 1234 2681 agunt
1245 2621 1352 2669 vexant·

264 2690 372 2756 qualem
397 2693 477 2744 Stoici
506 2692 691 2754 informarent,
718 2705 788 2755 quae
826 2701 906 2752 que.»
936 2692 1021 2755 Prope
1042 2693 1122 2741 nimis
1143 2693 1288 2744 artificiose
1310 2691 1350 2742 alii

262 2768 373 2832 propter
389 2779 419 2818 se
437 2766 580 2817 coleretur.
597 2793 623 2804 -
637 2771 789 2817 erutos-so-
826 2763 1018 2827 posterioribus
1030 2779 1074 2814 vv.
1086 2779 1137 2816 non
1152 2779 1192 2816 ms
1202 2767 1352 2818 444ωὸῑοί-

261 2840 336 2905 tetus]
354 2841 485 2903 imagines
507 2843 569 2890 sunt
594 2842 754 2906 desumptae
772 2853 787 2890 a
826 2849 920 2888 corum
931 2838 1080 2890 doctrinam
1094 2840 1236 2904 significari
1248 2843 1349 2906 putant,

260 2916 353 2964 virtuts
370 2917 507 2977 tamquam
529 2915 633 2977 regina,
660 2917 691 2964 ut
711 2914 788 2978 quasi
826 2912 985 2975 «quintus,
1003 2914 1030 2963 id
1043 2915 1115 2974 estu·
1133 2918 1163 2964 ut
1174 2915 1261 2977 aiunt,
1282 2915 1353 2966 suui-

263 2987 481 3051 dedenarios,
500 2989 531 3050 2,
549 2989 611 3038 230:
633 2990 790 3039 Virtutisoe-
825 2999 920 3037 versae
938 2990 1049 3039 naturae
1065 3001 1127 3039 sese
1150 2989 1350 3042 submiserint·

262 3063 335 3113 dilui.
365 3062 419 3111 Cic.
433 3062 508 3112 Ollio.
521 3063 551 3122 3,
570 3063 598 3124 6,
617 3064 662 3114 28:
689 3064 789 3114 iustitio
825 3062 944 3111 Trahunt
960 3065 1050 3113 autem
1067 3063 1121 3113 huc
1137 3067 1229 3115 notam
1246 3065 1350 3116 illorum

261 3151 316 3188 uuo
330 3137 411 3186 cirtae
422 3137 533 3186 manium
547 3143 582 3187 est
598 3138 788 3188 dorniouetre-
825 3134 984 3187 formulam:
1018 3136 1087 3187 Κατ’
1114 3136 1265 3210 ἐμπειρίαν
1295 3137 1352 3189 τῶν

261 3214 323 3278 pinu
346 3212 476 3262 uirtutum.
517 3212 564 3263 Est
588 3213 666 3276 igitur
691 3208 788 3276 φύλαξ
825 3206 900 3260 κατὰ
916 3206 970 3277 τὴν
986 3205 1058 3278 ὅλην
1074 3209 1352 3279 φύσινσυμβαινόν-

262 3287 312 3338 καὶ
327 3283 500 3358 δορυφόρος.
516 3315 543 3324 -
556 3289 664 3351 ripidus]
676 3289 730 3338 Liv.
744 3287 785 3349 39,
825 3299 882 3335 των
893 3282 954 3357 ζῇν,
967 3278 1038 3357 ὅπερ
1049 3285 1221 3353 ἰσοδυναμεῑ
1229 3287 1270 3357 τῷ
1283 3284 1352 3354 opo

262 3363 307 3415 itt:
326 3364 362 3415 Μ.
375 3363 478 3414 Porcius
489 3361 550 3413 Coto
560 3389 593 3401 -·
604 3363 703 3426 ripidoo
713 3363 788 3412 lano-
825 3357 1008 3426 λογουμένως
1025 3358 1059 3433 τῇ
1077 3359 1166 3423 φύσει
1182 3359 1242 3432 ζῇν.
1273 3363 1352 3424 (Posi-

261 3439 364 3490 centiue.
384 3437 528 3489 Senecaed
539 3436 665 3488 Heluii:
689 3437 788 3488 Stoico·
826 3435 889 3484 don.
903 3435 947 3486 ed.
959 3436 1030 3486 Bake
1047 3450 1073 3500 p.
1090 3437 1159 3499 223.)
1188 3439 1290 3487 Verum
1306 3436 1352 3486 ed·

260 3527 319 3565 mm
335 3515 422 3578 liuida
438 3512 703 3574 accii-ilissuptenttu.
735 3513 788 3561 Lu·
826 3509 938 3561 modum
963 3509 1077 3562 obscure
1105 3513 1145 3562 sie
1174 3513 1353 3576 expressisset

263 3603 320 3638 can.
333 3589 364 3650 2,
382 3588 444 3639 389:
466 3588 579 3638 lautitiae
595 3587 692 3650 mator,
709 3587 789 3650 4494444
826 3579 895 3634 illud
906 3584 1041 3635 emortum
1054 3591 1189 3648 moroan,
1206 3588 1353 3637 comm

261 3667 375 3712 seruator
391 3663 493 3712 bonuti.
826 3663 864 3709 ter
882 3663 995 3710 autum
1017 3661 1113 3721 υἰυσνο,
1140 3660 1213 3724 quod
1236 3660 1292 3711 Cic.
1317 3659 1352 3710 de

297 3735 390 3786 l8.l9.
420 3735 548 3798 Aristippi]
575 3735 628 3785 Cio.
650 3734 732 3786 Acad.
754 3735 786 3796 2,
826 3733 947 3794 Finn.3‚
971 3735 1015 3796 22,
1040 3735 1081 3784 73.
1104 3736 1132 3784 in
1152 3747 1186 3784 eo
1209 3736 1300 3799 ponit,
1325 3739 1354 3783 ut

263 3809 311 3869 tt,
331 3809 390 3858 ⁴3⁴:
408 3807 458 3858 Alii
473 3808 626 3870 uoluptatem
640 3811 716 3874 flauo
730 3807 789 3872 (ho-
825 3809 957 3858 conueniat
974 3813 1071 3858 natm
1090 3809 1198 3859 tonino
1212 3823 1270 3860 eum
1291 3809 1353 3859 44444-

263 3883 367 3946 norum)
380 3895 430 3932 esse
438 3881 584 3944 voluerunt,
597 3896 705 3945 quonam
713 3883 790 3946 prio·
825 3896 911 3943 uerso;
930 3895 981 3934 neo
993 3882 1069 3934 aliter
1079 3883 1199 3947 proiecto
1210 3882 1296 3935 lector
1306 3896 1354 3948 po-

263 3971 319 4021 eeps
340 3957 495 4019 Aristippus,
521 3958 565 4018 qut
586 3958 717 4008 Socratem
740 3971 790 4007 aa·
826 3961 896 4009 terat
912 3959 1034 4022 accipere
1046 3971 1140 4022 quam:
1160 3953 1353 4029 oddsixpoo-

264 4035 357 4094 dierat,
375 4032 440 4081 unde
456 4030 597 4092 connasci.
632 4032 687 4083 Cic.
708 4033 787 4083 Tusc.
826 4030 923 4098 θήκην
939 4025 1030 4083 αὑτὸν
1045 4030 1103 4083 τῶν
1114 4029 1197 4096 ἐκτὸς
1208 4031 1351 4100 γ4νεσθαι,

264 4109 295 4168 2,
314 4107 343 4168 6,
364 4107 410 4156 tt:
428 4107 572 4157 Socraticus
588 4107 790 4170 Aristippmooo
827 4101 886 4157 ἀλλ’
920 4105 1017 4158 ἐκεῖνα
1048 4101 1127 4174 αὑτῷ
1161 4107 1351 4179 προσθεῖναι·

264 4184 385 4232 duodone
411 4195 535 4232 summum
559 4182 654 4231 naulum
679 4183 791 4232 clolorau
828 4194 896 4245 quae
921 4183 978 4246 ipsa
1004 4187 1062 4232 erat
1086 4183 1237 4254 Stoicorum
1258 4179 1352 4245 regula

264 4259 352 4308 dicere.
373 4256 410 4307 Cl.
425 4257 517 4314 Sati,
538 4257 567 4315 3,
587 4257 635 4306 ⁴00
647 4269 707 4321 sqq.
722 4257 786 4318 Epp.
828 4257 937 4318 (barian.
960 4257 1043 4320 Epiut.
1066 4257 1092 4314 4,
1117 4255 1140 4307 i.
1163 4270 1189 4321 p.
1212 4255 1271 4316 ta),
1301 4254 1352 4305 sed
