2925 4892
279 347 342 413 386
643 347 772 398 444444
789 346 1010 399 4444444444

323 506 355 572 Si
378 503 458 572 dixit
479 503 586 580 dives,
611 502 701 569 lacus
723 513 757 570 et
777 521 867 569 mare
889 503 988 570 sentit
1009 522 1154 570 amorem

321 626 512 694 Festinantis
534 625 620 704 heri;
643 625 695 691 cui
719 624 746 690 si
769 623 884 690 vitiosa
906 622 1008 692 iibido

321 749 445 816 Fecerit
469 747 668 834 auspicium:
698 746 777 813 Cras
798 744 992 813 ferramenta
1014 748 1156 814 Teanum

320 869 465 948 Tolletis,
489 868 579 936 fabri.
624 869 742 936 Lectus
764 867 900 954 genialis
922 867 954 934 in
975 867 1049 935 auia
1070 877 1137 936 est:

201 1029 204 1034 ·
259 1041 261 1044 -
318 991 367 1058 Nil
390 991 434 1058 ait
455 1011 530 1058 4444
552 990 658 1078 prius,
681 989 799 1057 melius
820 989 865 1055 nil
886 989 1012 1057 caelibe
1032 989 1114 1069 vita3

278 1263 304 1274 -
324 1237 401 1301 64444]
421 1237 480 1299 aqui
503 1237 614 1301 propter
636 1233 802 1299 opulentiam
840 1235 951 1298 panise,
970 1234 1112 1287 abundans
1129 1237 1236 1302 optimis
1252 1237 1358 1288 44444444

274 1311 444 1376 repentinum
468 1308 608 1361 consitium
631 1307 683 1359 44444
707 1307 803 1358 446444-
838 1307 979 1359 sartoribus
1001 1309 1035 1372 (ot
1058 1311 1128 1374 fet-ro
1149 1313 1218 1362 mira
1239 1313 1358 1362 varietate

275 1383 353 1436 candi
365 1384 454 1435 statim
466 1384 577 1447 exsequi
594 1383 708 1447 potest.»
722 1407 750 1418 -
764 1383 804 1432 44-
839 1383 888 1435 Ed.
901 1384 968 1434 Ven.
986 1383 1045 1435 4484
1053 1384 1085 1448 ,44
1103 1399 1137 1436 ex
1155 1387 1254 1438 Horatii
1276 1386 1358 1438 verbis

275 1459 325 1522 cus]
345 1458 472 1509 Lucrinus
489 1471 574 1522 prope
592 1458 677 1509 Baias.
698 1457 737 1508 ci.
752 1457 801 1507 0d.
838 1471 922 1522 prave
947 1457 1087 1510 intellectis
1109 1463 1212 1511 temere
1230 1464 1357 1524 arreptum

274 1533 303 1594 3,
324 1535 369 1592 44,
388 1533 412 1584 3.
433 1559 461 1569 -
472 1538 495 1583 et
511 1533 591 1598 more]
611 1533 683 1596 quod
701 1533 801 1584 insanis
839 1532 954 1583 videtur.
970 1557 998 1568 -
1014 1533 1118 1598 Toliatis]
1135 1536 1235 1597 Arguta
1251 1533 1358 1586 breuio-

275 1606 518 1658 substructionibus
535 1609 707 1672 oocupst.—
680 1608 804 1657 —sestit
839 1607 949 1670 quentis
972 1607 1036 1670 ipsis
1058 1607 1146 1658 divitis
1166 1608 1259 1659 verbis
1274 1610 1356 1658 utitur

274 1684 394 1744 44444444]
422 1695 501 1732 «mox
526 1682 674 1746 experitur,
701 1683 801 1745 quanta
870 1681 914 1731 84-
914 1681 955 1731 96.
967 1681 1179 1745 Lwttupeniuits]
1198 1696 1260 1747 qut
1270 1682 1358 1746 nuptus

275 1758 419 1821 cupiditate
438 1758 532 1820 flagret
549 1757 616 1806 (44444
633 1755 689 1818 4444,
708 1755 803 1807 multo-
839 1756 989 1807 sternitur'
983 1769 1010 1805 ι4
1027 1755 1158 1806 bonorem
1170 1757 1271 1807 Genii·
1292 1754 1356 1807 94444

274 1845 334 1882 rum
355 1832 550 1894 mancipiorum
574 1831 674 1880 tenu.»
703 1830 802 1880 Sontiro
839 1829 1022 1880 DiscouiExc.
1030 1842 1056 1893 p.
1065 1831 1106 1880 46.
1115 1830 1158 1881 ed
1167 1831 1287 1882 Lindem.
1296 1831 1356 1882 Cum

274 1905 309 1958 (44
321 1918 350 1955 re
363 1907 478 1968 ingrata
497 1904 622 1966 44063,
637 1905 660 1965 4,
673 1903 719 1954 33;
739 1903 802 1954 044-
840 1904 897 1954 eius
914 1903 1105 1954 4444444444
1117 1904 1358 1968 srtedversnspor·

275 1985 360 2030 tracte
373 1981 453 2041 pisces
470 1993 584 2042 aequora
599 1979 722 2038 sontiuut;
742 1978 769 2028 b.
782 1976 799 2028 4.
839 1981 909 2039 tam,
927 1978 1004 2028 444444
1019 1979 1141 2030 ndum
1156 1977 1255 2030 dicitur
1270 1994 1285 2028 4
1302 1981 1358 2029 Pro

274 2057 386 2119 propter
408 2051 506 2114 motus,
536 2052 635 2116 quibus
657 2053 801 2102 coartatur.
839 2053 972 2117 perimit,
993 2054 1038 2115 44,
1057 2053 1110 2116 84,
1129 2053 1234 2103 lectulus
1249 2054 1359 2103 44444444

275 2127 371 2180 (14.0(4.
382 2129 406 2190 3,
421 2129 465 2188 44,
486 2128 496 2177 4
515 2140 575 2190 sqq.
594 2127 625 2186 3,
639 2127 682 2188 48,
694 2126 727 2176 to
740 2138 800 2190 sqq.
840 2127 874 2177 ab
896 2128 1012 2178 Asconio
1028 2141 1054 2192 p.
1073 2127 1115 2178 43.
1133 2126 1178 2177 ed.
1196 2128 1263 2178 Bait.
1279 2130 1359 2178 Arno-

278 2230 305 2240 -
318 2201 476 2266 Festinantis]
495 2201 561 2251 Cato
574 2201 718 2251 Censorius
730 2198 803 2264 apud
840 2200 901 2252 bius
912 2203 940 2252 L.
953 2203 979 2252 3.
992 2215 1018 2266 p.
1033 2201 1074 2251 94.
1088 2202 1181 2265 Lugdu
1201 2202 1300 2254 044444
1309 2213 1358 2250 444-

274 2275 339 2328 6444.
355 2277 399 2338 46,
420 2275 462 2327 ii:
481 2275 802 2338 Quiusumquidmature
839 2277 1119 2337 trimosicrouuouitis,
1137 2281 1199 2340 toqo
1209 2275 1356 2328 4444444444-

273 2351 405 2416 trotuiptt,
423 2352 594 2414 inproperium
612 2352 657 2413 qui
672 2350 802 2400 44444444-
838 2352 917 2402 ctuios
932 2356 956 2401 44
971 2351 1124 2400 meritonam
1145 2351 1240 2402 Genios
1255 2352 1358 2401 444444·

273 2428 328 2479 mut
338 2426 425 2488 incipit
436 2439 514 2486 usque
527 2426 641 2490 perficit,
660 2425 800 2488 issestioot.
838 2426 878 2475 tis.
907 2427 937 2475 ln
954 2439 988 2475 eo
1005 2425 1086 2474 etiam
1107 2424 1178 2475 feteo
1200 2426 1269 2476 dicis
1285 2437 1357 2474 44444

276 2529 303 2538 -
315 2499 414 2564 uitiosa]
428 2501 481 2551 Cic.
495 2501 572 2551 Tusc.
587 2499 616 2559 t.
631 2499 675 2560 43,
693 2499 741 2549 394
762 2499 802 2549 Vi-
838 2498 1029 2564 uitquantisper
1051 2497 1195 2550 cubabant.
1236 2499 1357 2550 Laberius

272 2576 369 2626 44444444
379 2580 414 2626 est
429 2573 528 2624 babitus
538 2579 583 2624 aut
599 2573 698 2638 affectio
709 2573 736 2624 44
748 2578 802 2623 toto
838 2575 865 2624 in
887 2572 1079 2638 Compitalibus
1100 2576 1126 2625 3.
1145 2588 1172 2639 p.
1188 2576 1249 2626 346.
1266 2575 1355 2626 Botite:

271 2651 326 2700 vitu
345 2649 488 2699 4444444444
504 2653 527 2699 44
549 2663 566 2698 4
582 2661 608 2698 se
633 2650 689 2710 4444
709 2648 802 2698 (444444-
837 2651 1091 2711 Nucctutentesris,
1108 2651 1358 2715 murmuriosa

271 2727 341 2776 tiens.
359 2751 386 2762 -
407 2723 490 2790 iibido]
510 2722 661 2787 «quaelibet
677 2722 799 2774 voluntas
837 2737 886 2785 que
900 2725 966 2788 fers:
983 2725 1067 2775 444444
1081 2725 1195 2789 familior
1211 2726 1357 2777 4444444444

272 2803 374 2849 temere
392 2799 544 2861 suscepta.»
573 2798 738 2848 4444444444
751 2799 801 2847 Te-
837 2799 942 2849 44444444
964 2801 1038 2849 sedet.
1077 2798 1192 2850 Genialis
1207 2801 1259 2852 'hic
1279 2799 1356 2851 iectus

272 2876 339 2924 rent.
354 2875 418 2924 4444.
431 2875 460 2936 3,
479 2874 507 2934 3,
527 2871 551 2922 3.
568 2899 595 2908 -
609 2873 703 2923 644444
715 2873 800 2934 auspi-
837 2873 934 2936 cuique
944 2873 1055 2924 domum
1067 2873 1175 2924 intranti
1186 2875 1295 2938 signnm
1305 2873 1358 2923 erat

270 2947 345 3010 oium]
365 2947 460 2997 «Dives
478 2947 527 2996 iste
546 2958 655 2996 caecam
668 2948 695 2996 et
709 2945 798 2996 morbi
837 2947 982 3010 coniugum
998 2961 1050 3012 per
1065 2949 1092 2998 in
1104 2961 1136 2998 44
1147 2947 1283 3007 habitum
1300 2957 1357 2996 nam

271 3020 387 3073 simiiem
403 3020 540 3106 libidinem
558 3033 635 3070 suam
653 3020 688 3070 ita
705 3021 799 3084 sequi·
836 3020 949 3072 muliere
966 3024 1072 3072 mortue
1083 3021 1125 3073 vei
1142 3025 1205 3087 post
1221 3021 1356 3074 divortium

271 3173 313 3221 tus
331 3170 422 3220 datum
440 3170 589 3220 numinisve
607 3169 748 3221 alicuius
741 3184 798 3222 tus·
835 3171 925 3221 Goiius
943 3171 995 3232 (ed.
1008 3170 1062 3234 alt.)
1081 3173 1111 3221 44.
1124 3184 1151 3235 p.
1164 3172 1197 3222 36
1215 3185 1305 3237 sq.—
1278 3171 1355 3220 —De

271 3257 358 3296 sum.»
388 3229 465 3308 (virg.
479 3244 589 3306 4449,
609 3243 670 3294 484τ
698 3257 732 3293 44
749 3258 797 3295 sato
835 3246 1017 3296 enuntiatione
1033 3246 1210 3310 hypothetica
1226 3247 1284 3298 sine
1297 3255 1357 3310 par·

270 3321 358 3382 orsique
379 3321 438 3370 (4444
458 3321 487 3384 fit
507 3319 567 3369 dira
582 3317 702 3383 4444644)
731 3319 797 3369 For·
834 3319 913 3370 444444
930 3321 952 3370 si
968 3319 1022 3370 uid.
1035 3333 1117 3384 supra
1135 3319 1170 3369 44
1186 3333 1214 3372 v
1227 3321 1315 3370 stt-
1331 3317 1356 3366 44

270 3395 393 3448 collinus:
413 3396 455 3445 «Si
471 3408 533 3446 eum
551 3395 666 3446 incitarit
682 3396 709 3445 44
722 3394 796 3447 uelut
833 3395 904 3455 4444]
923 3395 965 3445 «in
983 3395 1077 3444 strio.»
1106 3393 1212 3444 becker
1228 3390 1353 3444 64444444.

270 3472 326 3522 evis
343 3471 492 3535 auspicium
515 3469 614 3520 laetum
638 3467 795 3531 obtutui-up
832 3481 860 3532 p.
880 3467 937 3518 443.
958 3495 985 3506 ·-
1003 3468 1091 3518 4444444
1115 3467 1153 3518 sil
1176 3467 1272 3519 coelibe
1293 3462 1355 3526 stu]

270 3559 324 3609 quo
342 3549 494 3607 moneatur,
512 3547 543 3596 ut
554 3545 634 3595 Teani
649 3544 739 3608 potius
750 3542 797 3595 vil·
834 3542 924 3593 «Adeo
938 3540 1026 3594 soient
1042 3543 1225 3594 inconstantes
1237 3555 1297 3594 esse
1313 3541 1356 3590 bo·

270 3619 324 3671 lam
347 3619 478 3670 aedificet.
504 3645 532 3657 -
556 3620 713 3683 4444444444
734 3619 797 3669 444-
833 3617 930 3678 mines,
941 3618 972 3667 ut
982 3618 1029 3680 qui
1039 3629 1152 3667 uxorem
1163 3616 1275 3676 444444,
1284 3626 1356 3679 prae·

269 3692 338 3756 4444]
357 3692 517 3744 «praevideo
534 3693 605 3756 iore,
630 3695 659 3744 44
676 3695 796 3744 Teanum
831 3691 901 3741 ierat
911 3690 1087 3752 caelibatum,
1105 3689 1215 3742 caelebs
1226 3691 1356 3742 44444444·

270 3766 429 3827 Sidicinum‚
452 3767 528 3816 444444.
542 3768 575 3818 44.
590 3769 617 3818 Ρ.
631 3779 646 3816 4
663 3767 732 3818 Baiis
750 3780 795 3816 re·
831 3766 933 3816 ntum.»
962 3764 1017 3816 Cir.
1030 3765 1086 3816 Cic.
1098 3765 1134 3815 ad
1145 3767 1196 3816 stt.
1211 3765 1256 3826 44,
1269 3763 1300 3814 43
1308 3799 1321 3823 ,,
1329 3762 1352 3810 4.

271 3843 387 3901 motum.
408 3839 497 3890 fabros
510 3840 601 3892 iubent
619 3843 795 3893 instrumenta
831 3839 867 3890 de
885 3840 981 3899 Quinto
997 3840 1092 3890 fratre:
1111 3839 1133 3889 ,4
1149 3840 1264 3890 4444444
1278 3847 1356 3887 uvore

270 3913 796 3978 (44444444444444144444441444444444-
830 3915 867 3965 sio
883 3915 1015 3976 abbomt,
1041 3919 1070 3964 ut
1090 3913 1170 3964 libero
1185 3913 1356 3973 ternanos

270 4004 326 4041 re.»
349 3991 482 4040 Primum
494 3989 591 4053 gaudet
603 3991 742 4042 maritimis
754 3989 795 4041 44
830 4001 882 4040 csso
899 3991 1037 4052 quicquum
1052 3989 1211 4040 mortius.»
1249 3989 1354 4038 444444·

269 4065 322 4124 cis,
342 4064 468 4114 44444444
486 4065 546 4128 post
563 4063 793 4115 mediterraneis.»
831 4064 924 4128 desp.
941 4064 999 4114 338.
1018 4064 1067 4115 44..
1090 4057 1184 4126 Ὅστις
1199 4058 1355 4126 πενόμενος

270 4139 354 4190 Cous.
377 4139 455 4196 Cnoo.
496 4137 572 4197 Quod
599 4139 690 4189 444444
716 4139 795 4189 44444
830 4134 968 4198 βούλεται
984 4132 1037 4209 ζῇν
1053 4132 1155 4203 ἡδέως,
1168 4131 1289 4222 ‘sapor
1304 4145 1354 4200 yu-

268 4217 367 4266 .:trron
392 4214 525 4264 «Teanum
544 4213 635 4262 civitas
653 4215 693 4262 est
711 4213 794 4263 Cam-
829 4211 965 4278 μοιῐντων
978 4191 1069 4274 αυτὸς
1079 4205 1234 4272 ancxiebat
1245 4206 1351 4276 γάμων
