2925 4892
251 377 313 441 6344
608 376 737 427 uonnrn
755 375 973 427 aristonicum

293 533 421 600 Rettulit
441 543 607 620 acceptos,
631 531 740 619 regale
761 531 932 605 nomisma,
955 529 1129 616 Philippos.

294 653 359 721 Sed
381 653 477 721 veluti
499 663 630 721 tractata
651 663 760 719 nciam
781 650 955 737 labemque
976 649 1139 716 remittunt

221 797 224 808 ·
293 781 488 854 atramenta,
512 775 580 842 fere
602 775 777 861 scriptores
799 771 942 838 carmine
964 768 1060 836 ioedo

295 897 471 985 Splendida
492 897 573 964 lacta
595 895 704 961 linunt.
749 893 839 960 ldem
862 912 920 958 rex
940 890 1008 967 ille,
1031 898 1147 977 meme

294 1019 356 1099 Qui
379 1029 443 1086 tam
464 1015 634 1084 ridiculum
655 1025 719 1080 tam
742 1033 818 1081 care
839 1009 995 1100 prodigus
1016 1012 1106 1086 emit,

295 1139 407 1207 Edicto
429 1139 541 1214 vetuit,
565 1135 700 1223 nequis
724 1153 761 1200 sc
782 1143 912 1220 praeter
933 1131 1066 1220 Apellen
1268 1205 1273 1212 ³

295 1261 444 1347 Pingeret
465 1267 520 1322 aut
541 1255 622 1322 alius
644 1254 789 1341 Lysippo
810 1253 946 1319 duceret
967 1271 1044 1318 aera
1278 1254 1340 1320 itu
1442 1252 1443 1255 ’

319 1418 376 1470 434.
394 1414 550 1467 conuecti
567 1415 673 1473 noster,
692 1415 818 1476 quattuor
829 1410 970 1472 Schmidii‚
990 1411 1019 1461 C.
1039 1411 1150 1473 (uiuos,
1169 1414 1311 1463 celerino

286 1495 346 1554 stri,
365 1493 445 1542 eiiam
462 1490 502 1552 Ε.)
516 1516 543 1526 -
562 1489 620 1540 439.
639 1487 741 1550 Apellen
752 1486 824 1543 bSE.
843 1489 954 1550 quartrm
971 1485 1098 1536 Schmidii
1114 1489 1142 1536 et
1157 1487 1309 1538 Bentlcius:

286 1567 394 1630 Apettsm
410 1564 545 1617 LCtFlle.
567 1591 594 1599 -
613 1562 671 1613 440.
690 1563 790 1612 cadmei
806 1560 840 1612 de
859 1560 979 1612 Lambini
996 1561 1064 1612 coni.
1084 1560 1227 1612 Bentleius.

1443 1668 1444 1693 l

255 1702 441 1766 Dlllenburgcr
452 1703 636 1752 auerttmon.
648 1701 729 1765 Epist.
739 1700 779 1759 46,
818 1702 845 1750 el
856 1699 890 1750 dc
902 1698 1037 1763 sculptura
1046 1700 1194 1751 rectissime
1203 1701 1340 1756 iudicaret.

254 1777 279 1827 3.
297 1776 331 1826 ed
348 1775 480 1825 Probum:
507 1777 616 1836 curuos
633 1789 677 1838 epo
694 1775 781 1824 imua-
818 1774 845 1824 in
861 1774 938 1838 poesi
953 1772 1017 1823 nihil
1034 1773 1138 1835 viderit,
1162 1774 1209 1823 oid
1227 1775 1301 1838 quod
1318 1777 1343 1824 in

255 1856 294 1900 tus
310 1851 357 1899 sim
372 1851 502 1900 vesaniam
518 1849 639 1910 Choerili,
664 1853 692 1897 tu
707 1849 780 1911 49πο-
818 1851 858 1909 tc,
882 1849 995 1908 Caesar,
1021 1845 1099 1910 longe
1122 1860 1201 1898 secus
1223 1851 1292 1899 est..
1315 1878 1341 1886 -

254 1937 309 1974 sous
320 1925 529 1988 moquantmttate
539 1923 687 1973 Alexandri.
703 1947 730 1956 -
743 1921 783 1969 in·
816 1922 903 1985 uetuit]
921 1923 1033 1972 Narrant
1045 1921 1097 1971 boc
1113 1923 1256 1984 scriptores
1268 1937 1344 1973 com·

255 1998 397 2062 cundoet]
412 2011 516 2061 «neque
526 1999 582 2047 arte
592 1996 781 2059 nequenatnra
818 1994 918 2061 plures.
945 1994 1009 2045 Plio.
1023 1996 1054 2045 44.
1068 1997 1098 2045 N.
1111 1996 1136 2055 7,
1153 1995 1199 2054 37,
1211 1997 1257 2047 38:
1277 1999 1344 2048 iden

256 2071 341 2122 bonos
359 2083 453 2121 versus
470 2070 637 2121 lactentem.»
656 2072 779 2119 Punrnrn.
819 2071 859 2120 stc
875 2071 1014 2131 triperotor
1029 2069 1122 2128 edicit,
1143 2083 1175 2117 ne
1191 2071 1248 2130 quis
1262 2072 1344 2132 ipsso

260 2169 286 2181 -
300 2145 418 2207 undum]
437 2144 557 2206 dativus,
576 2143 689 2194 utOvid.
703 2145 782 2193 Prist.
819 2143 885 2192 clius
905 2155 982 2204 quoto
1002 2141 1097 2203 Apelles
1113 2142 1240 2205 pisper-et,
1267 2159 1345 2205 qiam

258 2219 283 2278 4,
297 2219 342 2268 tc:
360 2219 493 2280 Acceptum
502 2218 714 2282 nleroversibus,
733 2229 783 2266 esse
818 2216 958 2279 Purpooetes
973 2215 1108 2277 sculperet,
1130 2229 1207 2276 mmm
1223 2217 1346 2280 lysippus

255 2305 352 2342 nocuis.
372 2293 426 2344 Cic.
444 2307 472 2358 p.
485 2293 571 2343 Deict.
588 2291 628 2353 43,
642 2291 686 2341 38;
707 2293 783 2353 oute-
819 2303 853 2340 es
869 2302 928 2340 cere
940 2291 1047 2339 duceret.
1072 2288 1111 2338 Ci.
1124 2288 1257 2340 Plutarch.
1270 2290 1343 2342 Ales.

257 2371 306 2416 tero
330 2368 459 2416 senectutis
483 2372 612 2429 acceptam
633 2367 710 2429 refert
732 2365 783 2415 oie·
819 2364 843 2415 i.
860 2363 1015 2428 -Apellsssd
1031 2361 1343 2427 Pttn.tt.tt.3s,tu‚36:

256 2441 363 2490 mutius
379 2445 444 2490 tuoe.
460 2469 487 2478 -
506 2441 582 2505 mtis]
601 2439 639 2491 ci.
650 2442 703 2490 Sat.
717 2441 743 2501 4,
756 2439 781 2500 3,
820 2439 910 2489 Omnes
922 2439 997 2501 prius
1012 2437 1263 2500 amltossuttsosque
1274 2447 1345 2502 post-

257 2516 280 2566 8.
297 2543 324 2550 -
343 2515 451 2579 llettuiit]
474 2515 624 2577 «Acceptum
644 2515 739 2578 referre
756 2516 783 2564 ei
819 2526 852 2562 eo
869 2511 1001 2576 (pictores)
1017 2513 1144 2572 asperavit
1159 2512 1255 2574 Apelles
1271 2514 1344 2573 Coro,

256 2591 284 2639 iss
300 2595 428 2651 ocoepusu
437 2589 649 2653 reserrepropric
662 2589 783 2640 eslscri·
821 2587 969 2648 otomptose
980 2585 1051 2635 citii.
1069 2586 1171 2634 Pictura
1184 2587 1264 2647 ptura
1280 2590 1346 2638 solus
1445 2578 1446 2593 ³

211 2661 220 2672 “
256 2663 323 2714 bere
335 2665 361 2714 in
373 2661 470 2714 tabulis
481 2667 508 2713 tc
520 2665 672 2728 accepisse,
688 2677 783 2726 quem·
817 2660 967 2723 propinenti
982 2671 1060 2720 quom
1075 2661 1150 2708 couri
1165 2673 1267 2720 osunen·
1284 2676 1345 2712 con·

259 2737 405 2788 admodum
422 2751 557 2800 ewpmsttm
572 2739 641 2801 serre
657 2739 698 2788 esi
715 2738 783 2786 scri-
820 2735 876 2784 tulit
890 2733 1056 2783 octurntuttru
1078 2734 1153 2783 44444444
1169 2736 1253 2797 editis,
1280 2750 1347 2798 quoe

258 2811 323 2860 bere
349 2813 374 2860 te
399 2811 506 2862 dedisse
529 2809 572 2861 vel
595 2811 781 2876 expendisse.»
820 2809 961 2858 sorum
976 2820 1033 2857 eam
1049 2809 1181 2858 mutinent.
1204 2811 1346 2874 Pruoetpoc

257 2885 361 2932 tirsum.
378 2911 404 2919 -
422 2885 509 2947 reputo
523 2885 655 2949 mmtssm]
674 2884 784 2948 ugloria-
819 2883 871 2933 eius
891 2883 920 2930 in
941 2886 997 2931 crte
1011 2887 1128 2931 consutos
1142 2883 1198 2946 piu.
1225 2884 1265 2934 Cl.
1288 2887 1343 2937 Cic.

258 2959 300 3006 tus
327 2959 367 3007 est
391 2956 435 3006 vel
460 2957 565 3020 gloriari
588 2960 674 3022 potuit
695 2973 725 3009 se
747 2958 782 3008 ab
820 2957 854 3007 de
871 2955 944 3006 Oilic.
957 2955 986 3015 3,
1000 2956 1025 3015 2,
1039 2957 1080 3007 40.
1101 2983 1128 2991 -
1147 2956 1214 3005 otius
1228 2959 1345 3024 tunppo]

257 3028 406 3081 Alexandro
424 3028 606 3094 Φιλιππείους
626 3027 781 3102 στατῆρας,
819 3025 907 3092 ἄλλος
923 3029 1091 3093 Acumen,
1117 3033 1147 3080 ul
1162 3031 1230 3095 Epp.
1251 3033 1280 3092 4,
1299 3033 1343 3094 tc,

259 3102 408 3167 Philippeos
420 3117 556 3166 nummos,
570 3107 640 3167 regis
651 3105 738 3167 elflgie
750 3119 783 3154 ac
819 3107 865 3155 2⁰:
884 3104 963 3154 otiien
972 3105 1084 3166 sapiente
1095 3103 1214 3166 bonoque.
1232 3105 1299 3157 Plio.
1312 3108 1343 3158 44.

259 3178 366 3227 nominc
388 3178 505 3239 signatos
520 3189 570 3240 pro
586 3177 709 3229 versibus
727 3180 782 3230 suis
820 3181 850 3229 N.
865 3177 905 3240 34,
917 3178 947 3239 8,
968 3177 1012 3227 ⁴9:
1031 3179 1179 3228 Statuam
1194 3181 1248 3228 orti
1260 3181 1345 3242 piori-

258 3251 421 3314 acceptssu»
819 3265 889 3302 mian
913 3253 1025 3302 nuditer
1048 3255 1178 3303 contulisse
1196 3256 1343 3319 (Lysippus)

290 3323 427 3376 436-444.
455 3325 609 3392 Atrommto]
637 3329 782 3393 «cuiusque
819 3327 1125 3389 cupillrsnecprimundo,
1142 3329 1230 3389 cupito
1245 3330 1345 3379 minos

258 3400 363 3462 generis
387 3400 563 3464 (scriptorium
586 3403 614 3450 ct
632 3401 782 3466 pictonum)
818 3401 1276 3464 {cumdomuotnoittqoucoipom
1284 3418 1346 3467 pru·
1400 3452 1405 3459 ,

258 3477 422 3524 contrectata
445 3472 563 3524 maculas
582 3476 711 3525 renisuri
728 3478 781 3540 (pr.
819 3476 910 3525 silim
925 3475 1094 3537 decimoque,
1111 3489 1159 3538 per
1175 3489 1241 3537 pice
1254 3491 1344 3539 proce

257 3549 330 3596 retro
349 3549 478 3611 mittunt),
497 3547 650 3611 relinquunt
661 3551 687 3600 in
700 3551 784 3600 mani·
818 3549 883 3599 ritus
898 3549 1026 3611 sipuorum
1041 3550 1127 3598 maior
1140 3550 1277 3600 4434444444.
1304 3551 1342 3602 Cl.

259 3620 337 3670 bus·
356 3622 444 3684 (tobes
460 3622 487 3671 h.
505 3621 522 3672 l.
542 3622 665 3684 macula.)
685 3651 712 3660 -
730 3625 783 3687 {ere
819 3622 952 3686 Posidippi
970 3623 1134 3686 epigramma
1151 3625 1179 3674 in
1192 3625 1272 3675 toth.
1291 3624 1342 3676 Pal.

258 3694 390 3754 scriptores
401 3697 462 3756 cet]
481 3697 538 3746 rSic
549 3695 610 3747 mall
621 3699 716 3762 potine
728 3696 784 3761 ple·
819 3697 849 3745 ll.
869 3710 896 3760 p.
911 3696 976 3745 66⁴:
1002 3693 1147 3760 Δύσιπκε,
1166 3693 1282 3748 alciora
1298 3699 1344 3748 Σι-

258 3779 372 3828 rumque
405 3771 543 3832 inquinant
576 3785 607 3821 ac
641 3771 784 3836 deturpant
820 3766 937 3830 κυώνιε,
957 3768 1106 3841 θαρσαλέη
1124 3773 1201 3842 χείρ,
1218 3770 1344 3823 Adiece-

258 3838 395 3903 praeclara
419 3841 486 3891 locta
504 3845 584 3894 eliam
602 3845 673 3909 apud
691 3848 783 3909 poste·
820 3849 918 3904 χνῐτα,
945 3843 1002 3915 πῦρ
1027 3859 1072 3896 τοι
1097 3841 1114 3894 ὁ
1139 3844 1251 3909 χαλκὸς
1277 3841 1343 3918 ὁρῇ,

258 3925 329 3962 ros.»
348 3914 386 3963 Ci.
400 3917 464 3978 lipp.
480 3918 504 3977 4,
519 3918 558 3980 49,
571 3919 617 3969 3οτ
636 3931 709 3980 quen
724 3932 784 3969 cer-
811 3911 862 3968 Ὃν
873 3921 935 3968 καί
944 3911 1128 3991 Ἀλεξάνδρου
1138 3917 1261 3990 μορφᾶς
1271 3923 1343 3981 χέες’

257 3987 323 4036 doru
339 3987 434 4037 oblinat
449 3991 521 4038 atris.
538 4018 564 4027 -
578 3993 645 4042 idem
656 3992 718 4055 cet]
736 3993 783 4041 Di·
820 3987 917 4043 οὐκέτι
932 3994 1059 4057 peramat
1070 3993 1197 4064 Πέρσαι·
1216 3993 1345 4061 συγγνώ-

257 4063 331 4110 ctum
357 4061 408 4111 hoc
425 4065 466 4112 esi
483 4077 545 4114 cum
567 4065 683 4128 quadam
707 4066 783 4129 quasi
818 4083 861 4132 μη
883 4065 972 4127 βουσὶ
995 4065 1098 4117 λέοντα
1114 4071 1226 4134 φυγεῖν.
1255 4069 1344 4118 4444444-

258 4134 446 4196 admiratioue,
465 4137 601 4200 quomodo
614 4139 670 4188 lieri
686 4141 783 4202 potue·
819 4141 905 4191 tiones
913 4140 1054 4191 Alexandri
1062 4142 1186 4205 Lysippci
1193 4141 1343 4191 etiamnunc

259 4209 303 4270 nt,
323 4212 352 4260 ut
369 4209 528 4272 Alexander,
548 4225 609 4262 cum
627 4212 661 4262 de
677 4213 781 4277 pictura
819 4213 1067 4279 exstantescoiicgit
1080 4214 1338 4269 titillationum.
