2925 4892
274 352 337 419 498
755 352 882 405 44444444

315 510 441 577 Dixeris
464 510 608 596 egregie,
633 520 742 575 notum
765 510 791 575 si
814 507 929 575 callida
953 506 1086 573 verbum

315 630 504 699 Reddiderit
524 630 670 697 iunctura
692 650 820 695 novum.
865 630 898 696 Si
921 629 1001 695 iortc
1023 648 1160 695 neccsse
1182 638 1232 695 est

315 751 444 819 indiciis
464 762 644 819 monstrare
665 750 849 818 recentibus
871 749 980 816 abditu
1002 769 1122 825 rerum,

315 875 450 961 Fingere
472 872 620 940 cinctutis
642 892 705 938 non
727 871 878 939 exaudite
902 870 1051 957 Cethegis
1314 870 1355 931 50

338 1098 379 1150 tt.
397 1099 499 1149 Dicerit
515 1099 544 1148 ii.
559 1124 587 1134 -
601 1096 641 1148 ie.
659 1110 746 1147 rernm
762 1100 785 1145 44
801 1093 883 1159 Tbcp,
902 1096 966 1144 item
984 1106 1046 1145 cum
1062 1092 1152 1144 Aldina
1172 1092 1245 1143 44449.
1264 1096 1325 1155 (non

306 1174 389 1237 45444.)
408 1172 551 1224 Lambinus
568 1172 743 1235 distinguens:
768 1170 893 1235 canonis:
911 1169 1048 1231 Continuat
1069 1194 1096 1203 —
1115 1168 1157 1217 54.
1175 1168 1294 1229 [44444444
1310 1180 1325 1215 4

305 1250 351 1297 Ge.
371 1245 482 1298 Fabricii
499 1246 642 1297 codicibus
659 1244 800 1296 Bentieius.
816 1244 856 1305 (iit
872 1256 934 1304 nos,
953 1242 1054 1303 nostri.)
1070 1270 1097 1278 -
1116 1242 1156 1291 443.
1170 1243 1258 1291 cudent
1270 1242 1325 1292 iiic

273 1448 420 1515 explicant:
446 1450 618 1501 «creandis»
642 1477 669 1485 -
694 1450 798 1499 44444444
834 1445 876 1497 vei
901 1449 1011 1512 propter
1035 1446 1124 1496 statim
1145 1458 1263 1509 sequens
1287 1448 1359 1495 iii--

272 1526 384 1589 sorapis,
401 1530 489 1574 44444444
504 1524 566 1589 cot]
591 1524 663 1574 uuio.
677 1523 711 1573 de
724 1523 795 1572 Orat.
834 1521 902 1585 qua.)
920 1548 947 1558 -
965 1520 1088 1584 4444444444]
1105 1521 1150 1583 qui
1167 1522 1251 1569 4444444
1267 1521 1358 1571 indua-

273 1600 303 1659 3,
321 1598 367 1658 43,
387 1598 449 1648 iiii:
476 1598 516 1647 444
535 1600 578 1662 pt,
603 1602 632 1646 ut
647 1598 728 1647 44444444
743 1598 797 1645 444-
835 1596 945 1656 bantur,
965 1608 1050 1657 rqune
1067 1595 1218 1645 eratuestis
1230 1595 1297 1645 444444
1315 1608 1358 1658 pe

271 1674 390 1738 potorum
405 1673 538 1723 4444444444
552 1673 634 1722 4444444
650 1677 726 1733 atquc
742 1672 798 1720 44444
835 1672 894 1720 ctus
919 1681 1017 1732 corpus
1038 1668 1160 1718 ambiens
1177 1670 1205 1718 et
1222 1668 1256 1717 ad
1273 1670 1358 1733 pedes

271 1748 351 1797 4444444
367 1748 471 1797 adstat
493 1762 527 1797 44
541 1746 629 1797 robus:
654 1748 676 1795 44
693 1751 739 1796 cut
754 1759 798 1796 os-
834 1745 1004 1808 pcrtingens3
1024 1757 1038 1792 4
1054 1744 1116 1793 viris
1134 1743 1359 1806 gestabaturioco

272 1827 365 1872 4444444444
379 1823 484 1872 corbon
498 1824 542 1883 444,
561 1823 627 1885 quod
643 1827 726 1871 44444444
739 1834 798 1871 444-
833 1819 950 1879 4444444,
976 1820 1004 1868 ut
1020 1816 1199 1881 expeditiores
1216 1822 1311 1869 esseni
1327 1820 1359 1869 ad

272 1898 374 1947 4444444444
389 1898 457 1959 serre
469 1898 565 1959 444444,
586 1900 633 1945 cut
646 1897 744 1959 factum
759 1895 798 1944 444
833 1892 982 1956 agendum
1015 1892 1152 1942 habebant
1176 1894 1248 1943 eninr
1272 1893 1360 1944 soiuta

271 1972 443 2021 coniunctione
465 1972 505 2021 oct
527 1972 652 2029 44444444,·
680 1996 695 2006 -
714 1998 730 2009 -
752 1974 798 2018 out
833 1967 942 2017 brachia
960 1968 988 2017 et
1003 1966 1037 2016 ad
1049 1964 1229 2016 exercendum
1246 1966 1360 2016 444444444-
1450 1976 1451 2019 i

273 2046 437 2104 4444444444,
456 2046 522 2106 quod
537 2045 651 2094 4444444444
666 2048 797 2103 uinquam
834 2054 889 2091 ru.»
908 2040 983 2091 Fonc.
1018 2042 1084 2091 iiinc
1105 2041 1226 2091 Lucanus
1242 2042 1271 2100 4,
1295 2041 1357 2091 tiu:

272 2120 348 2168 4444444
369 2119 517 2180 mnodum
536 2124 608 2168 44444
627 2122 652 2168 44
671 2118 798 2167 4444444444
833 2116 974 2177 coroticus
988 2127 1183 2164 monmusaonc
1194 2115 1304 2179 0444444.
1326 2116 1360 2165 Si-

272 2192 436 2241 444444444.»
454 2192 535 2241 inus.
557 2218 584 2228 -
602 2192 705 2253 cottidc]
728 2204 798 2240 «oc-
834 2189 883 2241 iius
894 2190 919 2249 8,
930 2190 986 2239 das.
1000 2189 1035 2239 dc
1047 2190 1179 2249 Cethego:
1191 2190 1245 2251 ipsa
1255 2190 1360 2241 44444444

273 2264 343 2315 cuitu
360 2265 477 2329 quadam
489 2267 546 2315 arte
558 2264 796 2315 tectorismentem
833 2270 945 2316 4444444444
960 2265 1045 2328 44444444
1061 2277 1131 2313 444444
1143 2270 1290 2326 pareatum.
1321 2264 1357 2315 ci.

272 2351 414 2398 movens.»
432 2341 461 2388 ut
478 2340 540 2388 sunt
556 2338 627 2403 apud
645 2341 733 2403 ipsum
746 2339 797 2388 iio·
833 2338 1261 2401 ReierndCic.Frngm.p.226.b.
1273 2338 1357 2399 [Ouid.

271 2413 369 2463 ratium
385 2414 510 2475 sptcsdido
524 2415 649 2475 4444444444,
672 2415 797 2463 4444444444-
834 2414 900 2463 Fast.
915 2414 939 2471 5,
954 2414 1016 2462 iiii:
1035 2412 1189 2475 semicaper,
1207 2413 1300 2463 4444444
1310 2414 1360 2463 cin·

271 2488 303 2538 444
318 2489 455 2549 4444444444
468 2488 606 2550 4444444444,
624 2488 727 2537 4444444
742 2500 796 2536 mo
832 2488 916 2547 4444444,
931 2488 1026 2548 4444444,
1041 2488 1167 2549 Lupercis,
1183 2488 1210 2537 id
1220 2490 1271 2548 est,
1281 2500 1360 2551 «pro-
1449 2538 1450 2541 ,

270 2574 337 2625 pica
354 2563 476 2626 4444444444
498 2564 551 2613 444.
581 2564 690 2625 Dionys
712 2560 793 2610 iiniio.
833 2575 866 2626 pe
885 2561 963 2612 nudis
975 2564 1002 2610 et
1014 2562 1101 2611 cinctu
1115 2564 1216 2611 tantum
1232 2562 1359 2625 pudenda
1449 2572 1450 2575 ’

272 2635 457 2700 decompdz
476 2626 794 2705 Οὐδένὲοιιπροῦργου
833 2633 952 2685 velatis.»
979 2636 1050 2686 iiaec
1067 2635 1167 2685 soiab
1185 2650 1212 2686 v.
1234 2634 1358 2700 exempla
1449 2670 1450 2675 =

271 2706 348 2773 λέξιν
365 2706 458 2780 εὑρεῖν
475 2708 607 2781 καθαρὰν
624 2706 796 2795 4444444444-
832 2709 920 2759 adbuc
937 2714 1043 2773 reperta
1061 2712 1191 2772 sunt-i
1208 2724 1260 2760 44444
1275 2723 1359 2760 4444-
1449 2708 1450 2733 ³

270 2778 399 2871 ρήμονα,
421 2787 448 2835 et
461 2784 504 2850 μὴ
523 2788 571 2835 xci
589 2782 704 2849 κόσμον
720 2776 794 2853 αὐτῇ
832 2783 893 2848 dito]
913 2783 1011 2833 «verba
1029 2782 1286 2835 maioribusnostris
1299 2788 1358 2834 ante

270 2856 323 2923 τῆς
333 2853 481 2943 ἁρμονίας
492 2855 543 2909 τὸν
555 2857 796 2931 προσήκονυαπε-
832 2858 900 2907 44444
923 2858 976 2907 duo
993 2858 1083 2909 secula
1102 2857 1180 2923 piane
1198 2860 1359 2922 incognita.

272 2928 412 2999 ριθησοις.
439 2934 566 2983 Ceterum
583 2946 662 2995 cave,
681 2947 715 2983 ne
733 2945 794 2983 cum
834 2932 998 2995 -Cotieptd
1016 2933 1054 2983 Ci.
1071 2934 1135 2997 iipp.
1153 2934 1183 2993 4,
1202 2934 1231 2994 4,
1252 2934 1357 2983 444,-

270 3006 462 3069 interpretibus
487 3007 617 3057 nonnuiiis
640 3010 793 3058 construas:
832 3006 1004 3093 ContinpctJ«
992 3006 1088 3058 4444444
1104 3007 1162 3057 deri
1178 3021 1233 3059 non
1250 3008 1356 3072 poterit,

270 3080 299 3129 Si
323 3079 416 3129 44444444
440 3081 560 3129 iunctura
579 3082 683 3131 44444444
703 3094 796 3131 44444444
832 3082 882 3131 nisi
899 3082 929 3131 ut
945 3081 1028 3144 fingas
1046 3080 1174 3131 vocabula
1192 3081 1357 3132 aveieribns

269 3154 405 3202 reddiderit
425 3159 520 3205 44444444.
543 3180 571 3189 -
597 3156 626 3204 Si
646 3156 710 3217 sorte
731 3156 794 3219 444]
832 3156 951 3205 nondum
975 3159 1115 3219 usurpata,
1138 3158 1257 3206 attamen
1281 3157 1357 3206 buius

274 3228 390 3288 «Quodsi
407 3230 474 3290 iarn,
493 3230 590 3292 inquit,
616 3230 650 3280 ad
673 3244 731 3281 rem
748 3230 796 3280 aii-
831 3228 958 3279 audaciae
970 3242 1083 3293 prosper
1090 3230 1140 3280 erit
1149 3242 1353 3281 successus·-

274 3316 356 3367 quam
381 3302 564 3367 expiicandam
584 3304 668 3354 verba
687 3306 795 3369 antiqua
828 3304 959 3368 4444444444]
987 3303 1059 3354 «Sed
1083 3306 1125 3355 est
1145 3304 1245 3355 modus
1263 3306 1289 3355 in
1307 3304 1355 3353 boc
1448 3340 1449 3373 ,

274 3390 327 3427 non
344 3378 491 3438 sufiiciunt,
517 3379 678 3442 permittitur
700 3383 795 3443 poetae
833 3392 940 3443 quoquc
952 3378 1109 3439 servandus,
1122 3391 1156 3428 ne
1169 3380 1249 3429 nimis
1262 3377 1355 3428 crebro

274 3452 796 3519 4444443444.»Ρο4444.-44444ο444]υη-
832 3466 864 3503 uc
890 3452 1002 3503 licenter
1024 3452 1116 3503 verbis
1139 3467 1152 3502 a
1177 3453 1257 3504 nobis
1284 3452 1354 3503 iactis

268 3528 376 3589 μ44οις,
394 3527 664 3590 444444444444444.
684 3528 795 3577 «incido
832 3530 963 3576 utamur.»
989 3526 1093 3586 Quintii.
1109 3528 1137 3585 4,
1152 3528 1176 3587 d,
1190 3526 1237 3577 ii:
1258 3526 1355 3577 444444444

270 3601 351 3650 verbe
369 3600 527 3664 apponat-iu
554 3600 704 3665 philosophi
722 3602 794 3651 enim
831 3602 908 3649 tutius
917 3602 1027 3659 44444444,-
1045 3602 1355 3662 444444444444444444

270 3674 361 3723 dicunt
385 3674 587 3725 indicendarum
604 3688 694 3725 rerum
713 3690 794 3725 ceusu
829 3676 941 3737 4444444444
955 3677 1081 3739 4444444444.
1109 3676 1230 3724 Demetr.
1244 3673 1316 3725 Pbai.
1329 3670 1351 3755 ἓ..

269 3748 389 3796 inventas
407 3760 467 3798 essa
484 3761 591 3798 voces.»
578 3752 739 3797 44444444-
751 3749 795 3799 ob
831 3750 874 3798 iiii:
902 3749 1086 3808 Στοχαοτέον
1102 3744 1216 3819 πρῶτον
1233 3748 1290 3813 μὲν
1304 3742 1352 3797 rori

269 3821 324 3869 dito
339 3822 465 3884 4444444444
452 3823 590 3871 «notiones
607 3835 704 3882 novas,
726 3837 793 3887 quas
831 3820 990 3885 οοιφοῦςέυ
1003 3838 1042 3889 τῳ
1029 3821 1221 3889 ’ποιουμένῳ
1234 3818 1352 3888 ὀνόματι

270 3907 350 3944 nemo
374 3896 435 3943 anto
454 3893 542 3945 verbis
560 3898 657 3947 Latinis
680 3898 794 3948 manite—
830 3898 879 3948 nat
896 3894 1058 3985 coridonis·
1076 3891 1352 3962 επειτατῆςὸμοιό-

268 3967 647 4028 continuissemus:
665 3973 739 4021 occis
755 3986 793 4022 44-
829 3986 916 4037 τητος
934 3968 1005 4040 πρὸς
1022 3968 1058 4021 τὰ
1076 3974 1195 4036 κε4μ4να
1211 3967 1349 4037 ὀνόματα,

268 4055 333 4093 rm.
363 4042 462 4104 (Lectio
478 4041 565 4093 4444444
580 4058 677 4105 rmus,
697 4046 792 4095 444444-
831 4047 987 4111 -44444444]
1000 4048 1051 4097 Par
1061 4059 1091 4096 se
1103 4050 1207 4096 rectum
1221 4049 1263 4097 est
1275 4048 1349 4096 cunm

267 4130 333 4179 porc,
353 4115 441 4167 denuo
458 4128 474 4163 4
491 4116 610 4167 Gonodio
627 4122 746 4183 recepta,
765 4124 792 4170 ct
829 4120 939 4171 Benticii
952 4121 1034 4183 facto,
1054 4120 1102 4171 sod
1115 4120 1199 4170 Codri.
1213 4120 1348 4182 antiquiss.

268 4192 379 4255 impedit
395 4191 554 4241 sententiam
574 4195 601 4242 et
620 4191 733 4244 molesta
751 4198 792 4245 est
828 4196 984 4245 auctoritate
996 4194 1155 4255 destituitur,
1169 4197 1196 4245 44
1206 4195 1281 4245 recte
1293 4193 1347 4242 Fan:
