2925 4892
519 359 581 412 nu.
598 359 631 410 u.
665 359 734 410 sar.
751 359 795 410 m.
1142 357 1206 424 235

163 518 284 582 Hortos
304 515 519 604 egregiasque
540 513 657 584 dumos
677 513 854 584 mercarier
874 535 959 582 unus

162 639 243 704 Cum
264 636 356 704 lucro
379 657 508 716 noram;
535 633 623 704 unde
643 636 825 725 nequentie
845 635 1036 704 Mercuriale
1162 635 1205 704 25

162 762 352 847 Imposuere
373 757 451 824 mibi
473 777 655 846 cognomen
675 759 825 846 compita.
869 759 964 836 Novi,

159 883 198 950 lit
218 881 320 948 miror
339 879 445 947 morbi
466 889 640 970 purgatum
661 887 694 946 te
715 878 810 946 illius.
854 879 950 966 Atqui

180 1026 224 1074 25.
251 1023 358 1074 Habent
381 1022 533 1074 umato
557 1021 642 1074 codd.
669 1022 732 1072 mei.
753 1049 780 1060 -
807 1022 849 1074 λλ.
866 1021 949 1072 morbi
963 1022 1046 1073 ιτλτον
1060 1021 1121 1073 bct.
1141 1046 1169 1059 —

149 1101 221 1161 ολοιιλ
237 1111 374 1162 superser.
392 1104 469 1162 atqua
484 1112 508 1149 c.

117 1239 201 1289 ibium
218 1238 330 1296 moiun,
354 1236 511 1300 significatio
533 1249 567 1287 ex
588 1237 644 1287 iio·
679 1236 855 1288 structionem
872 1231 1058 1308 ιιαδοιρδῆναι
1079 1231 1132 1302 τῆς
1155 1231 1205 1285 νδ-

116 1314 174 1362 ratii
189 1311 284 1362 verbis
300 1311 406 1362 nonnisi
426 1310 569 1362 artificiose
585 1310 644 1360 erui
679 1324 736 1362 σον
754 1311 781 1362 b.
799 1309 816 1361 l.
834 1310 967 1376 praetulit.
987 1311 1062 1363 Coni.
1075 1311 1123 1362 Ori.
1137 1313 1162 1372 Ξ,
1178 1309 1204 1371 9,

116 1389 212 1452 potest.
242 1414 272 1424 -
296 1386 403 1451 infabre]
430 1387 534 1437 ominus
558 1384 644 1436 artili-
680 1385 720 1436 li.
755 1387 894 1438 clttamen
919 1387 1018 1438 mirum
1042 1387 1069 1437 in
1093 1385 1206 1436 modum

116 1465 215 1513 ολοεε.»
249 1462 391 1525 Repentur
406 1462 487 1512 etiam
503 1460 576 1524 apud
587 1460 642 1510 Liv.
679 1472 766 1510 novus
783 1459 894 1512 morbus
905 1463 1027 1512 veterem
1043 1459 1117 1512 illum
1132 1472 1206 1512 mer·

114 1538 159 1597 36,
186 1535 231 1588 iii.
272 1536 419 1600 Opponitur
441 1535 548 1598 cisum.
586 1533 641 1584 Cic.
679 1533 759 1584 candi
775 1535 839 1586 mibi
852 1534 964 1599 expulit,
983 1537 1008 1586 ei
1020 1535 1158 1594 successit,
1176 1536 1207 1584 ut

115 1613 266 1662 Vernllct.
281 1612 309 1671 i,
327 1611 356 1672 δ,
375 1608 424 1661 ii:
451 1611 525 1660 δεινιτ
540 1609 645 1670 (lenique
678 1607 798 1672 pleuritis
821 1609 955 1660 interdum
978 1611 1073 1660 transit
1096 1610 1122 1659 ln
1144 1621 1205 1659 oer-

114 1686 212 1736 sucu»
229 1684 337 1746 smus,
362 1683 407 1746 qut
422 1685 446 1734 ei
466 1683 546 1745 νονλο
560 1683 645 1746 onuph
679 1682 831 1746 dirimam.»
852 1683 928 1734 coni.
942 1682 1031 1734 locum
1042 1681 1205 1735 simillimum

114 1762 215 1825 uffme
231 1765 309 1822 atque
323 1759 547 1822 οτιλοιιοονδλλτδο
561 1758 646 1820 scctru
679 1759 751 1808 sent.
764 1759 841 1823 iimp.
855 1757 915 1809 adv.
929 1759 1057 1810 mutirem.
1072 1759 1118 1818 li,
1139 1756 1203 1809 lei:

112 1838 257 1896 οίδττεδεν,
274 1834 385 1896 reliquit.
405 1859 433 1870 -
451 1833 643 1896 suammet]
678 1827 719 1897 ώς
746 1828 802 1905 γὰρ
828 1828 862 1883 τὸ
888 1831 1001 1904 πρῶτον
1028 1829 1140 1884 διώκων
1160 1847 1205 1895 τις

116 1910 257 1974 «rigidius,
275 1911 312 1958 ita
329 1906 469 1973 utcapilli,
486 1907 552 1964 tori.
569 1908 643 1957 urbae
679 1903 814 1969 ώχλεττο,
842 1899 918 1959 οὕτω
944 1908 994 1958 καὶ
1015 1903 1050 1958 τὸ
1072 1903 1206 1979 δεύτερον

113 1997 208 2035 reram
233 1983 356 2047 corporis
383 1982 493 2032 humani
519 1983 643 2032 naturam
679 1979 790 2034 διώκων
816 1997 860 2046 τις
887 1977 1099 2049 ὀχληδήσεται,
1129 1976 1206 2034 ὥστε

115 2060 204 2110 minus
221 2059 298 2107 reete
314 2057 508 2107 imitarentur.»
525 2081 556 2093 -
569 2055 645 2106 Cutil·
678 2055 788 2109 νδσον
813 2051 891 2109 ἀντὶ
913 2055 1022 2110 νόσον
1046 2061 1138 2110 ποιεῖν
1154 2053 1206 2108 τὸν

116 2131 446 2196 δντοελ.](ὶίο.Ρεεεδ,6,
460 2132 488 2181 3:
504 2130 644 2180 leticullldl
678 2130 731 2184 τοῦ
760 2129 930 2196 φιλοσόφου
959 2129 1063 2200 λόγον,
1092 2129 1207 2204 ἔπειπερ

115 2222 201 2260 renen
222 2208 397 2258 οεελίοιολονεε
416 2211 498 2269 pratu
521 2210 545 2255 ei
568 2217 644 2255 creat
678 2203 731 2258 τὸν
741 2207 788 2260 ἐπὶ
799 2201 958 2274 ulciscur?
974 2201 1206 2274 δόξανῆὖγείον

116 2285 243 2347 quum
265 2295 360 2346 mupnu
387 2281 528 2331 aarum.
558 2281 644 2330 «Artis
679 2277 720 2346 ὥς
730 2275 844 2350 ἀγαθὸν
862 2278 998 2353 ὁρμῶντα
1013 2277 1206 2354 ἀποστρέφων

115 2359 249 2422 peritas·
275 2357 376 2420 inquit,
402 2355 479 2405 «huic
495 2356 571 2417 signo
588 2354 645 2404 sta-
680 2359 721 2421 ελς
737 2354 772 2408 τὸ
788 2353 832 2424 μὴ
848 2353 941 2409 ταῦτα
957 2353 1071 2408 διώκειν
1087 2351 1160 2408 ἀλλὰ
1170 2351 1206 2406 τὸ

116 2435 227 2484 tuebnm
236 2433 354 2497 pretium
365 2433 473 2482 centum
484 2428 587 2487 milium
598 2441 645 2480 su·
680 2429 783 2492 καλόν,
803 2433 829 2482 εδ
843 2432 946 2495 τύχοι,
963 2432 1014 2482 κοιλ
1024 2429 1079 2497 τὴν
1089 2426 1204 2504 ἀρετήν,

114 2508 253 2568 steriium,
275 2505 319 2556 alli
336 2505 421 2565 aliud;
445 2507 554 2570 praeter
569 2505 645 2555 uete-
680 2501 736 2558 οδκ
759 2505 908 2580 ἐλευθεροῖ
927 2503 979 2571 τῆς
1000 2502 1124 2571 διώξεως
1144 2499 1206 2557 ἀλλ’

1 2634 2 2639 ,
114 2597 159 2634 ros
184 2585 252 2632 item
278 2579 445 2631 excellebam
471 2580 498 2629 in
524 2578 645 2629 amoenis
680 2582 727 2644 ἐφ’
762 2581 863 2654 ἑτέραν
893 2581 1068 2648 μετατίθησι
1100 2578 1206 2646 δίωξιν.

113 2659 199 2708 bortis
215 2655 391 2721 pulchrisque
407 2654 533 2706 dumibus
549 2665 645 2703 emen-
680 2651 722 2720 ὦς
739 2648 792 2708 οὖν
814 2651 831 2706 ὁ
851 2652 949 2728 ἰατρὸς
971 2652 1121 2726 ἀναιρῶν
1144 2655 1207 2721 μὲν

1 2746 2 2753 ’
113 2733 405 2795 disrursusquecum
426 2728 645 2780 lucrouendeu-
681 2731 862 2803 πλευρῖτιν
895 2727 1008 2781 ποιεῖν
1040 2729 1077 2780 δὲ
1111 2743 1208 2801 τερε-

112 2807 157 2858 <lis
184 2809 270 2870 (quae
295 2805 404 2868 quidem
435 2804 541 2866 negotia
565 2803 644 2865 longe
681 2806 911 2871 τινενμονιαν,
931 2799 951 2870 ἢ
968 2799 1208 2868 ἁνασκενάζων

112 2883 218 2933 maiora
242 2893 275 2929 uc
298 2877 444 2929 difficiliora
465 2881 543 2928 erant
561 2889 644 2941 quam
680 2881 747 2948 μὲν
763 2885 924 2953 φρενῖτιν
941 2873 1154 2948 ἀντεισάγων
1170 2877 1208 2930 δδ

112 2956 239 3017 menae),
261 2954 335 3004 unde
356 2954 479 3010 nomines
496 2955 523 3003 in
540 2953 645 3017 cumpi-
681 2953 870 3028 λήθαργοι,
894 2949 948 3008 oin
966 2949 1140 3007 ἀπαλλάττει
1156 2949 1208 3006 τὸν

113 3031 148 3081 tis
166 3043 189 3081 s.
209 3029 306 3086 triviis.
332 3027 380 3077 ubi
396 3029 425 3078 ei
440 3029 578 3078 *ludiones
594 3027 645 3077 flu·
680 3029 814 3083 κλνδννον
839 3025 899 3082 ἀλλ’
924 3028 1104 3092 ἐναλλάττει,
1131 3022 1207 3081 οὕτω

113 3105 182 3156 bant
198 3104 264 3166 [Cic.
282 3102 318 3154 de
335 3101 387 3167 leg.
405 3117 461 3166 ngr.
472 3104 497 3163 l,
516 3101 545 3164 a,
564 3102 600 3176 l.)
618 3103 646 3151 et
681 3106 731 3157 καὶ
749 3101 947 3169 ὁφιλόσοφος
964 3105 1063 3178 ἑτέραν
1076 3101 1208 3194 ταραχὴν

113 3181 227 3230 omnino
258 3178 387 3240 frequens
415 3179 474 3226 erat
505 3176 646 3226 bominum
681 3175 746 3231 ἀνθ’
759 3180 857 3253 ἑτέρας
871 3179 1208 3248 εἰσηγούμενοςονβοη-

115 3265 266 3305 οοοειιτειιε
284 3253 347 3314 (sat.
360 3253 372 3300 i
385 3289 392 3312 ,
404 3251 436 3311 9,
454 3251 516 3313 tu),
533 3263 585 3315 per
596 3251 646 3300 οἰν-
681 3255 732 3306 vici
744 3253 784 3323 τῷ
796 3256 1008 3328 ταραττομένῳ.
1021 3283 1049 3292 -
1061 3257 1148 3305 Novus
1157 3256 1208 3306 iste

115 3328 191 3380 culos
218 3327 373 3390 congregati
400 3324 515 3376 alterum
540 3327 647 3376 iiercn·
681 3331 911 3396 morbeesffiucbt,
928 3328 1209 3393 Leideosciufilqui

115 3405 185 3454 rium
204 3415 251 3453 me
272 3400 432 3466 praedicare
453 3399 522 3451 soliti
542 3402 645 3450 emnia
682 3406 717 3455 sit
732 3405 878 3469 quaeritur.
914 3402 1094 3454 Heindorilus:
1117 3401 1209 3461 :Quod

114 3479 158 3528 Sic
175 3478 248 3527 enim
264 3476 384 3541 praestat
400 3474 534 3540 explicare
544 3489 589 3526 vv.
601 3489 647 3525 οο-
682 3479 802 3531 nondnm
813 3476 948 3542 perlectus
957 3477 991 3528 sit
1002 3475 1118 3540 sapiens,
1130 3475 1210 3525 adeo-

113 3565 222 3617 ρτοτιιτ
254 3551 409 3602 Hermaia
438 3563 521 3614 quam
554 3549 645 3614 legere
683 3568 736 3619 que
753 3555 887 3604 mentius.»
917 3549 1087 3600 sedbocille
1100 3549 1209 3600 minime

114 3640 179 3679 crim
206 3627 327 3691 Gryphio
354 3624 466 3690 aliisque
496 3626 647 3676 ueremi
683 3627 819 3689 concedit,
845 3627 930 3676 immo
953 3625 1083 3690 pernegat
1103 3637 1128 3674 v.
1149 3623 1207 3675 298.

113 3701 158 3753 vel
175 3703 258 3752 etiam
269 3713 419 3765 exponere,
438 3713 501 3752 eum
511 3699 589 3764 volgo
600 3713 646 3750 rc·
682 3707 776 3768 Neque
787 3715 866 3760 vero,
886 3702 916 3751 ut
932 3698 988 3750 aliis
1000 3699 1112 3764 placuit,
1131 3699 1210 3762 signi-

114 3781 206 3828 catum
222 3787 286 3826 esec
302 3777 489 3839 Devncstpipien
500 3776 646 3827 Πενειννο-
684 3777 765 3827 licere
782 3777 872 3840 potest
887 3773 1000 3824 brevem
1021 3771 1093 3824 illam
1110 3773 1210 3837 despe-

113 3852 178 3910 Ιειε,
195 3850 223 3900 iu
240 3852 292 3912 est,
310 3850 443 3901 Mercurio
454 3862 556 3901 camin.
575 3851 644 3900 Sene
682 3852 827 3911 rationein,
847 3862 900 3914 qua
912 3847 1039 3913 abreptus
1056 3848 1082 3897 in
1093 3847 1210 3898 Tiberim

113 3925 281 3976 unciales
299 3923 441 3989 collegium
463 3927 644 3976 mercatorum
683 3939 713 3976 se
724 3925 948 3990 praecipitaturus
959 3923 1056 3985 iuerat,
1075 3923 1210 3974 nisiSter-

114 4003 193 4051 mut
208 4003 320 4051 iiomae.
350 4001 403 4051 Cir.
422 4001 470 4051 0d.
489 4001 519 4063 2,
539 4001 582 4062 ii,
600 3999 642 4050 ut.
682 3999 762 4052 tinius
779 3999 975 4050 intervenisset.
1010 3999 1067 4048 iam
1084 4009 1146 4048 cum
1162 3997 1212 4046 Da-

146 4075 190 4124 ri.
207 4073 292 4124 roret
303 4075 453 4140 perpetim]
470 4076 501 4125 lu
517 4075 584 4125 oret.
602 4085 646 4124 εο-
682 4075 820 4140 masippus
836 4086 887 4138 per
903 4073 987 4123 totum
1005 4073 1114 4122 satiram
1136 4069 1210 4120 iace-

114 4149 172 4200 lnta
188 4150 336 4201 dicendum
352 4150 422 4201 ieret
433 4150 525 4200 morbo
543 4161 645 4213 purpo·
682 4151 741 4200 tum
757 4146 923 4212 aretalogum
940 4149 1012 4211 ngat,
1035 4147 1079 4196 hic
1101 4155 1209 4209 quoque

113 4224 571 4285 anteiiberatumsedflraeeem
582 4236 645 4276 cun·
682 4225 771 4276 iocum
802 4233 980 4288 agnoscamus
1009 4233 1120 4272 necesse
1152 4219 1207 4269 eet:
