2925 4892
601 342 729 393 llOllATll
749 342 969 395 aristotelica

589 720 1041 809 mecum,
1133 788 1139 799 ,

284 865 453 932 Fructibus
474 864 633 951 Agrippae
657 862 790 938 Siculis,
813 882 897 950 quos
920 859 1059 948 colligis,
1084 861 1162 935 leci,

285 988 317 1052 Si
342 997 430 1055 recte
452 986 581 1061 4444444,
606 1004 670 1051 non
692 994 758 1060 est,
783 992 818 1049 ut
839 982 933 1070 copia
955 982 1059 1048 maior

305 1195 353 1245 ΕΡ.
373 1194 426 1243 xii.
447 1194 470 1241 4.
489 1192 533 1242 4444
551 1206 574 1242 c.
594 1190 633 1242 Cl.
653 1190 687 1241 ad
705 1189 752 1238 Od.
773 1192 797 1248 l,
815 1189 856 1249 ts,
876 1189 899 1238 4.

273 1382 326 1430 iili.
355 1381 393 1429 De
418 1378 489 1429 iccio
514 1375 575 1427 vide
601 1376 649 1427 od.
669 1376 699 1437 4,
722 1374 766 1425 49.
805 1374 957 1438 scripsisse,
992 1377 1103 1439 propter
1130 1368 1222 1428 nescio
1251 1392 1335 1443 quam

242 1456 307 1507 Huic
335 1452 455 1505 sodalem
484 1464 579 1513 suum,
610 1452 768 1514 Pompeium
805 1448 916 1512 Gmspbi
937 1450 1115 1511 arrogantiam
1135 1450 1180 1513 (44
1202 1453 1266 1502 holte
1281 1453 1335 1503 ,44-

241 1529 392 1593 Grosphum
410 1526 466 1591 (0d.
484 1528 514 1585 4,
540 1524 601 1589 lh),
628 1539 768 1576 commen·
803 1521 917 1586 apritcltc)
940 1535 1001 1573 sese
1023 1535 1086 1573 eum
1112 1524 1233 1575 nondum
1256 1539 1336 1577 suam

241 1604 298 1663 dat,
317 1604 427 1668 propter
443 1613 523 1665 quam
538 1602 625 1665 ipsam
637 1601 767 1650 rationem
805 1597 832 1646 in
859 1596 1003 1647 amicitiam
1031 1596 1171 1648 admittere
1201 1602 1333 1664 potuisse.

241 1691 326 1743 prope
349 1673 504 1727 incredibile
526 1678 580 1736 est,
609 1676 767 1739 interpretes
805 1674 921 1735 Apparet
936 1684 1015 1731 vero,
1035 1674 1141 1734 poetam
1159 1674 1186 1723 id
1204 1674 1334 1736 soluisse,

242 1756 304 1802 ante
337 1750 488 1801 iacobslum
522 1748 644 1813 (excepto
676 1752 768 1799 tamen
804 1747 834 1794 ut
851 1746 947 1809 partim
963 1746 1114 1809 Grosphum
1131 1748 1158 1797 in
1175 1750 1238 1798 iccii
1254 1750 1335 1800 iami-

242 1826 369 1887 Gssnero)
387 1838 440 1875 uno
462 1824 517 1874 iere
538 1836 585 1874 ore
606 1825 633 1873 in
650 1837 683 1873 eo
702 1836 769 1874 con·
805 1819 944 1870 liaritatem
956 1819 1103 1882 induceret,
1118 1824 1216 1885 partim
1228 1826 1259 1873 ut
1270 1827 1337 1875 ami-

242 1900 373 1957 sensisse,
393 1900 421 1947 ut
432 1896 635 1958 contenderent,
653 1899 680 1947 in
695 1910 769 1947 com·
806 1908 869 1944 cum
886 1894 993 1958 propris
1005 1894 1161 1946 condicione
1173 1897 1249 1948 baad
1261 1910 1337 1961 pron

242 1971 579 2037 mandaticiahscepistola
591 1973 690 2021 iccium
703 1975 770 2022 tam·
806 1982 851 2019 sas
868 1970 1024 2019 contentum
1045 1968 1229 2033 tranquillaret
1253 1974 1337 2036 atque

242 2059 323 2109 quam
334 2046 471 2095 hominem
482 2044 630 2106 sordidum,
647 2058 767 2107 avarum,
806 2044 841 2094 ad
859 2043 965 2095 inutiles
981 2043 1105 2107 querelas
1116 2043 1281 2099 omittendas
1293 2062 1339 2097 ex·

242 2119 353 2177 latuum,
371 2118 437 2167 dicis
454 2131 534 2167 causa
552 2120 579 2167 et
595 2122 704 2184 propter
719 2132 769 2169 ne-
806 2119 968 2169 hortaretur.

243 2195 298 2246 4444
316 2206 397 2257 quarn
414 2192 494 2241 animi
516 2193 658 2241 vanitatem
682 2192 789 2262 philo·¹
840 2195 894 2243 4-5.
923 2192 1055 2243 merom
1079 2193 1143 2257 444]
1173 2197 1337 2247 Procurator

243 2268 352 2333 sophiae
371 2266 503 2327 deditum,
523 2265 640 2316 describi
657 2268 684 2316 et
706 2280 769 2316 cum
787 2277 789 2290 ¹
805 2270 891 2318 iccius
909 2270 971 2317 tunc
984 2270 1041 2316 4444
1053 2268 1224 2331 praediorum
1237 2269 1338 2320 Siculo

243 2344 336 2406 insigni
354 2341 527 2391 mordacitate
546 2340 674 2401 derideri,
699 2341 769 2390 nibi—
806 2356 866 2393 rum
883 2343 917 2392 44,
936 2342 1081 2406 Agrippae,
1104 2355 1219 2405 quorum
1237 2344 1273 2394 de
1291 2360 1337 2396 re·

242 2419 356 2470 lominus
377 2414 501 2466 videlicet
524 2416 619 2479 poetae
641 2416 767 2465 amicum.
806 2416 905 2467 ditibus
926 2417 982 2465 rata
1003 2428 1065 2480 pars
1087 2418 1227 2480 tamquam
1247 2418 1337 2469 admi-

243 2494 274 2543 iii
291 2505 368 2556 ergo,
388 2504 456 2554 quae
474 2491 500 2539 in
519 2488 696 2553 qualicunque
715 2491 771 2553 epl-
806 2492 967 2544 nistrationis
985 2504 1090 2543 merces
1106 2492 1141 2541 ad
1164 2494 1255 2557 ipsum
1272 2508 1337 2559 per-

243 2568 309 2619 stola
321 2564 428 2632 publice
440 2565 545 2615 edenda
558 2577 638 2621 nemo
650 2576 769 2629 uuquam
805 2566 940 2618 veniebat.
950 2568 1092 2617 Praeterea
1100 2580 1149 2631 pro
1155 2580 1337 2621 suosuorom

243 2643 330 2691 amico
347 2644 402 2691 tam
420 2638 563 2697 malitiose,
582 2641 609 2689 in
620 2652 684 2688 vere
697 2639 770 2689 iami-
807 2656 859 2706 que
885 2643 956 2691 victu
980 2640 1065 2692 libere
1090 2642 1122 2692 444
1148 2644 1186 2692 uti
1213 2646 1335 2707 poterat,

242 2717 313 2777 llari,
332 2717 354 2766 si
371 2728 439 2779 opus
457 2717 540 2775 esset,
560 2718 652 2779 aperte
664 2728 695 2763 ac
707 2716 770 2764 sim·
806 2728 984 2779 quaecunque
1000 2716 1027 2765 in
1043 2716 1153 2767 tantoris
1169 2717 1260 2769 lundis
1272 2731 1337 2783 pro-

241 2790 360 2855 pliciter,
373 2791 447 2839 certe
460 2790 518 2839 sine
528 2788 674 2849 virulentia,
688 2802 771 2853 quam
806 2789 963 2850 veniebant,
982 2791 1072 2840 certus
1083 2803 1145 2841 cum
1158 2794 1234 2841 esset
1244 2792 1337 2857 Agrip-

243 2864 292 2917 sibi
310 2864 353 2914 hic
369 2864 521 2927 repperisse
539 2864 679 2924 visisunt,
703 2864 771 2915 scri-
807 2878 854 2930 pa,
878 2876 1015 2927 nunquam
1033 2863 1104 2925 lore,
1130 2866 1160 2913 ut
1175 2870 1337 2928 procurator

243 2939 336 2999 beret,
368 2938 447 2985 etiam
475 2937 502 2986 in
530 2938 768 2999 commendaticia,
808 2942 862 2989 tam
882 2937 984 3003 probus
1000 2940 1081 3001 atque
1102 2938 1234 2990 honestus
1255 2941 1337 3004 quid-

243 3013 305 3061 ante
323 3010 411 3060 omnia
430 3022 493 3059 cum
510 3010 630 3073 Grospho
650 3024 772 3061 commu·
807 3026 888 3077 quam
913 3011 1001 3062 illicito
1026 3012 1107 3062 modo
1133 3016 1279 3066 averteret.
1307 3044 1334 3052 -

244 3085 369 3145 nicanda,
382 3084 463 3135 scribi
475 3084 593 3149 potuisse
605 3083 699 3135 stolide
712 3088 771 3150 opi·
787 3039 791 3112 l
807 3086 910 3151 44444444]
928 3084 1105 3148 «colligendos
1122 3099 1200 3138 curas
1218 3102 1270 3151 per
1280 3087 1337 3139 vili-

244 3161 297 3211 44444
306 3161 375 3211 sunt.
394 3159 495 3221 scripta
506 3160 547 3209 est
555 3172 578 3208 a.
590 3172 616 3208 u.
628 3170 651 3207 c.
661 3158 718 3209 rat.
726 3173 772 3209 44-
807 3174 867 3223 444,
886 3159 984 3224 quibns
994 3162 1163 3224 praepositus
1175 3174 1232 3211 es.»
1247 3190 1275 3199 —
1285 3178 1336 3213 44444

244 3236 333 3285 eunte.
375 3234 466 3285 Utrum
501 3233 591 3282 autem
627 3234 770 3297 Pompeius
807 3228 1162 3300 est,ut]oaiuiouvdxog‚
1176 3236 1335 3289 «4444444144

243 3308 393 3372 Grosphus,
412 3307 511 3369 origiue
523 3305 638 3369 Siculus,
656 3307 709 3357 hoc
720 3306 771 3358 de·
808 3309 889 3359 modo
911 3310 1025 3372 potest.»
1054 3309 1107 3359 Cir.
1125 3310 1173 3359 0d.
1192 3310 1221 3371 3,
1249 3313 1277 3371 4,
1303 3313 1334 3361 a:

243 3396 318 3435 mum
341 3395 411 3432 anno
435 3382 462 3431 in
485 3379 613 3443 Siciliam,
639 3380 685 3431 ubi
710 3380 771 3431 lati-
807 3384 864 3445 4444,
885 3388 914 3432 at
935 3383 991 3433 otro
1011 3384 1053 3433 444·
1072 3384 1148 3434 latire
1168 3386 1269 3435 ordinet
1283 3386 1337 3437 Ar·

243 3458 333 3508 lundia
350 3457 434 3521 patria
457 3453 625 3519 possidebat,
648 3458 771 3505 reverte-
807 3458 880 3507 44444
894 3457 976 3507 sulcis.
1006 3458 1049 3507 Sic
1064 3459 1204 3509 Lucretius
1219 3458 1250 3520 3,
1269 3460 1334 3509 itt:

243 3534 289 3593 rit,
308 3532 431 3595 hancque
443 3528 602 3594 Epistulam,
622 3542 675 3593 qua
687 3531 713 3579 in
724 3532 770 3581 lcii
807 3532 881 3581 Haud
897 3532 958 3593 erit,
976 3532 1123 3592 rat—posit.
1141 3534 1169 3594 5,
1189 3533 1247 3583 lii:
1269 3534 1339 3584 144444
1425 3533 1429 3538 ’

243 3607 363 3656 notitiam
379 3606 544 3670 perveniret,
563 3617 657 3655 secum
679 3608 771 3668 porta—
807 3609 865 3656 44444
883 3619 934 3655 ooo
958 3610 994 3655 444
1017 3610 1046 3655 ut
1067 3607 1148 3668 possis
1169 3608 1279 3658 4444444.
1309 3614 1339 3661 st

244 3680 289 3738 rit,
312 3692 345 3727 an
367 3678 464 3728 diutius
487 3679 540 3728 iam
564 3680 589 3729 in
613 3680 699 3743 patria
721 3680 770 3730 de·
787 3643 791 3773 f
807 3680 866 3728 977:
892 3680 950 3728 Noe
966 3684 1033 3738 erat,
1060 3684 1089 3729 ut
1108 3682 1166 3744 4444·
1186 3687 1277 3743 posset.
1308 3710 1336 3719 -

244 3766 309 3817 qens
330 3753 466 3801 Horatium
490 3754 600 3814 rogarit,
628 3754 657 3803 ut
681 3755 770 3818 ipsum
808 3754 872 3803 Tolle
897 3753 1022 3817 44444444]
1051 3754 1144 3803 «urae
1169 3766 1339 3819 supervaca-

244 3826 768 3890 iiqrippaeprocuratoricommendaret,
807 3840 872 3878 neas
899 3825 956 3877 illas
978 3825 1117 3890 querelas,
1148 3828 1195 3878 tibi
1221 3830 1249 3878 iu
1275 3828 1337 3881 illos

244 3916 294 3952 nos
305 3914 370 3951 sane
383 3901 547 3961 ignoramus,
561 3902 770 3966 necquidquam
807 3902 1134 3953 laudosadministrsndos
1142 3900 1256 3953 multum
1267 3906 1338 3954 tem

244 3976 278 4027 ad
304 3973 431 4039 epistulae
461 3976 705 4039 interpretationem
728 3979 770 4027 di·
807 3978 879 4041 poris
901 3975 1092 4027 insumendum
1110 3990 1183 4037 esse,
1210 3978 1285 4040 quod
1308 3982 1336 4030 44

244 4062 322 4101 verso
340 4049 420 4099 modo
432 4049 649 4102 conformandam
666 4052 768 4101 attinet.
806 4052 947 4103 iucundius
958 4052 986 4101 44
1001 4049 1090 4101 utilius
1106 4052 1133 4101 in
1150 4050 1335 4114 philosophiae

245 4126 412 4187 Quamquam
429 4136 541 4189 prorsus
558 4125 679 4188 precario
695 4126 770 4176 [ttin-
806 4126 900 4177 studiis
917 4121 1105 4185 collocaretur,
1128 4138 1178 4175 nec
1195 4126 1286 4175 tamen
1307 4130 1335 4177 te

245 4202 301 4249 tzer
321 4198 422 4261 statuit,
450 4198 547 4263 iccium
573 4200 607 4249 ad
631 4199 769 4251 Horatium
806 4213 886 4264 posse
904 4198 1000 4251 divitiis
1017 4210 1134 4263 aequare
1152 4197 1250 4251 multos
1267 4197 1335 4251 alios
