2925 4892
511 381 571 432 aia.
588 383 620 433 ll.
654 383 723 434 sai.
742 383 784 434 lll.

147 542 294 606 Vestrum
317 546 464 624 praetor,
487 537 515 602 is
539 535 732 604 intestabilis
754 548 787 604 et
809 558 902 606 sacer
923 551 1003 608 esto.

151 662 185 725 ln
206 661 317 726 cicere
337 668 437 746 atque
459 657 531 724 laba
552 655 637 724 bona
659 667 692 724 tu
714 657 901 748 perdasque
922 661 1054 750 lupinis,

150 783 247 847 Latus
269 789 306 845 ut
328 779 360 844 in
383 779 478 846 Circo
500 779 642 866 spatiere
663 789 696 846 et
717 786 841 848 aeneus
862 791 898 848 nt
920 793 1001 862 stes,

149 900 262 967 Nudus
283 901 388 988 agris,
412 899 519 966 nudus
540 899 695 976 nummis,
720 901 847 978 insane,
872 905 1030 990 patemis;

148 1021 277 1089 Scilicet
297 1032 335 1088 nt
355 1021 506 1109 plausus,
530 1041 614 1108 quos
635 1020 697 1087 iert
717 1023 871 1110 Agrippa,
896 1025 980 1092 ieras
1002 1035 1049 1102 tu,
1130 1029 1192 1095 ise

148 1149 261 1210 Astata
282 1144 459 1230 ingenuum
481 1142 594 1229 volpes
615 1141 738 1210 imitata
758 1144 896 1212 leonem.

147 1267 193 1331 Ne
216 1263 291 1351 quis
313 1263 467 1330 humasse
486 1261 563 1330 velit
585 1263 730 1341 Aiacem,
755 1266 878 1344 Atrida,
901 1279 991 1336 vetas
1014 1273 1096 1338 euri

169 1434 228 1484 ⁴8⁴.
246 1435 269 1482 is
285 1434 495 1496 supersessis.
511 1460 537 1469 -
553 1431 610 1483 l83.
622 1433 654 1498 et]
666 1437 796 1498 autopat
812 1435 914 1500 aliquot
932 1441 1057 1502 Potiierii‚
1076 1444 1157 1494 LCil'.

137 1512 176 1571 (ut
185 1522 244 1569 nos,
262 1508 375 1574 bS‚ytet
383 1510 489 1572 sepiem
498 1508 632 1571 Pottierii.)
644 1533 672 1544 -
683 1509 740 1560 486.
750 1510 878 1574 ispaniam
886 1512 1015 1564 Torrentii
1024 1519 1156 1578 quattuor.

105 1630 156 1681 sed
173 1627 296 1680 consulto
307 1626 388 1679 veluti
405 1629 578 1692 contemptim
589 1627 631 1678 lo-
666 1631 718 1679 mis
739 1629 829 1694 populi
849 1629 972 1696 plausum
995 1633 1099 1686 tulerat.
1136 1639 1192 1700 (Dio

105 1705 194 1768 quitur
211 1703 246 1754 de
264 1703 395 1754 eiusmodi
412 1701 495 1760 ludis.
517 1705 547 1752 ut
565 1705 630 1753 Per·
666 1703 712 1764 ia,
731 1703 772 1754 ia.
792 1704 855 1756 Plio.
875 1707 905 1757 H.
924 1709 954 1758 N.
973 1707 1019 1770 36,
1047 1711 1098 1774 lii.)
1127 1714 1193 1763 Per-

105 1781 159 1830 sins
174 1780 206 1838 5,
226 1779 289 1828 477:
311 1777 406 1840 lipilo,
425 1781 448 1827 et
464 1777 530 1826 cicer
545 1777 631 1841 iopam
667 1790 748 1842 quam
765 1781 831 1830 scite
849 1774 888 1844 ὥς
908 1779 940 1832 ἐν
961 1780 1077 1854 παρόδῳ
1097 1787 1192 1852 Agrip.

104 1856 174 1917 icrpe
190 1852 419 1914 liimtipopalo,
437 1851 630 1902 nostroacll'lo-
666 1864 730 1915 pam
746 1851 844 1904 laudat.
875 1856 1192 1926 [Esthiclocuserpau-

102 1927 384 1989 mbcmaintaprici
398 1926 537 1976 meminisse
552 1938 628 1976 sonas.
666 1924 914 1988 cisillis(0d.l‚6.
932 1929 1190 1998 Epp.i,6‚26.i2,

106 2003 227 2064 datas]
238 2001 350 2052 «cubitis
358 1999 411 2051 late
417 2001 532 2052 distenta
541 2003 628 2063 togam
665 1999 800 2061 ibiunus,
817 1999 863 2050 ubi
875 2002 933 2052 eius
944 2006 1107 2059 mentionem
1120 2008 1189 2062 lacit.

103 2081 133 2128 ut
147 2075 234 2142 Epod.
247 2075 279 2136 l,
297 2075 326 2125 8:
345 2076 407 2125 tien
422 2076 460 2124 bis
470 2075 631 2125 malac-
666 2072 1031 2128 Exomnibnsautemsiucat
1043 2080 1190 2146 lloralium,

103 2165 162 2201 nm
177 2157 247 2214 copo.
278 2149 630 2213 «Utsabtimisiccaaerapro
666 2146 715 2196 etsi
742 2147 829 2198 virum
857 2145 930 2200 ilium
960 2153 1131 2217 primarium,
1162 2162 1192 2208 ut

104 2227 222 2278 astuosa
233 2225 261 2275 et
271 2223 411 2287 magnifice
423 2223 632 2288 saepiuaoccnn-
664 2235 715 2285 par
724 2224 795 2282 erat,
814 2225 965 2288 suspiceret
981 2227 1062 2291 alque
1074 2229 1192 2282 admira-

103 2304 150 2361 ιιι,
169 2302 205 2350 ita
217 2299 316 2349 eodem
332 2301 455 2349 sensnet
471 2299 527 2363 pari
544 2300 630 2349 meta-
665 2299 752 2356 ratur,
780 2309 833 2347 non
856 2299 945 2350 amen
968 2301 995 2350 in
1018 2303 1076 2354 eius
1099 2304 1189 2356 intima

101 2377 187 2440 phora
204 2376 273 2424 ictas
288 2373 454 2423 iamacravel
470 2373 577 2437 metiari
588 2372 630 2422 di·
665 2369 840 2421 familiaritate
873 2375 1010 2425 versalum
1043 2379 1129 2440 esse.)
1161 2405 1188 2416 -

103 2455 177 2501 ctum
194 2461 256 2500 esse
268 2448 417 2499 uideatur.»
437 2449 529 2498 Basra.
553 2447 628 2498 ovid.
664 2444 760 2507 Astata]
773 2445 854 2504 «Quia
865 2445 938 2509 quod
955 2446 996 2497 leo
1009 2449 1118 2512 viribus,
1138 2453 1190 2502 hoc

102 2527 166 2576 ller.
184 2524 215 2583 9,
243 2523 309 2572 tat:
338 2523 481 2585 iapmditcr
504 2523 555 2572 icta
578 2523 630 2571 lato
665 2517 758 2582 volpes
779 2519 874 2568 astutia
897 2521 975 2582 agit.»
1004 2523 1099 2574 Acron.
1126 2528 1191 2576 Pro-

100 2598 242 2662 spwiabilis
255 2611 331 2647 acro.
350 2623 379 2632 —-
397 2597 477 2661 Circo]
495 2596 561 2646 Ludi
577 2598 630 2647 cir·
665 2592 789 2643 verbium
810 2592 915 2642 videtur
936 2595 1036 2658 potius,
1064 2611 1145 2661 quam
1163 2603 1193 2651 ut

101 2686 200 2724 censes
208 2674 309 2735 optime
318 2671 440 2734 expressi
451 2674 514 2722 sant
524 2672 550 2721 in
562 2683 630 2736 ope·
665 2666 790 2718 labellam
806 2669 950 2730 Aesopiam
966 2669 1109 2732 significem
1130 2673 1192 2723 nul-

100 2761 132 2798 re
148 2749 256 2798 mosivo
268 2745 437 2809 Lugdunensi
454 2745 526 2812 apud
537 2745 630 2798 liiiller
665 2743 718 2794 lam
737 2743 809 2792 certe
821 2740 910 2791 adhuc
925 2743 1084 2794 invenerunt
1103 2747 1189 2796 inter·

100 2821 207 2872 Denkat.
222 2821 253 2868 V.
266 2822 298 2870 N.
308 2819 366 2870 429.
379 2847 407 2857 -
417 2825 441 2869 et
451 2820 552 2884 αῶισιιι]
565 2822 631 2870 «Ne-
666 2818 772 2882 pratas,
790 2827 860 2878 quae
878 2816 931 2865 buc
947 2816 1069 2879 quadret.

100 2895 277 2946 marasse
293 2893 629 2958 haecemendatiosetpro
699 2889 837 2941 tsi-tat.
867 2890 904 2939 Nc
924 2891 980 2952 qais
994 2891 1109 2942 humasse
1128 2895 1191 2956 cet]

99 2971 169 3034 autb
185 2981 321 3032 nusquam
339 2969 411 3018 enim
427 2981 520 3018 aeneas
539 2969 630 3031 trisyl-
666 2979 699 3016 ex
710 2965 819 3028 antiqua
835 2962 924 3027 legam
941 2964 1067 3028 formula,
1085 2981 1110 3017 v.
1125 2981 1149 3017 c.
1164 2969 1189 3020 in

100 3044 182 3094 iabou
198 3043 273 3107 apud
284 3044 392 3094 veteres
407 3046 499 3107 poetas
510 3045 630 3094 invenias
666 3043 692 3091 S.
706 3041 735 3091 C.
749 3039 783 3090 de
795 3038 1018 3090 Bacchanalibus:
1037 3043 1075 3092 Ne
1086 3043 1143 3105 qais
1153 3057 1193 3094 eo·

103 3120 161 3181 {nisi
177 3119 248 3168 forte
264 3116 311 3167 nbi
327 3131 410 3181 prave
428 3117 570 3169 ediderunt
580 3132 631 3183 pro
665 3115 855 3165 mocccaact
865 3113 1063 3166 mactassent.
1082 3119 1120 3168 De
1132 3132 1193 3183 per-

100 3193 212 3254 wau),
247 3191 297 3242 sed
331 3191 432 3255 ubique
464 3195 512 3243 aut
537 3196 632 3244 cibam
667 3191 737 3243 iecto
748 3191 867 3241 infinitivi
878 3191 904 3240 in
915 3191 956 3241 his
968 3191 1086 3244 iormulis
1097 3193 1193 3247 sollen-

100 3271 148 3316 aut
169 3270 277 3316 obiam
323 3266 416 3316 Basra.
458 3267 510 3318 Cir.
539 3270 632 3331 Meyer
668 3268 694 3316 ni
706 3266 775 3317 conl.
789 3266 875 3328 Reisig
886 3267 1082 3328 Lat.8procbro.
1095 3271 1190 3332 pilot).

101 3343 181 3391 Anib.
200 3342 257 3391 Late
276 3342 297 3390 l.
314 3339 421 3390 Adnott.
440 3353 466 3403 p.
489 3342 528 3392 47.
557 3344 630 3406 illine
670 3369 697 3378 -
716 3345 748 3394 ut
767 3341 969 3392 narratiunculis
993 3357 1008 3392 e
1028 3344 1080 3393 vila
1103 3346 1192 3408 quoti-

100 3416 267 3466 Dtintzerus:
287 3426 396 3464 «aenam
411 3415 518 3464 hicnon
535 3416 630 3479 tribus,
668 3415 746 3466 diana
755 3417 844 3479 petitis
853 3415 996 3466 utebantur
1004 3417 1082 3466 Stoici
1092 3418 1194 3468 etica-

100 3491 151 3541 sed
172 3489 281 3541 duabus
301 3487 413 3552 syllabis
436 3489 581 3554 elicitur»)
600 3517 629 3528 -
668 3489 1190 3555 domici,sicpersaepeetiamaxempia‚

98 3571 128 3614 at
141 3565 201 3629 ster]
226 3569 272 3614 «nt
296 3563 344 3613 tibi
366 3563 528 3613 decernatur
545 3567 631 3616 statua
668 3564 765 3629 quibus
788 3561 954 3613 illustrabant
976 3563 1049 3614 locos
1070 3577 1193 3615 commu·

97 3653 195 3700 aerem
222 3639 274 3690 aad
299 3639 351 3688 bac
374 3636 484 3701 gloriola
502 3637 631 3704 abreptas
668 3651 731 3699 nes,
759 3636 888 3701 petebant
913 3649 946 3686 er
966 3637 1072 3700 tragicis
1096 3639 1191 3702 poetis,

98 3715 204 3765 interea
230 3725 291 3763 rem
308 3713 381 3762 inam
398 3711 556 3763 familiarem
575 3713 631 3764 dis·
667 3710 898 3778 quemadmodum
918 3711 944 3760 b.
964 3709 981 3760 l.
1000 3724 1032 3761 ex
1056 3711 1192 3776 Sophoclis

95 3789 210 3851 perdes.
246 3789 348 3837 verum
364 3785 469 3837 adeone
487 3785 583 3838 stultus
602 3789 632 3837 tu
667 3788 761 3846 Aiace,
786 3783 833 3834 ubi
858 3783 993 3836 Menelaus
1013 3787 1193 3848 agamemno-
1261 3787 1265 3798 '

96 3863 166 3922 eris,
174 3865 206 3912 ut
213 3857 310 3925 spere's
318 3874 436 3924 unquam
446 3862 512 3924 iore,
525 3862 555 3912 ui
564 3864 633 3913 tam-
668 3863 710 3911 nis
726 3860 836 3910 nomine
853 3859 985 3910 Teucrum
1003 3859 1090 3911 iratris
1107 3863 1193 3913 Aiacis

97 3949 185 3998 quam
205 3935 283 3986 alteri
301 3936 433 3999 Agrippae
451 3935 499 3985 tibi
517 3935 632 4000 populus
669 3934 785 3985 cadaver
801 3932 916 3996 sepelire
933 3935 1014 3984 vetat.
1050 3935 1120 3998 Fingi
1144 3949 1193 3986 au·

97 4009 247 4072 plaudat?-
266 4011 400 4074 imprimis
415 4013 506 4061 autem
517 4013 579 4074 apta
591 4013 632 4061 est
669 4013 724 4060 tem
741 4007 901 4072 colloquium
924 4009 993 4058 inter
1014 4009 1193 4071 Agamemno-

97 4084 183 4135 nnius
193 4083 630 4148 mentio,quialgrippaconsula.
669 4096 732 4134 nem
759 4084 786 4132 at
812 4082 962 4146 gregarium
990 4081 1107 4146 aliquem
1135 4084 1193 4132 aius

99 4171 129 4207 a
141 4172 170 4208 c.
182 4160 242 4210 Ὧι.
253 4161 350 4222 sponte
360 4157 495 4209 aedilitate
507 4161 633 4224 suscepta
669 4155 781 4208 militem
795 4154 873 4219 volgo
884 4157 1014 4215 statuunt;
1033 4155 1082 4206 sed
1094 4155 1193 4205 rectius

98 4230 214 4284 ludiset
230 4233 388 4298 spectaculis
406 4233 634 4297 magnificentissi-
670 4231 841 4283 Sanadonus:
859 4229 961 4281 Horace
976 4236 1025 4280 mei
1040 4244 1076 4279 aa
1087 4229 1194 4279 Stoicica
