2925 4892
293 356 355 423 352
674 354 805 407 nonnrn
821 355 1003 409 seraranan

336 516 451 579 Posset
472 518 646 577 coenantes
672 508 854 588 offendere,
877 522 914 578 ut
933 512 1036 579 Attica
1057 512 1148 599 virgo

337 635 418 703 Cum
439 634 540 701 sacris
563 631 707 709 Cereris,
730 631 878 720 procedit
898 631 1008 699 luscus
1032 633 1220 723 Hydaspes,

337 754 487 824 Caecuba
508 755 582 822 vina
604 755 727 830 serens,
750 752 850 821 Alcon
872 752 986 821 Clu'um
1007 754 1106 820 maris
1128 774 1256 841 expers.
1333 753 1368 817 45

336 878 395 945 llic
416 875 528 943 herus:
550 876 723 953 Albanum,
747 875 934 951 Maecenas,
958 874 1027 940 sive
1050 872 1222 941 Falernum

336 987 504 1085 Tamagis
526 996 682 1085 appositis
704 994 858 1075 delectat,
882 993 1041 1062 habemus
1061 1004 1246 1084 utrumque.

362 1167 403 1217 43.
422 1166 550 1217 caumatis
566 1166 595 1217 E.
618 1193 646 1203 -
666 1166 707 1215 46.
725 1178 783 1217 ena
799 1166 828 1215 E.
849 1192 876 1203 -
896 1164 937 1216 44.
951 1164 990 1214 48.
1003 1169 1153 1227 amnone,
1169 1166 1280 1217 Danas
1295 1167 1343 1217 rni-

327 1254 404 1292 seras.
440 1241 489 1291 Sed
505 1240 622 1291 distinxit
638 1239 816 1291 Heindorflus.

294 1392 346 1441 cet.
382 1390 431 1449 Qui
455 1386 516 1439 talia
541 1386 715 1452 sublegerint,
744 1382 817 1437 aaa
854 1389 962 1452 ponitur
987 1387 1080 1439 viuum
1106 1391 1239 1440 Graecum
1267 1389 1369 1441 salsum.

293 1464 409 1529 λέκτης,
428 1466 544 1515 analecta
558 1464 714 1514 vocabatur.
750 1464 819 1515 hiar-
854 1464 910 1512 lam
933 1463 958 1511 in
981 1462 1034 1512 hoc
1057 1475 1164 1526 quoque
1188 1466 1308 1528 perversi
1329 1463 1372 1513 ali-

293 1538 361 1589 4444444
386 1540 416 1599 i,
442 1540 491 1599 40,
518 1539 567 1589 464
598 1539 717 1601 Cottiaera
742 1538 818 1601 44494
854 1536 919 1599 quid
929 1534 1006 1595 latet;
1024 1536 1074 1587 sed
1091 1536 1213 1587 diversae
1230 1537 1266 1587 de
1283 1539 1332 1588 hac
1345 1550 1371 1587 re

292 1616 504 1675 tarpenacpatat
515 1611 818 1673 daatraAnalectaqaid·
854 1611 917 1659 sunt
949 1610 1127 1675 interpretum
1162 1613 1323 1661 sententiae:
1351 1613 1371 1671 44

293 1688 353 1750 qaid
369 1692 393 1737 ct
407 1701 482 1738 cana
502 1688 666 1749 reliquerant.
696 1686 739 1735 Sic
757 1683 818 1735 Cal·
855 1684 929 1733 «erat
945 1684 1022 1745 igitur
1039 1685 1117 1735 nimis
1134 1684 1226 1747 dulce,
1250 1698 1313 1735 eum
1327 1683 1373 1735 sal

291 1763 358 1813 visio
382 1762 452 1824 (San.
466 1763 512 1826 Ep.
527 1762 578 1824 si.)
596 1761 679 1811 suasit
696 1758 817 1810 Satellius
854 1768 915 1807 sum
936 1756 1080 1821 praelaturi
1104 1759 1216 1809 luissent
1235 1760 1372 1819 convivae,

292 1835 455 1896 Quadratus,
477 1840 506 1885 at
521 1836 700 1899 promnmticos
715 1833 817 1883 haberet
853 1833 946 1893 utpote
963 1831 998 1880 ad
1020 1832 1176 1883 nritandam
1197 1834 1271 1885 sitim
1293 1834 1374 1897 aptius

291 1910 429 1959 4444444444.
465 1908 610 1959 Ridiculum
628 1908 734 1958 4444444
747 1908 814 1956 mira
853 1916 937 1967 quam
954 1904 1063 1966 dulce3»
1082 1907 1134 1957 hoc
1150 1920 1246 1958 rerum
1264 1908 1372 1958 videtur.

292 1983 472 2034 analectorum
490 1982 643 2041 sedulitate.
669 1982 711 2032 oui
729 1995 815 2046 oppo-
853 1978 877 2039 24
896 1980 998 2031 «llerus
1019 1984 1158 2044 umquam
1178 1995 1237 2033 rem
1254 1994 1374 2045 maguam

292 2058 362 2109 nitur
385 2056 569 2121 pocillatorum
592 2056 662 2107 lente
680 2056 815 2107 44444444-
854 2052 950 2102 Chium
967 2066 1066 2117 purum
1083 2055 1214 2116 exhihuit,
1240 2060 1272 2106 at
1297 2054 1373 2105 multo

291 2133 358 2181 tium
382 2146 467 2195 aeque
493 2132 560 2181 mira
585 2130 708 2193 gravitas.
737 2157 765 2166 -
788 2134 816 2179 at
854 2125 1014 2178 salubrius.»
1040 2130 1116 2178 lona.
1151 2129 1200 2179 Alii
1221 2130 1312 2181 minus
1329 2143 1374 2193 ap-

291 2206 373 2256 444444
393 2208 466 2269 sirpo
489 2204 556 2269 cet]
580 2202 652 2253 lento
677 2204 814 2267 ingressu,
853 2199 953 2262 posite:
977 2201 1001 2263 34
1021 2202 1109 2265 «quod
1125 2215 1175 2266 per
1192 2206 1308 2263 terram,
1326 2216 1375 2253 non

292 2279 522 2341 quemadmodum
533 2274 711 2347 κανηφόροι.Ι
738 2278 813 2329 conl.
853 2287 902 2337 per
918 2287 994 2325 mare
1011 2275 1154 2327 advectum
1166 2280 1233 2328 est.»
1251 2279 1314 2328 444.
1333 2278 1376 2339 (Ex

293 2355 345 2403 Sat.
361 2355 389 2414 4,
408 2353 438 2415 3,
457 2353 486 2403 9;
505 2365 580 2415 saepe
594 2352 817 2414 444444αέ0444-
854 2349 919 2399 Chio
951 2349 1035 2401 insula
1067 2364 1117 2413 per
1148 2353 1248 2401 terram
1283 2351 1376 2402 advehi

293 2428 335 2478 bat
358 2428 456 2491 44444444
480 2428 584 2489 hasim,
607 2440 727 2489 persaepe
750 2426 816 2475 octat
853 2425 961 2474 omnino
979 2437 1032 2474 non
1049 2426 1172 2489 poterat.)
1196 2426 1221 2489 4)
1239 2428 1320 2477 «Erat
1338 2427 1376 2475 ri-

280 2502 447 2565 ,aailanonir
457 2514 533 2551 sacro
542 2502 627 2564 serrat.
640 2527 667 2537 -
680 2500 815 2565 Hydaspes]
854 2511 919 2549 oum
935 2512 989 2549 non
1011 2502 1158 2562 Graecum,
1184 2500 1234 2549 sed
1252 2500 1376 2551 adulteri-

292 2577 371 2629 lndos
387 2576 430 2627 vel
452 2577 597 2640 Aethiopes
613 2578 640 2627 in
657 2574 754 2626 familia
770 2588 816 2624 ur-
854 2584 932 2634 num,
968 2586 1001 2623 ax
1034 2573 1124 2624 italico
1150 2578 1374 2638 praeparatum·

291 2652 362 2703 bana
390 2650 491 2702 hahere
520 2654 584 2701 tunc
609 2663 672 2715 pars
697 2648 816 2699 luxuriae
855 2659 937 2708 quam
953 2650 1039 2698 artem
1050 2662 1115 2699 sane
1132 2649 1298 2700 factitabant.
1325 2648 1375 2699 Cir.

292 2730 358 2778 erat.
392 2728 480 2777 4444444
495 2726 674 2777 Alexandrinis
684 2737 780 2785 aonam
790 2724 818 2772 in
855 2721 983 2772 Catonem
1007 2722 1039 2773 44
1062 2726 1089 2773 44
1112 2722 1168 2773 405.
1207 2722 1313 2774 Colum.
1332 2723 1375 2781 44,

290 2815 382 2853 mansas
396 2806 511 2851 navatam
526 2798 710 2864 intendentibus
720 2795 817 2847 uteba-
854 2796 894 2845 37.
916 2824 944 2832 -
961 2796 1094 2862 Attamen]
1112 2798 1151 2849 Cl.
1169 2798 1217 2848 0d.
1234 2797 1265 2859 4,
1289 2800 1334 2858 44,
1351 2798 1375 2846 t.

291 2878 336 2925 tur
352 2874 509 2925 Trimalchio
527 2874 642 2924 Petronii
659 2874 699 2923 34.
736 2872 817 2922 44444
854 2870 948 2919 neuen.
967 2871 995 2932 4,
1019 2872 1068 2926 59:
1097 2866 1154 2921 τῶν
1174 2870 1198 2921 δ’
1216 2869 1307 2922 οἴνων
1323 2886 1375 2932 χα-

292 2948 401 2999 tlumine
428 2948 513 3011 patrio
539 2960 637 2997 nomeu
665 2945 756 2996 hahet.
786 2970 814 2981 -
852 2939 1180 3014 ριέστατοςὸκατὰτὴν
1193 2940 1318 2998 Ἰταλίαν
1326 2942 1378 2995 ’.44-

292 3021 406 3073 Caacnba
420 3020 489 3091 uina]
507 3020 545 3070 Ex
560 3021 631 3070 Latio
643 3032 727 3084 prope
740 3021 819 3071 Cam·
853 3016 945 3082 βανὸς
960 3020 1011 3069 καὶ
1028 3013 1046 3069 ὁ
1063 3018 1248 3089 Φαληρνίτης.

291 3098 385 3161 paulae
407 3095 483 3145 44444.
516 3096 588 3144 Inter
609 3094 815 3157 generosissima
889 3094 929 3144 43.
950 3095 989 3144 rs.
1008 3096 1118 3145 Divitias
1132 3098 1261 3158 miserari]
1280 3096 1378 3147 Horatii

291 3169 374 3221 444444
396 3168 519 3219 Horatius
544 3167 599 3232 (ud.
619 3168 647 3228 4,
666 3168 712 3227 40,
732 3167 756 3216 9.
786 3170 814 3230 4,
855 3180 920 3217 sane
942 3168 1012 3218 haec
1032 3171 1076 3219 est
1095 3168 1263 3221 exclamatio.
1299 3173 1379 3222 Bent-

291 3244 336 3305 34,
355 3245 379 3294 5.
397 3245 426 3303 4,
446 3241 490 3305 44,
509 3243 549 3293 45.
568 3242 597 3303 3,
616 3242 661 3302 48,
678 3242 701 3291 3.
730 3242 814 3306 Epod.
854 3239 921 3291 leius
938 3241 999 3292 ideo
1020 3244 1125 3293 44444444
1148 3244 1201 3294 dici
1225 3245 1376 3303 contendit,

292 3320 321 3381 9,
340 3317 391 3381 36.)
420 3317 532 3369 Videtur
548 3316 681 3367 Nasidieni
698 3318 816 3381 prauitas
854 3315 927 3378 quod
944 3318 1104 3367 nactaesint
1120 3317 1258 3369 dominum
1276 3320 1379 3370 4444444

291 3392 317 3443 44
335 3405 368 3442 44
385 3392 499 3454 versari,
522 3390 595 3456 quod
612 3403 695 3440 unum
713 3392 815 3442 44444444
853 3390 1034 3453 etiudignum,
1047 3393 1304 3457 qnieaspossideat.
1317 3398 1379 3445 Ges-

290 3470 383 3519 ninum
399 3466 518 3535 Italicum
534 3478 670 3529 unumque
684 3468 815 3516 Graecum
852 3476 914 3513 ner:
928 3478 1013 3527 «quae
1022 3466 1060 3516 sic
1069 3465 1209 3517 sollicitum
1220 3467 1378 3519 4444444444-

291 3542 381 3594 afferri
398 3543 523 3602 iusserat,
550 3554 604 3591 non
621 3539 700 3591 simul
725 3538 816 3590 Faler-
851 3539 1052 3601 minum,quem
1060 3542 1376 3605 copiaincertumlaciat,

290 3629 355 3665 num
381 3619 409 3665 et
432 3616 567 3685 Leshium.
604 3614 701 3665 Sordes
724 3616 815 3665 autem
852 3613 916 3677 quid
925 3612 980 3673 det,
992 3614 1057 3677 quid
1069 3627 1121 3664 non
1130 3615 1202 3665 det.»
1219 3615 1269 3666 Alii
1281 3615 1377 3667 eadem

289 3690 347 3753 ipse
365 3689 475 3741 ridicule
487 3691 581 3755 prodit
598 3690 648 3741 alia
659 3692 720 3740 vina
732 3703 815 3753 gene-
851 3688 935 3739 verba
946 3688 1080 3739 Nasidieni
1096 3691 1215 3741 sermoni
1232 3694 1380 3742 annecten-

290 3776 351 3813 rosa
377 3764 493 3816 offerens
518 3766 669 3827 dumtaxat,
702 3777 772 3829 quae
799 3778 814 3814 a
851 3764 1030 3825 decederent,
1057 3762 1164 3814 reculas
1185 3778 1247 3815 suas
1270 3767 1308 3815 iia
1332 3779 1379 3815 ex·

290 3838 444 3889 Maecenate
455 3840 567 3901 petitum
577 3854 629 3891 non
640 3840 671 3895 iri
682 3853 731 3905 pro
741 3842 815 3890 certo
851 3838 997 3897 tenuantis;
1022 3837 1117 3901 idque,
1147 3841 1198 3890 etsi
1220 3852 1236 3889 a
1258 3839 1378 3891 Bentleio

289 3911 405 3971 sciebat;
425 3924 478 3975 quo
495 3913 604 3975 quidem
621 3914 753 3964 renuente
764 3926 816 3964 uec
852 3915 989 3976 umquam
1015 3914 1212 3977 ineptissimum
1235 3916 1377 3973 reiectum.

290 3986 373 4036 ceteri
396 3988 523 4037 44444444
547 3998 714 4051 capescere
737 3990 815 4052 pote-
852 3986 1021 4037 lleiudorflus
1037 3988 1184 4051 patrocinio
1201 4000 1250 4038 suo
1267 3987 1378 4051 dignm

289 4061 363 4122 rant,
391 4059 442 4109 nisi
462 4059 646 4111 inurbanitatis
663 4059 771 4125 culpam
787 4063 815 4112 in
852 4064 955 4112 censuit
977 4063 1089 4125 eiusque
1107 4075 1218 4113 4444444
1234 4066 1291 4113 hm
1308 4062 1379 4112 acri-

289 4148 320 4187 44
338 4134 480 4185 admittere
498 4132 605 4186 vellent.
626 4164 654 4172 -
671 4136 754 4185 maris
767 4150 815 4187 eo-
851 4136 893 4185 ter
909 4138 974 4199 egit,
1001 4138 1031 4186 ut
1051 4136 1150 4198 verba,
1175 4138 1199 4188 si
1216 4136 1250 4186 ab
1267 4136 1378 4185 Horatio

284 4209 352 4275 pers]
370 4202 406 4261 οὐ
422 4206 696 4275 τεθαλασσωμένον,
715 4211 815 4274 cuiop-
851 4224 1013 4275 quocunque
1037 4224 1119 4263 sensu
1144 4209 1245 4276 prolata
1267 4210 1379 4274 accipe·
