2925 4892
478 363 536 416 sin.
556 365 574 414 1.
610 365 706 418 nrrsr.
726 366 814 417 xvtu.
914 417 921 439 ,
1137 367 1194 433 tol

153 517 279 586 Proelia
301 519 461 586 sustineas
483 521 692 609 campestria3
715 522 922 611 —denique
943 544 1074 592 saevam

152 641 293 707 Militiam
316 662 397 729 puer
419 652 451 709 et
473 641 663 710 Cantabrica
684 643 770 712 bella
791 643 890 710 tulisti
1156 647 1198 710 55

153 761 221 828 Sub
243 762 342 840 duee,
366 763 422 850 qui
444 764 571 851 templis
594 763 784 830 Parthorum
806 765 898 852 signa
919 766 1024 853 religit

152 885 243 950 Nune
265 895 311 960 et,
334 885 362 950 si
384 884 464 971 quid
484 883 591 961 abest,
616 884 701 951 italis
723 885 887 953 adiudicat
908 888 1015 954 armis.

153 1009 211 1084 Ao,
234 1041 278 1054 -
299 1025 340 1072 ne
363 1015 394 1072 te
416 1004 562 1073 retrahas
583 1015 618 1072 et
639 1005 868 1074 inexcusabilis
889 1006 976 1074 absis
997 1043 1053 1082 -,

153 1125 308 1204 Quamvis
330 1124 374 1191 nil
396 1136 487 1192 extra
509 1101 678 1193 numerum
700 1127 816 1194 iecisse
838 1127 1035 1217 modumque

152 1246 270 1312 Caras:
294 1245 456 1314 interdum
479 1247 609 1334 nugaris
632 1267 707 1313 rure
730 1257 885 1335 patern03
1155 1254 1196 1318 64)

175 1444 217 1493 tte.
236 1443 321 1507 regtztt
338 1444 376 1493 Lt.
397 1445 436 1506 (Ut
453 1456 510 1502 nos,
530 1443 648 1508 bSEodp,
667 1445 736 1510 γζκ.)
757 1471 783 1481 -
802 1445 843 1494 tt.
862 1446 931 1495 muts
948 1445 1065 1497 malebat
1083 1449 1165 1499 Beat-

142 1518 277 1644 &noticiis
290 1517 331 1569 58.
349 1518 429 1568 obstes
447 1521 538 1569 contra
560 1531 662 1578 ornnes,
681 1520 762 1569 etiem
784 1521 900 1570 Pettierii
917 1533 1061 1584 meosque,
1082 1521 1164 1573 libros

110 1759 341 1824 maliolli.
355 1787 382 1798 -
400 1763 443 1824 qni
459 1761 556 1824 mnata
573 1762 635 1827 cet]
706 1761 796 1812 48-46,
821 1762 864 1827 Ae]
891 1761 970 1826 iunge
991 1775 1054 1813 eum
1074 1777 1099 1813 v.
1118 1765 1198 1816 inter-

111 1837 164 1886 Clr.
182 1835 230 1886 od.
248 1834 273 1896 l,
291 1836 331 1895 te,
348 1837 377 1886 6:
405 1837 437 1886 lit
456 1837 531 1900 signo
552 1841 637 1887 nostro
674 1837 742 1886 ditor.
769 1837 818 1886 Vr.
834 1850 866 1886 ne
882 1842 905 1886 te
921 1862 958 1874 ·-
974 1837 1083 1887 0404440
1100 1851 1198 1902 peren-

110 1911 219 1960 restitutt
235 1911 287 1960 4004
304 1911 415 1972 Derepta
430 1911 580 1960 Parthum
597 1925 638 1960 su-
674 1910 743 1960 thesi
765 1910 853 1974 posita
875 1913 945 1961 sunt.
981 1911 1089 1973 aCogita
1107 1912 1197 1972 modo,

106 1983 354 2046 sermonibus.—
366 1983 536 2049 refigitNrmo]
546 1986 636 2035 «Nune
674 1996 757 2047 quam
772 1996 856 2047 preve
873 1997 982 2047 ageres,
1000 1986 1023 2036 si
1037 1988 1064 2035 te
1076 1986 1199 2036 retrahe-

110 2059 199 2122 ipsum
217 2059 250 2120 (a.
264 2073 290 2108 u.
307 2073 330 2108 0.
344 2058 410 2121 434.)
436 2061 571 2122 Augustus
588 2073 637 2109 au·
673 2072 718 2110 res
735 2059 838 2120 arogis
856 2058 893 2108 tul
909 2058 1018 2119 studiis,
1046 2058 1093 2108 uhi
1110 2062 1136 2110 40
1153 2073 1199 2110 se—

111 2133 232 2182 ctoritate
250 2145 298 2182 sua
316 2135 343 2182 et
355 2133 635 2197 potentiaidperficit‚
674 2144 737 2183 cum
762 2135 888 2184 venatum
907 2137 999 2190 vocat;
1027 2147 1199 2198 nequequam

110 2211 141 2257 ut
155 2207 303 2268 religantur
317 2220 333 2256 a
354 2207 513 2258 Parthorum
531 2206 636 2272 templis
674 2207 746 2257 enim
761 2208 880 2257 caussari
896 2209 1011 2271 poteris,
1030 2211 1056 2258 te
1068 2207 1198 2260 similibus

109 2294 185 2332 arma
196 2282 325 2344 signaque
335 2281 431 2332 Crasso
440 2279 503 2332 olim
512 2281 637 2345 adempta
674 2281 908 2332 exercitationibus
925 2296 1062 2346 uunquam
1075 2296 1198 2344 vacasse,

111 2357 138 2405 et
149 2369 164 2405 a
176 2355 291 2406 Phraate
303 2355 477 2406 restituantur
485 2356 636 2406 Romanis.»
674 2357 833 2420 praesertim
842 2369 904 2406 cum
916 2356 971 2406 ruri
980 2369 1042 2406 eum
1054 2357 1105 2406 tuis
1117 2369 1199 2421 saepe

110 2429 163 2480 Clr.
180 2429 216 2478 nd
234 2429 299 2493 Epp.
320 2430 344 2490 4,
364 2429 404 2488 ta,
422 2430 463 2479 27.
487 2453 514 2466 -·
539 2429 638 2490 siquid
673 2428 766 2488 ludas;
785 2430 814 2479 id
831 2429 904 2494 quod
920 2432 1010 2480 tamen
1027 2431 1138 2481 minime
1155 2444 1201 2482 re-

109 2504 186 2566 aten]
214 2505 258 2554 «si
283 2515 352 2565 qnae
377 2504 451 2566 regio
472 2501 638 2567 longinquior
673 2503 826 2567 prehendo,
845 2504 922 2566 quia,
940 2506 970 2553 ut
986 2504 1132 2564 ingenuum
1149 2504 1200 2555 de-

110 2577 231 2629 nondum
248 2576 370 2627 subiecta
388 2578 443 2638 est,
468 2589 529 2627 eam
552 2578 578 2626 iu
596 2577 637 2626 di·
675 2580 730 2637 eet,
758 2577 785 2626 in
802 2577 853 2626 hoo
870 2589 979 2639 quoque
996 2575 1076 2636 ludo,
1103 2589 1200 2641 quem-

110 2653 217 2703 eionem
250 2649 340 2715 populi
373 2652 483 2701 Romani
515 2650 636 2714 redigit.»
674 2649 821 2700 admodum
833 2650 930 2698 ceteris
941 2651 968 2698 iu
979 2649 1075 2709 rebus,
1088 2648 1200 2700 modum

110 2727 176 2776 Sunt
193 2726 240 2788 qui
257 2728 352 2788 putent
369 2727 522 2777 Armeniam
541 2725 638 2788 signifi-
674 2737 794 2776 servas.»
809 2751 836 2760 -
849 2723 924 2786 absis]
944 2735 1013 2773 «aon
1029 2723 1103 2773 adsls
1119 2737 1200 2774 vena-

110 2802 164 2851 cari
190 2799 288 2850 eodem
315 2813 383 2848 anno
403 2800 524 2849 Artaxias
542 2799 637 2849 adem·
674 2800 739 2850 ttoni
761 2810 777 2846 a
800 2799 910 2862 potente
926 2798 1014 2846 amieo
1030 2799 1199 2860 susceptae.»

110 2879 185 2940 ptam
212 2877 240 2925 et
264 2875 367 2936 Tigrani
397 2873 528 2924 traditam.
560 2872 634 2924 Ovid.
674 2873 840 2924 coniecturis
864 2869 908 2920 vel
930 2871 1046 2920 maxime
1071 2882 1202 2934 superva-

109 2951 187 3000 l'rist.
207 2951 233 3008 2,
252 2949 312 2998 227:
342 2949 414 2996 Noae
427 2949 490 3010 petit
505 2948 638 2998 aurailus
674 2947 765 2998 erneis
775 2944 945 2995 adnumerari
955 2943 1038 2994 debet
1048 2943 1200 2996 Bentleiene

107 3038 216 3087 pacm,
234 3035 301 3072 nuuc
314 3023 424 3086 porrigit
440 3035 517 3072 arens
531 3022 638 3071 Parthus
674 3021 767 3082 obstes,
784 3020 867 3083 petita
884 3032 918 3068 ex
933 3021 965 3068 Α.
983 3021 1012 3068 P.
1031 3018 1093 3069 362:
1111 3020 1132 3068 st
1149 3021 1202 3070 lort-

110 3112 197 3162 00004,
217 3097 307 3146 timida
323 3101 448 3158 ceptoque
463 3097 537 3159 sigito
547 3109 635 3145 manu.
673 3095 729 3159 gius
745 3094 841 3155 044404,
865 3093 912 3144 uhi
929 3094 1074 3156 signifieat:
1097 3095 1143 3144 «Si
1160 3097 1201 3159 pi·

113 3201 138 3209 -
151 3173 183 3222 V.
196 3171 268 3220 itatis
283 3169 317 3220 ab
329 3171 409 3222 orrnls
420 3171 522 3232 seiungi
534 3170 636 3232 nequit,
674 3171 777 3220 oturam
804 3181 837 3218 ex
867 3167 926 3218 loco
951 3165 1031 3232 paulo
1056 3170 1201 3220 remotiore

110 3248 144 3297 ita
161 3249 193 3296 ut
211 3243 253 3295 ille
267 3245 385 3306 dutinus,
404 3244 447 3294 hic
458 3243 589 3294 ablativus
600 3244 638 3292 in·
674 3242 897 3307 contempleris‚»
910 3256 978 3303 non,
998 3245 1044 3292 «st
1056 3242 1114 3293 loeo
1126 3256 1201 3307 pror

110 3323 207 3371 strum.
220 3321 262 3370 sit.
282 3319 321 3370 Cl.
335 3319 382 3368 Od.
394 3321 421 3379 2,
434 3319 474 3380 43,
488 3320 532 3368 ts:
544 3319 639 3368 Italum
675 3330 721 3368 sus
739 3316 790 3366 alio
806 3317 950 3367 verseris.»
965 3341 993 3351 -
1010 3317 1048 3364 att
1063 3322 1140 3366 satra
1154 3331 1202 3366 rat·

110 3395 189 3444 mora
205 3407 255 3458 pro
266 3395 392 3444 Romano.
421 3390 529 3442 Bentleii
547 3395 637 3442 autem
673 3390 779 3451 mamm]
808 3385 886 3458 παρὰ
912 3384 965 3438 τὸν
992 3382 1108 3458 ῥυθμὸν
1136 3388 1198 3451 (τοῦ

111 3469 181 3519 ltalia
197 3468 269 3518 aruis
286 3479 339 3518 non
357 3465 443 3517 solum
457 3467 507 3530 ipsi
521 3467 635 3527 Horatio,
673 3463 766 3526 βίου),
784 3469 860 3513 ntro
875 3463 990 3524 mum,
1008 3457 1086 3531 παρὰ
1100 3459 1198 3525 μέλος,

111 3555 208 3592 rernm
226 3542 307 3591 etiam
325 3538 451 3590 omnibus
468 3540 525 3590 eius
540 3552 639 3602 aequa·
675 3537 859 3596 «inconcinne,
870 3534 1201 3595 contradeeorum;aiehts

112 3614 180 3666 hhus
207 3626 318 3678 prorsus
335 3608 445 3684 ἄκυρον
461 3613 548 3664 visum
566 3615 639 3664 esset
674 3613 805 3672 laederer,
819 3609 1042 3669 Uasohiddiehew
1061 3611 1200 3672 4400000-

112 3687 592 3752 eramusmaerore-adadun]
604 3688 636 3737 V.
673 3689 719 3738 tito
746 3699 763 3736 a
787 3684 954 3749 symphoniis
982 3687 1010 3734 et
1039 3683 1199 3734 histrionum

111 3765 251 3828 proprium
266 3765 292 3813 iu
310 3761 408 3814 finibus
421 3761 556 3826 regundis.
581 3763 635 3811 Cic.
673 3762 786 3814 actione.
805 3757 877 3809 Plato
892 3757 992 3808 Phileh.
1004 3771 1032 3822 p.
1042 3758 1084 3809 48.
1099 3759 1132 3808 Β;
1152 3756 1200 3807 ira

112 3837 144 3887 de
153 3839 229 3889 otflc.
241 3840 266 3898 4,
277 3837 318 3898 tt,
329 3837 373 3887 33:
386 3837 565 3900 lllorumfiaer,
575 3836 639 3884 44004
672 3831 764 3900 μηδὲν
780 3861 795 3872 -
807 3863 823 3872 -
834 3828 912 3903 παρὰ
927 3831 1016 3896 μέλος
1032 3827 1201 3897 φθεγξώμε-

112 3912 158 3973 ipsi
179 3913 316 3971 domant,
334 3911 493 3961 terminavit:
513 3911 541 3959 ia
556 3909 637 3958 medio
672 3905 713 3960 dai
731 3923 766 3958 u.
794 3907 888 3958 Cicero
905 3907 999 3957 Parud.
1012 3905 1038 3966 3,
1052 3908 1078 3966 Ξ,
1090 3907 1139 3956 46;
1155 3906 1200 3956 Hi·

111 3985 226 4035 ratetum
243 3986 309 4046 guod
326 3989 397 4044 erat,
412 3984 507 4046 populo
525 3986 637 4034 ltamoao
673 3983 774 4033 uisos
794 3981 902 4042 padum
924 3994 950 4030 re
965 3979 1042 4030 movit
1057 3984 1134 4029 estro
1149 3991 1200 4027 au-

113 4058 277 4114 adiudieooit.
294 4059 359 4108 Toto
370 4059 461 4107 autem
473 4055 573 4108 exloco
582 4069 638 4106 ma·
672 4069 772 4108 meram
783 4057 833 4106 cet.
844 4069 850 4113 ;
863 4055 1007 4120 opponitur
1017 4055 1045 4103 40
1054 4066 1197 4103 ammana.

113 4145 160 4195 gna
171 4131 262 4183 elucet
272 4131 368 4182 laetitia
380 4132 414 4182 de
426 4132 537 4182 Romani
553 4131 638 4195 impe·
676 4159 704 4168 -
712 4130 826 4194 0090440]
836 4127 928 4180 elicitis
937 4127 1007 4180 ludis
1015 4130 1042 4178 te
1051 4125 1197 4177 oblectes.»

114 4207 143 4255 rii
160 4205 213 4258 sul)
228 4209 346 4270 Augusto
363 4204 444 4270 gloria
460 4219 492 4256 eo
508 4206 635 4270 potentia.
675 4205 727 4256 Cir.
750 4204 784 4254 de
806 4201 903 4254 talibus
920 4201 1071 4253 adultorum
1088 4200 1201 4250 lusioni-

169 4297 333 4344 itamaros.
350 4297 378 4342 41.
408 4308 447 4342 nn.
464 4308 515 4343 rim.
535 4295 571 4342 tlt.
999 4292 1028 4337 36
1103 4352 1105 4354 q
