2925 4892
236 284 296 347 m
717 282 846 333 uonlru

278 444 395 528 Speret
417 439 517 514 idem,
543 436 638 503 sudet
660 436 794 502 multum
816 436 998 523 frustraque
1021 434 1146 503 laboret

278 566 384 627 Ausus
408 560 508 625 idem:
534 569 655 624 tantum
676 558 780 624 series
803 560 1016 643 iuncturaque
1040 556 1155 644 pollet,

278 686 411 747 Tantum
435 680 476 746 de
500 679 606 747 medio
629 680 766 765 sumptis
789 678 915 746 accedit
936 678 1076 744 honoris.

279 802 374 869 Silvis
397 800 526 867 deducti
550 810 684 867 caveant
705 820 757 865 me
782 798 887 867 iudice
911 800 1026 875 Fauni,

279 926 325 990 Ne
349 920 435 988 velut
458 921 553 986 innati
577 920 677 985 triviis
700 941 739 986 ac
761 940 865 1007 paene
888 919 1034 986 forenses
1266 920 1328 984 245

278 1047 340 1111 Aut
361 1042 494 1108 nimium
518 1042 635 1107 teneris
658 1042 849 1107 iuvenentur
871 1041 1019 1107 versibus
1044 1062 1203 1128 unquam,

303 1280 360 1331 243.
380 1280 477 1329 accedet
493 1279 512 1326 Τ
530 1275 636 1338 aliique.
656 1302 684 1312 -
704 1276 762 1326 etl.
781 1278 862 1326 educti
879 1276 932 1325 duo
951 1276 1035 1325 Codd.
1056 1278 1138 1335 l'eae,
1158 1278 1187 1325 ut
1204 1278 1299 1325 conie-

270 1357 306 1404 cit
322 1351 470 1410 Markland,
489 1364 543 1414 quo
561 1352 671 1400 auctore
689 1352 791 1414 recepit
808 1348 921 1401 Schelle.

238 1542 328 1591 tatio.»
354 1540 407 1590 Sed
428 1540 473 1603 qui
495 1540 533 1589 sic
555 1539 763 1599 enarraverunt,
803 1552 835 1587 ex
861 1550 915 1588 uno
941 1538 965 1585 in
992 1534 1105 1585 alterum
1131 1540 1240 1600 tempus
1264 1536 1331 1586 toret

238 1616 340 1665 utiiam
352 1614 413 1673 dixi,
427 1613 555 1663 nonsatis
567 1612 761 1676 expenderunt,
802 1613 938 1661 transitus.
964 1637 989 1645 -
1016 1609 1124 1673 Moeris]
1152 1624 1221 1673 «per
1247 1622 1332 1673 genus

238 1692 273 1739 ita
295 1690 360 1740 satie
381 1688 539 1739 inconcinne
559 1686 614 1746 bis,
641 1700 684 1735 vv.
701 1687 765 1735 attt-
803 1684 909 1736 dieendi
927 1683 1040 1749 simplex
1058 1696 1089 1733 ac
1101 1696 1210 1744 verum,
1229 1683 1281 1735 sed
1293 1687 1332 1733 tn-

238 1763 308 1822 239,
326 1774 474 1825 rursusque
486 1776 529 1810 vv.
543 1759 664 1811 altato.
678 1759 712 1809 de
725 1761 766 1810 ia·
804 1772 866 1811 men
892 1758 1011 1809 studiose
1040 1755 1223 1817 elaboratum,
1251 1770 1333 1821 argu-

238 1836 318 1887 bulae
344 1838 475 1899 satyricae
499 1848 625 1885 sermone
643 1836 766 1884 acturum
804 1836 895 1884 mento
913 1834 993 1883 etiam
1011 1844 1143 1895 perquam
1163 1836 1228 1881 noto
1247 1844 1333 1881 novus

239 1910 320 1961 luisse
348 1912 501 1968 Horatium,
536 1910 580 1971 pei
604 1910 641 1957 ait
663 1908 768 1957 motitur
804 1906 1169 1957 aceeditornatns.»-satts
1182 1904 1331 1955 urbanead

238 1987 328 2046 inepte.
357 1984 488 2034 «Omnino
510 1994 657 2045 sequamur
672 1982 699 2031 in
715 1982 767 2030 hoc
805 1979 1016 2033 h.l.Wieland:
1044 1981 1116 2031 nicee
1138 1979 1213 2029 Stelle
1229 1981 1262 2029 ist
1277 1982 1334 2031 ectr

241 2071 339 2121 genere
357 2057 444 2119 leges,
464 2070 530 2119 quas
548 2057 641 2105 Graeci
659 2056 766 2119 sapien·
803 2055 983 2118 mertrrairdip.
1002 2054 1044 2103 Sic
1059 2054 1152 2103 eatldlt
1163 2055 1216 2103 eins
1225 2068 1275 2104 eon
1287 2057 1333 2105 det

241 2136 283 2180 ter
300 2132 507 2190 constituerunt,
536 2131 581 2192 qui
601 2130 636 2179 ab
655 2129 767 2179 eovitio
804 2144 932 2193 pressea
965 2130 1138 2189 Mysterien
1164 2130 1210 2177 der
1234 2130 1331 2189 liniret,

241 2206 371 2269 imprimis
388 2204 438 2254 sibi
451 2207 593 2264 caverunt,
613 2217 647 2253 ne
658 2202 769 2253 decide·
804 2204 987 2254 welclielloras
998 2216 1066 2266 pens
1076 2204 1265 2253 zuvmsicltticlt
1275 2218 1334 2254 ees-

240 2283 301 2329 rent
317 2281 343 2329 in
360 2291 444 2342 genus
459 2278 565 2328 dicendi
579 2282 714 2328 comicum
726 2280 768 2325 at·
805 2278 946 2327 schwctzcn
963 2277 1060 2339 derne,
1078 2277 1140 2326 eltae
1151 2276 1257 2337 Fumht,
1276 2280 1333 2327 duce

241 2368 294 2417 qne
312 2352 429 2411 humile,
448 2364 612 2415 quamquam
632 2352 694 2401 item
712 2354 767 2401 tam
806 2366 833 2402 er
850 2347 1057 2416 όοηἍμυὴτοις
1072 2356 1149 2401 etwas
1164 2354 1333 2403 vercellen

241 2425 354 2491 simplex
372 2430 398 2476 et
415 2428 532 2477 nativum
552 2439 613 2476 esse
626 2426 720 2486 debet,
740 2427 769 2474 ut
806 2427 875 2477 tete.

241 2501 393 2552 facillimum
412 2502 521 2564 quidem
539 2502 622 2551 cuivis
637 2500 767 2559 videatur,
839 2502 976 2553 stt-250.
1004 2502 1078 2551 Stieis
1095 2501 1201 2565 deducti]
1220 2514 1235 2551 a
1254 2506 1332 2565 poeta

242 2590 304 2627 cum
328 2575 440 2627 multum
464 2575 585 2626 laborem
603 2574 768 2637 multamque
806 2578 832 2626 in
851 2588 968 2627 scenam.
996 2577 1045 2636 Qui
1067 2575 1223 2639 praeierunt
1241 2577 1331 2636 educti,

241 2650 485 2714 ttmamrequirat.»
504 2648 767 2709 Pascall’eareeet,3:
807 2649 939 2715 explicent
957 2650 1109 2709 «educati,·
1129 2652 1160 2698 ut
1175 2650 1247 2713 virg.
1267 2653 1331 2700 Aen.

242 2727 288 2774 les
296 2724 770 2785 meilleurslioresroatceucqueclm-
807 2726 922 2787 6,.toe:
948 2726 1042 2775 Educet
1068 2722 1187 2787 [Silvium
1214 2726 1331 2785 Lavinia)

243 2800 471 2861 paeteretur-croit,
485 2801 546 2859 quit
557 2798 767 2861 amattpascire.
806 2799 874 2849 siluis
890 2812 974 2862 repom
989 2813 1127 2863 cepamque
1140 2805 1284 2861 peremerit.
1305 2828 1331 2835 —
1437 2780 1438 2813 ³

245 2901 271 2909 -
286 2874 450 2935 Speretidcm
467 2872 529 2935 cet]
548 2870 672 2922 Similiter
684 2868 770 2937 οἷμον
807 2874 890 2923 Fauni
911 2875 1017 2937 proprie
1035 2873 1200 2937 respondent
1216 2877 1333 2923 Graeco·
1437 2912 1438 2915 η

243 2948 334 3009 poesis
351 2945 509 3008 Euripideae
532 2947 707 2997 Archimedes
721 2946 771 2995 de·
807 2962 868 2998 rum
889 2948 1018 3008 Paniscis,
1046 2949 1091 3011 qui
1113 2962 1175 2998 cum
1196 2948 1285 2999 Sileno
1302 2962 1332 2997 ac

245 3018 338 3068 scribit
346 3017 450 3067 Anthol.
462 3017 541 3067 Palat.
553 3021 572 3067 i.
585 3033 611 3082 p.
623 3020 683 3068 iit:
698 3020 770 3084 Λείη
808 3023 908 3085 Satyris
917 3024 1038 3087 perpetui
1046 3022 1142 3073 Bacchi
1150 3024 1264 3073 comites
1272 3024 1332 3073 sunt
1437 3008 1438 3041 l

242 3087 361 3160 μὲνγὰρ
377 3089 446 3140 ἰδεῖν
459 3087 771 3161 καὶὲπίκροτος·ἧνδέ
809 3096 1009 3159 (ci.0u.3,is,
1025 3097 1058 3157 t.)
1078 3098 1120 3145 hic
1137 3100 1229 3146 autem
1246 3100 1332 3147 mani·
1437 3098 1438 3127 ³

242 3161 387 3231 verederio
398 3164 550 3237 Εἰσβσλνῃ,
569 3164 695 3225 χαλεποῦ
706 3182 771 3236 cpp—
810 3170 877 3220 testo
904 3170 984 3220 iidem
1006 3175 1068 3220 suut
1089 3174 1169 3233 utque
1186 3172 1285 3233 Satyri.
1305 3200 1328 3207 -

245 3244 351 3313 χυτέρη
360 3239 549 3303 ‹redicamp-
557 3242 632 3291 series
642 3242 771 3291 iunctura·
808 3245 860 3303 Ne,
871 3244 937 3293 uelut
947 3245 1028 3293 iuneti
1040 3245 1121 3293 triviis
1132 3244 1194 3308 cet]
1211 3246 1254 3295 «in
1267 3244 1330 3294 urbe

244 3320 304 3383 que]
329 3319 383 3368 Cir.
402 3316 563 3379 vultisqq.
586 3344 613 3351 —
640 3318 671 3367 de
690 3319 771 3367 medio
808 3319 895 3375 nativ
915 3319 1331 3385 sedcumquedamcontemptu

245 3393 357 3457 nenptis]
374 3392 694 3457 imponunturecquieite.
714 3393 768 3441 Cic.
809 3392 905 3441 dicitur
922 3392 956 3441 de
969 3392 1108 3457 plebecula
1121 3393 1239 3452 urbana;
1254 3408 1332 3457 paene

245 3469 315 3517 Orat.
333 3467 378 3526 te,
400 3468 460 3518 iiie:
492 3466 570 3516 l'erbe
593 3466 696 3529 lepeada
714 3472 771 3516 rent
806 3467 929 3528 forenses,
949 3468 1332 3518 econtinuoversentesinlo-

241 3543 398 3603 potissimum
409 3541 699 3602 praemittendae
710 3556 769 3602 oon,
808 3554 838 3592 ro
848 3560 875 3601 a,
894 3542 1088 3605 circumsoreaei
1105 3542 1255 3605 Ciceronis,
1277 3542 1331 3592 sut-

244 3618 388 3676 aepactae,
407 3616 534 3676 aquisitis
555 3616 590 3664 ud
610 3628 711 3675 suarim,
729 3617 772 3665 sed
808 3617 919 3665 rostreni
928 3615 1008 3665 Caelii
1018 3615 1080 3679 [Cic.
1092 3616 1126 3665 ad
1136 3618 1208 3666 Fam.
1217 3618 1243 3677 8,
1255 3616 1329 3678 nti,

243 3694 343 3751 mmpta
359 3690 389 3737 de
404 3691 493 3739 medio.
513 3716 541 3725 -
564 3690 671 3753 accedit]
701 3692 771 3739 «llo—
808 3686 1329 3761 eiyopdeunotl’latonis(Cr-atpium&

245 3764 315 3812 thius
333 3776 364 3812 en
378 3763 462 3813 Codd.
477 3761 569 3812 maluit
586 3766 692 3824 accedet,
706 3778 772 3827 quo·
810 3764 848 3825 Α),
869 3766 974 3825 alanni,
991 3766 1071 3816 iidem
1082 3767 1331 3828 atqueGreecorum

245 3838 316 3887 niam
342 3839 420 3899 poeta
451 3850 481 3887 se
509 3850 696 3899 aggressurum
723 3838 772 3888 uli·
810 3840 910 3901 Satyri,
934 3839 1047 3903 quibus,
1068 3842 1097 3889 ut
1114 3838 1272 3889 Theocriteo
1288 3852 1332 3901 gc-

245 3910 353 3975 qunndo
370 3911 515 3974 promittat.
539 3911 591 3960 Sed
609 3912 676 3961 haec
687 3912 770 3962 verba
810 3914 879 3973 neri,
905 3915 1029 3963 convenit
1045 3915 1120 3964 diaco
1136 3914 1232 3963 mtetice
1249 3918 1273 3964 et
1284 3926 1331 3975 pc-

247 3989 272 4036 in
295 3986 449 4035 universum
473 3985 609 4046 dicuntur,
634 3990 661 4035 et
678 3990 771 4037 accedit
810 3988 921 4051 stoi-ulis,
941 4001 1006 4050 puae
1021 4002 1071 4037 noo
1089 3988 1174 4051 fortan
1190 3988 1274 4047 medo,
1291 4000 1331 4035 ue-

229 4061 342 4123 ,oodem
366 4061 423 4109 iura
446 4072 499 4123 quo
516 4060 591 4121 pollet
609 4061 771 4112 servandum
809 4066 867 4111 tum
888 4064 968 4124 ipsam
994 4064 1069 4112 etiem
1085 4062 1172 4111 tabem
1188 4062 1331 4125 reformidat

246 4137 312 4185 est.»
326 4138 396 4184 laun.
417 4137 503 4198 Atque
515 4136 709 4197 ingratissimus
722 4138 771 4187 isto
812 4136 925 4199 (Quintil.
940 4138 979 4197 te,
996 4139 1018 4197 t,
1032 4136 1096 4198 et),
1116 4136 1221 4189 duobus
1239 4135 1329 4186 avitiis
