2925 4892
500 363 558 414 ns.
579 364 608 412 rr.
644 365 742 414 arrsr,
761 365 792 414 rr.
1128 364 1191 429 649

144 517 352 596 Perdideret;
376 517 531 605 posthoc
555 519 729 586 vehemens
752 519 849 606 lupus
872 529 904 586 et
926 519 1035 587 sibiet
1057 519 1138 588 hosti

144 639 249 703 iratus
272 638 404 724 pariter,
429 639 545 706 ieiunis
567 639 717 706 dentibus
740 661 831 715 acer,

144 757 348 824 Praesidium
371 757 479 846 regale
501 758 573 826 loco
596 760 728 838 deiecit,
751 771 788 826 ut
808 762 910 837 aiunt,
1149 765 1191 828 30

145 879 279 944 Summe
302 881 422 946 munito
445 891 477 946 et
500 880 670 946 multarum
691 882 791 948 divite
813 903 931 949 rerum.

146 999 261 1068 Clarus
283 999 325 1066 ob
349 1001 380 1066 id
403 1001 519 1067 lactum
543 1001 636 1068 donis
658 1014 792 1068 ornetur
817 1002 975 1082 honestis,
1048 1031 1052 1038 ·

146 1121 270 1208 decipit
291 1133 323 1187 et
345 1121 395 1188 bis
416 1121 499 1188 dena
523 1143 622 1210 super
644 1125 792 1190 sestertia
815 1145 988 1190 nummum.

145 1244 242 1307 Forte
265 1241 326 1308 sub
349 1241 410 1308 hoe
432 1252 559 1329 tempus
581 1244 748 1309 castellum
770 1255 918 1312 evertere
940 1257 1071 1332 praetor
1169 1257 1176 1272 ·

145 1364 264 1428 Nescio
286 1363 375 1448 quod
397 1364 531 1450 cupiens
554 1363 672 1430 hortari
696 1366 804 1452 coepit
825 1366 965 1433 eundem
1150 1371 1191 1433 35

147 1483 275 1562 Verbis,
299 1503 383 1570 quae
406 1484 517 1550 timido
540 1505 671 1572 quoque
693 1497 827 1574 possent
849 1487 970 1554 addere
993 1499 1146 1556 mentem:

135 1719 297 1779 Poulei-ius.)
317 1743 345 1754 -
364 1717 405 1768 23Δ
424 1724 482 1768 tune
499 1719 528 1775 d.
548 1720 601 1769 duo
618 1719 759 1781 Schmidii,
779 1723 807 1771 C.
830 1749 855 1758 -
875 1721 917 1772 44.
936 1722 1111 1784 adtmrptord.
1129 1750 1156 1758 —

135 1793 177 1843 28.
198 1794 273 1855 rupa
288 1799 331 1853 ut,
349 1793 394 1842 aiot
411 1792 528 1843 malebat
545 1793 687 1844 Markland.
710 1823 737 1832 -
756 1795 796 1845 30.
815 1801 895 1861 apuut
906 1797 934 1847 E.
950 1824 976 1833 -
991 1797 1031 1846 32.
1044 1797 1157 1860 ionalis]

135 1867 228 1928 opimis
245 1865 328 1916 Codd.
348 1863 408 1929 aliq.
429 1866 468 1928 (in
484 1879 546 1927 nos,
565 1870 648 1918 nostri
666 1871 692 1918 et
709 1871 825 1920 Pottierii
843 1871 955 1931 omnes.)

104 2067 171 2112 non,
192 2057 222 2102 ut
239 2051 281 2102 alii
300 2052 359 2103 coll.
378 2057 407 2103 Α.
427 2056 454 2104 Ρ.
468 2053 525 2104 tae.
546 2067 630 2118 erpo·
666 2055 758 2104 sidium
776 2055 896 2116 (Antonii)
910 2055 1193 2106 wmadeieritllir·

104 2133 184 2178 nunt:
204 2127 349 2177 edehoen·
376 2128 415 2178 Ci.
436 2129 488 2178 sat.
506 2130 534 2188 Ξ,
554 2129 584 2188 6,
603 2127 627 2179 3.
667 2129 723 2178 tius.
754 2129 807 2178 Liv.
827 2127 857 2190 4,
876 2129 922 2190 443,
942 2129 971 2178 6:
1001 2131 1121 2190 Ddertts,
1148 2131 1193 2191 qui

106 2227 130 2238 -
152 2202 252 2251 Luculli
272 2201 342 2251 mites
363 2201 425 2265 cet]
444 2204 548 2262 «Nune,
568 2214 630 2253 cum
667 2203 693 2251 ia
715 2203 843 2264 praesidio
867 2207 958 2264 aaut,
985 2217 1071 2254 meere
1093 2205 1191 2265 recipit.

104 2279 167 2326 satis
194 2272 314 2338 locuples
340 2277 402 2325 milri
426 2276 532 2336 videor,
560 2275 630 2326 nulla
669 2277 984 2338 Utebanturhocverho,
1004 2275 1194 2342 quiaplerum-

105 2353 156 2400 iarn
175 2349 295 2398 carmina
313 2363 458 2413 compono,
477 2362 587 2412 prorsus
602 2352 632 2399 ut
669 2364 721 2413 que
739 2353 766 2401 in
783 2351 849 2402 locis
866 2351 980 2402 excelsis
998 2353 1047 2402 sita
1065 2353 1128 2401 sunt
1147 2364 1193 2400 aa·

105 2425 182 2474 miles
206 2421 249 2473 ille
271 2421 384 2484 Luculli,
410 2437 472 2474 cum
489 2425 631 2488 pecuniam
668 2425 783 2475 stellaet
799 2439 886 2475 arces.
902 2425 1028 2486 -dtutte1
1046 2425 1193 2488 Porphyrio

106 2503 199 2549 nactus
218 2500 303 2556 esset,
328 2495 410 2547 noluit
427 2511 519 2550 rursus
537 2499 632 2549 disori-
668 2499 799 2561 significat
820 2498 856 2548 ilri
878 2499 1035 2549 Mithridatis
1051 2499 1193 2548 thesauros

106 2575 176 2623 mina
194 2570 258 2622 belli
270 2571 387 2622 subire.»
415 2574 631 2637 APorphyrione
670 2573 759 2622 luisse.
783 2572 886 2621 Adiect.
900 2573 967 2621 dives
978 2572 1140 2621 construitur
1149 2571 1195 2620 laic

105 2649 186 2697 etiarn
205 2647 232 2696 iu
250 2645 296 2695 Ed.
315 2647 399 2709 princ.
418 2645 490 2696 4484.
509 2647 548 2694 iic
563 2647 633 2696 miter
670 2659 732 2696 cum
749 2647 874 2708 genitivo,
892 2643 1031 2704 alodi,
1050 2647 1078 2705 8,
1097 2646 1126 2694 a:
1139 2645 1194 2695 ,di-

104 2726 212 2770 uocatur
227 2719 373 2768 Valerianus
383 2720 547 2781 Semilianrrr,
557 2733 634 2782 prue-
668 2721 718 2769 uite
732 2746 747 2756 -
762 2721 865 2768 mutan.
882 2745 909 2754 -
927 2719 1007 2782 doctr]
1024 2715 1192 2777 militaribus,

104 2797 183 2856 [ectus
199 2793 325 2844 matur
342 2793 376 2856 [id
394 2795 450 2854 est,
476 2796 505 2843 ut
522 2795 630 2858 opinor,
670 2794 753 2844 hastis
770 2794 858 2856 puris,
875 2790 1007 2856 phaleris,
1026 2806 1124 2842 corona
1135 2805 1194 2842 mu·

107 2869 437 2934 praelectuscustroruml.
468 2868 522 2917 Sed
534 2881 632 2918 nomen
671 2865 732 2928 ruli,
755 2868 807 2916 cet.
833 2894 860 2903 -
884 2867 974 2916 Claro
989 2866 1020 2916 οὺ
1039 2867 1068 2916 id
1089 2865 1193 2929 swam]

106 2957 158 2994 non
171 2947 215 2992 est
226 2944 387 3002 Romanum,
408 2945 434 2992 L.
449 2942 547 2992 Luculli
559 2945 632 2993 certe
670 2942 743 2992 llaec
759 2922 833 2992 rufe
851 2942 956 2991 lucret.
970 2943 998 3003 4,
1017 2941 1078 2992 639:
1106 2942 1196 2992 clunis

107 3021 243 3081 tempore:
261 3015 438 3078 legendumne
455 3017 635 3068 Vatertrasm
671 3017 701 3066 ot
717 3015 850 3066 masuram
865 3016 979 3079 4444944444
999 3015 1079 3066 dueta
1100 3015 1195 3066 viden·

106 3093 217 3142 4444444444
231 3103 264 3138 an
286 3089 432 3139 Valerianus
451 3092 491 3140 vet
511 3092 634 3141 Seruilia-
672 3093 715 3139 tur
737 3090 907 3142 Lachmanao
929 3103 955 3153 p.
977 3089 1018 3140 tn.
1041 3116 1070 3126 -
1091 3090 1196 3140 maeatis

106 3167 170 3216 nusi
191 3191 218 3200 -
242 3164 345 3227 mdical
371 3165 493 3214 Viatieum
514 3178 563 3229 pro
585 3180 635 3230 pe·
673 3162 868 3214 «honorificis»
895 3162 985 3214 Altera
1008 3163 1085 3214 lectio
1107 3166 1196 3227 optaris

108 3239 176 3290 culio
204 3241 232 3288 et
258 3237 426 3289 lacultatibus
452 3238 541 3289 militis
572 3239 635 3290 dixit
672 3237 787 3289 lascivae
804 3239 942 3289 variationi
959 3239 1088 3302 originem
1103 3239 1193 3299 debet,

108 3316 188 3365 etiam
201 3314 261 3363 Tae.
275 3315 341 3363 nnn.
357 3314 384 3372 4,
399 3313 438 3362 37.
469 3315 541 3364 Suet.
556 3315 632 3364 Caes.
672 3312 797 3376 qualibus
813 3315 839 3362 in
856 3313 948 3362 aridio
966 3314 1082 3363 maxime
1098 3312 1197 3375 gaude·

109 3391 148 3440 68.
164 3416 192 3424 -
212 3387 352 3452 duumuir]
371 3388 465 3438 Cicero
477 3390 553 3438 Tusa.
567 3389 591 3450 4,
605 3389 633 3450 8,
672 3387 719 3436 bat
736 3388 928 3436 monachorum
949 3385 1035 3435 Seculi
1058 3387 1111 3436 llll.
1133 3399 1193 3449 sqq.

110 3464 153 3513 tii:
181 3475 333 3512 aerumna
351 3463 482 3526 aspritudo
499 3465 633 3514 talemaro.
672 3462 786 3511 licentia.
821 3463 908 3523 nique
931 3461 1039 3510 omuino
1064 3459 1196 3510 ἐπίθετον

111 3565 137 3573 -
150 3537 184 3586 ad
202 3535 291 3599 arsen]
310 3537 361 3586 aad
378 3549 467 3587 assem
485 3535 634 3600 ultimum»
673 3537 766 3597 aptum
779 3547 832 3583 non
844 3536 893 3583 est.
908 3561 934 3569 —
947 3536 1031 3596 reaper]
1043 3535 1194 3597 «insuper.-

109 3615 138 3660 ut
162 3625 226 3661 curn
252 3611 366 3661 dicimus
389 3612 423 3660 ad
446 3625 525 3660 unum
542 3625 632 3661 omues.
674 3608 749 3658 -bis
765 3607 984 3670 dena-rutulio]
1002 3607 1115 3659 toron.
1129 3607 1193 3658 Gall.

113 3713 138 3721 —
156 3686 212 3749 sibi]
230 3687 341 3749 propter
359 3684 559 3747 negligentiam,
582 3699 634 3749 qua
675 3711 701 3718 —
718 3681 762 3732 sub
778 3683 824 3731 ior
840 3681 943 3746 tenpus]
962 3681 1056 3745 «paulo
1073 3682 1196 3745 posthoc

110 3773 201 3810 smum
222 3755 427 3822 (βαλλάντιον,
451 3760 634 3824 Getdlratze)
673 3758 806 3821 tempus.»
825 3755 863 3806 Cl.
877 3757 960 3820 Epod.
971 3758 1001 3816 5,
1013 3756 1054 3806 83.
1069 3757 1198 3806 -castet-

111 3834 272 3897 perdiderat.
294 3861 320 3870 -
339 3835 429 3884 44444444
445 3835 556 3883 dentibus
567 3834 634 3898 acer]
673 3833 725 3882 trau
736 3831 852 3895 evertere]
865 3833 907 3880 Sic
919 3831 998 3880 etiam
1010 3832 1037 3880 in
1050 3845 1198 3895 prosecra-

112 3909 269 3959 Perseverat
285 3909 311 3958 in
329 3907 382 3972 lupi
401 3909 524 3970 imagine.
539 3935 568 3946 -
582 3910 635 3958 toea
674 3909 754 3957 tione.
774 3908 828 3957 Cic.
840 3906 913 3956 orac.
926 3907 949 3967 4,
959 3905 1001 3965 ai,
1011 3907 1055 3956 82:
1070 3907 1108 3956 De
1118 3920 1199 3957 enara

111 3982 203 4044 deiecit]
217 3981 357 4042 «castello,
371 3983 442 4046 quod
455 3981 635 4033 delendebant
673 3981 774 4030 tendis
789 3980 984 4042 diripiendisque
993 3979 1154 4030 nutaret.
1166 4007 1195 4018 ·-

113 4056 266 4108 llitlrridatis
279 4055 387 4116 milites,
407 4056 534 4121 depulit.»
553 4056 632 4106 Lucil.
670 4054 782 4117 prodor]
798 4067 846 4118 pro
859 4054 953 4115 «duce,
968 4056 1155 4117 imperatore»
1169 4057 1198 4104 ut

112 4129 156 4188 29,
175 4131 219 4180 it:
237 4132 361 4182 Detrusua
377 4135 430 4180 tota
446 4132 471 4179 ui
483 4132 635 4191 Mariusque
674 4129 746 4179 haud
754 4142 823 4178 raro.
837 4130 880 4178 Sic
892 4130 945 4179 Cic.
960 4130 1057 4179 delur.
1069 4129 1092 4187 4,
1103 4129 1194 4187 aditi:

114 4204 194 4253 ltalia.
225 4205 279 4254 Cio.
293 4202 403 4268 Philipp.
418 4205 448 4266 8,
466 4205 495 4266 2,
508 4204 543 4278 p:
558 4217 635 4268 prae·
672 4204 873 4267 Epavrainondas,
897 4203 1068 4255 Thebanorum
1084 4203 1197 4265 impera-
