2925 4892
286 378 349 443 688
463 431 467 441 ,
758 378 885 431 ιιοιιιτιι

330 542 466 624 iungere
488 538 516 603 si
538 536 668 602 vetitet
689 536 795 600 varias
818 534 972 601 inducere
995 534 1121 622 plumas

329 660 478 747 Undique
501 658 623 726 collatis
647 656 814 733 membris,
840 668 874 721 ut
897 656 1030 743 turpiter
1052 666 1155 721 atrum

330 782 463 848 Desinat
483 781 515 844 in
536 780 660 867 piscem
681 776 797 843 mulier
816 778 959 843 formosa
980 797 1137 863 superne,

331 906 514 991 Spectatum
536 899 668 967 admissi
691 898 792 965 risum
811 898 962 973 teneatis,
986 898 1103 965 amici?

331 1024 475 1100 Credite,
499 1023 647 1095 Pisones,
671 1021 722 1086 isti
745 1018 873 1085 tabulae
895 1020 963 1085 iore
985 1018 1101 1085 librum

356 1232 381 1282 ι.
400 1242 454 1280 om.
468 1230 497 1279 B.
519 1256 546 1263 —
562 1226 679 1291 pirenos]
702 1238 800 1288 pennos
817 1225 881 1276 Cod.
902 1228 997 1289 Regios
1020 1226 1091 1290 apud
1108 1225 1273 1287 Bentleium,
1292 1228 1346 1290 sur·

321 1319 377 1356 mos
391 1302 520 1354 Bisciolae
538 1302 599 1352 lior.
613 1300 719 1352 subsec.
734 1301 916 1365 1t.p.soe.et
932 1298 1041 1350 Bentleii
1058 1302 1182 1365 suspicio.
1205 1328 1231 1337 —
1252 1302 1277 1351 3.
1290 1316 1346 1351 con-

322 1382 379 1431 lutis
394 1380 428 1439 Τ,
446 1379 552 1427 collectis
568 1390 637 1427 unus
654 1375 868 1426 vindobonensis
886 1376 945 1425 Sec.
963 1374 1028 1424 lilii.
1050 1402 1076 1411 -
1097 1381 1141 1425 out
1158 1376 1294 1425 Βιιιιᾱοιι.
1314 1400 1337 1413 -

323 1458 348 1505 ι,
366 1453 477 1517 umus]
493 1453 563 1502 mirri
574 1454 603 1511 B,
621 1453 656 1501 ud
670 1452 740 1501 missi
757 1450 784 1500 h.
800 1478 827 1487 —
840 1448 962 1500 teneatis?
977 1449 1069 1510 Amici,
1088 1448 1185 1499 Credita
1195 1450 1345 1509 Markland*

291 1632 351 1682 adr.
370 1630 473 1680 Stoicos
484 1629 524 1689 49,
539 1630 562 1678 l.
578 1656 605 1664 -
624 1628 742 1677 induem
754 1627 815 1689 plu-
853 1640 934 1690 quam
951 1628 1001 1678 etsi
1017 1638 1150 1692 perquam
1165 1624 1309 1676 ridiculam
1322 1640 1376 1690 pro

290 1705 353 1769 mur]
371 1702 514 1769 «penicillo
531 1701 703 1763 adiungere.-
721 1702 813 1749 Sceou.
852 1700 926 1751 bavit
950 1701 1115 1753 Goerlitrius.
1151 1703 1208 1751 lloc
1228 1702 1303 1751 enim
1324 1704 1378 1766 epi-

291 1780 354 1831 Plin.
368 1781 398 1829 Η.
411 1781 442 1829 N.
456 1778 503 1838 att,
519 1778 550 1836 6,
565 1776 610 1826 26:
635 1776 663 1825 Si
681 1774 814 1839 (pictores)
853 1776 926 1827 theto
943 1783 1028 1830 utnon
1045 1778 1102 1841 ipso
1124 1776 1227 1828 foedior
1244 1775 1325 1827 nobis
1341 1780 1378 1827 ri-

288 1866 432 1917 purpurom
447 1854 530 1915 soom
544 1851 655 1911 munt,
672 1848 816 1898 coeruleum
853 1848 930 1901 detur
947 1852 996 1903 ista
1013 1850 1123 1914 nigredo
1140 1851 1261 1915 opposita
1273 1854 1378 1916 corpori

290 1928 465 1985 sublinunt,
497 1940 559 1975 mox
579 1924 758 1986 purpurissum
783 1935 816 1970 ee
853 1924 1016 1975 versicolori.
1033 1954 1059 1962 -
1078 1926 1221 1988 iupiscem]
1241 1926 1283 1975 «in
1305 1926 1379 1977 belu-

290 2016 337 2053 ooo
353 2002 506 2050 inducunt
524 1998 730 2061 (insuperirciel.
752 1996 817 2045 «Ce-
853 2012 896 2048 am
915 2001 1059 2056 marinam.
1085 2000 1112 2050 id
1130 2002 1187 2055 est.
1214 2000 1377 2062 pistricem·

291 2081 348 2125 tera
366 2073 487 2124 membra
503 2076 612 2138 praeter
627 2074 707 2135 caput
723 2071 817 2119 huma·
854 2076 914 2123 lca.
944 2075 1001 2133 Quo
1019 2074 1075 2137 ipso
1093 2087 1124 2122 ex
1145 2072 1247 2125 scholio
1265 2078 1326 2124 orta
1342 2076 1379 2122 ri-

292 2163 355 2201 num
374 2152 401 2198 et
418 2149 497 2211 piscis
510 2146 624 2197 caudam
637 2146 746 2208 insuper
757 2142 817 2208 plu·
854 2146 932 2197 detur
957 2148 982 2197 in
1004 2146 1069 2197 Cod.
1091 2146 1240 2197 Helleriano
1258 2145 1340 2198 lectio
1355 2148 1379 2195 in

292 2224 342 2274 mis
353 2222 506 2283 variegare,
524 2220 593 2269 adeo
604 2222 635 2268 ul
646 2221 730 2268 totum
743 2230 818 2267 mon·
851 2222 955 2283 pristin,
969 2220 1103 2284 quomodo
1117 2220 1243 2271 volebant
1255 2223 1338 2272 etiam
1350 2224 1376 2272 n.

291 2300 377 2348 strum
395 2296 571 2359 compositum
589 2294 624 2343 sit
644 2304 678 2342 ax
693 2290 815 2350 muliere,
856 2295 976 2345 Heinsius
998 2297 1025 2344 et
1046 2294 1193 2346 Gronovius
1211 2296 1343 2345 Obserrv.
1356 2299 1377 2353 t,

292 2384 375 2434 equo,
403 2368 460 2420 aliis
476 2366 634 2418 animalibus
651 2364 815 2428 (nominatim
856 2369 895 2418 ta.
909 2382 936 2432 p.
946 2370 986 2419 ts.
998 2372 1099 2419 nrulata
1112 2371 1193 2421 etiam
1206 2371 1282 2433 (ιι.)
1296 2371 1379 2421 torma

220 2458 230 2479 ·
292 2448 319 2497 in
341 2448 436 2495 tnrnco
458 2446 486 2493 et
508 2442 645 2506 pedihus).
672 2439 766 2490 avibus
790 2441 818 2489 el
854 2442 999 2495 masculina
1022 2450 1110 2494 atrion
1127 2447 1154 2495 in
1172 2445 1263 2495 femin.
1284 2452 1378 2495 utrem

293 2522 392 2585 pisce»,
406 2530 491 2583 prope
504 2518 533 2566 ut
541 2514 639 2578 Virgilii
651 2512 736 2576 Scylla
749 2516 815 2563 Aen.
854 2518 907 2567 Sed
924 2517 1013 2569 obstet
1029 2520 1180 2571 ceterorum
1193 2520 1325 2571 Codicum
1337 2532 1380 2569 su·

293 2596 318 2657 3,
331 2595 395 2646 teo:
412 2593 500 2644 leima
515 2592 619 2641 mutuis
635 2589 712 2652 {uum
725 2594 748 2638 st
756 2589 817 2651 pul·
855 2594 970 2643 ctorilas.
992 2620 1019 2629 -
1033 2594 1178 2655 Spectatum
1196 2595 1312 2656 Marici]
1335 2592 1378 2645 l'bi

292 2672 351 2720 cliro
371 2673 472 2731 pectora
491 2667 564 2729 sirpo
580 2664 644 2714 Pube
660 2670 744 2721 ιιιιιιε,
768 2676 817 2723 po-
854 2665 972 2715 tahulam
986 2666 1089 2717 linierat
1099 2668 1197 2731 pictor,
1212 2670 1329 2732 primum
1342 2668 1379 2717 ia-

292 2752 386 2795 stremu
401 2742 507 2792 immuni
518 2752 622 2801 corporo
629 2739 739 2800 pistris,
756 2736 818 2787 Dol—
856 2740 971 2789 mitiores
983 2754 1046 2791 suos
1058 2744 1208 2805 spectatum
1220 2743 1376 2793 advocabat.

290 2820 395 2882 plinton
419 2818 515 2867 caudas
537 2820 608 2864 utero
628 2814 761 2862 conmissa
777 2812 817 2860 lu·
858 2842 884 2850 -
902 2815 989 2878 risum]
1015 2816 1118 2866 Primus
1136 2818 1208 2867 enim
1225 2830 1324 2868 sensus
1341 2820 1378 2866 ast

290 2906 397 2955 porion,
410 2892 438 2941 el
448 2892 562 2941 Derceto
574 2890 600 2937 in
613 2887 729 2937 nummis
739 2888 820 2935 Asca·
855 2887 957 2938 ridiculi
974 2890 1000 2939 in
1012 2890 1164 2941 huiusmodi
1179 2892 1266 2941 forma
1279 2906 1310 2941 ex
1322 2904 1379 2955 par-

293 2966 360 3016 ionis
377 2965 506 3022 iudaeae,
525 2964 588 3011 item
606 2960 739 3011 mulierin
751 2960 817 3011 duas
855 2962 1378 3029 libusnaturasibirepugnantibuscom-

293 3040 406 3104 piscium
418 3037 518 3087 caudas
529 3035 655 3085 desinens
665 3036 817 3085 innummis
856 3038 952 3099 posita,
972 3041 1002 3088 ut
1019 3039 1045 3087 in
1059 3038 1171 3090 deornm
1188 3040 1342 3090 Indicorum
1352 3044 1377 3089 et

216 3118 222 3130 ’
294 3116 323 3163 L.
333 3112 429 3162 Valerii
441 3108 562 3161 duciculi.
583 3109 692 3172 (Eclhel
702 3112 732 3160 D.
743 3112 773 3160 N.
785 3111 815 3161 V.
855 3112 1004 3161 Sinensium
1020 3114 1154 3163 monstris.
1174 3140 1201 3149 —
1224 3114 1376 3179 Languidio-

293 3201 321 3252 p.
333 3186 401 3247 stt.)
421 3184 529 3235 Bentleii
539 3184 656 3246 suspicio
668 3198 717 3247 per
727 3198 757 3235 se
769 3186 818 3234 im·
854 3184 927 3235 seule
937 3185 1052 3235 nonnulli
1064 3186 1241 3249 distinguunt:
1261 3187 1376 3239 mmet

294 3258 709 3327 probabtttssomicistgntticaret
718 3270 818 3309 emem—
853 3260 945 3321 Amici,
959 3262 1067 3321 Credita,
1078 3262 1177 3311 mones
1188 3266 1252 3322 cet¹¹
1271 3276 1321 3325 qua
1334 3276 1375 3311 m-

295 3336 344 3386 bra
361 3338 386 3385 ln
403 3334 481 3384 aliam
498 3333 612 3383 iormam
629 3337 765 3391 mutarem
790 3336 819 3382 nt
853 3336 925 3385 tione
947 3336 988 3385 vis
1009 3335 1085 3385 verbi
1102 3336 1200 3387 Credite
1223 3337 1373 3401 infringitur,
1450 3360 1451 3393 ,

294 3410 486 3469 Ovidlleti,
504 3407 567 3459 642:
585 3408 723 3457 monum
739 3420 818 3457 mern-
855 3408 1074 3471 elintervullum‚
1090 3410 1248 3473 quodrecta
1261 3412 1373 3463 recitatio
1450 3410 1451 3477 J

294 3487 346 3536 tris
360 3484 637 3546 induceresormom3
658 3482 767 3545 idquod
781 3485 819 3547 pi·
855 3485 923 3533 inter
947 3484 1043 3533 miram
1069 3482 1140 3534 illam
1161 3486 1281 3549 speciem
1302 3485 1374 3548 (Aru-

294 3563 353 3610 ctor
369 3560 457 3609 iacere
475 3558 574 3622 nequit.
590 3584 617 3593 -
629 3558 726 3607 collatis
742 3570 819 3607 ruem-
854 3558 932 3623 bala)
950 3560 978 3607 et
993 3560 1170 3623 pracceptum
1184 3559 1274 3609 tacere
1287 3558 1372 3612 debet.

294 3634 358 3696 bris]
383 3635 441 3682 Non
464 3636 506 3683 est
527 3632 632 3682 dativus
648 3646 674 3682 v.
691 3634 817 3695 inducere,
856 3645 964 3696 prorsus
990 3631 1095 3682 tollitur.
1126 3634 1187 3683 Sine
1209 3634 1373 3683 distinctione

295 3707 343 3758 sed
360 3706 490 3756 ablativus
507 3706 658 3757 absolutos:
680 3719 759 3757 «cum
770 3721 818 3757 un·
854 3708 956 3756 tmeotis
972 3708 1048 3757 amici
1061 3706 1195 3758 Bentleius
1215 3706 1312 3771 aliique
1323 3707 1374 3769 teti·

295 3781 376 3842 dique
388 3780 423 3829 its
434 3780 606 3829 conterantur
618 3781 755 3841 mensore,
774 3787 816 3830 ritu
854 3794 897 3831 am
909 3782 975 3845 Fea),
989 3782 1060 3846 quod
1071 3780 1187 3832 nonnulli
1196 3781 1372 3846 explicabant:

295 3855 348 3904 oet.
366 3878 388 3889 -
409 3855 518 3914 cupitor
538 3857 636 3917 cinon]
662 3858 705 3905 Sic
721 3858 815 3920 iunge,
855 3855 994 3915 «admissi,
1012 3858 1103 3919 utpote
1116 3856 1197 3919 inepti
1214 3855 1373 3921 illiospicto-

296 3940 348 3977 non
365 3928 472 3988 turpiter
487 3929 591 3979 uiuum
611 3930 651 3980 ct.
664 3932 730 3995 Epp.
746 3933 773 3991 t.
791 3932 814 3991 3,
855 3933 891 3981 ris
912 3930 1024 3987 amicius
1047 3934 1076 3979 ut
1098 3931 1167 3993 virg.
1185 3935 1252 3981 Aen.
1269 3933 1298 3991 8,
1316 3928 1371 3979 nr:

295 4004 340 4051 ἥς
366 4002 631 4065 inponitur-turpiter
650 4005 757 4061 hirtum
785 4018 816 4054 ex
855 4006 956 4068 quondo
979 4006 1026 4053 litte
1049 4004 1151 4053 ommis
1169 4006 1256 4055 αιιιιοι.
1286 4006 1373 4055 nostra

295 4090 349 4140 quo
365 4076 424 4139 ipso
440 4073 500 4126 loco
518 4077 560 4127 liic
578 4078 817 4141 transposuere
855 4094 918 4129 vero
941 4080 1007 4129 ratio
1030 4080 1076 4129 toti
1094 4078 1268 4143 Epistolorum
1287 4076 1373 4143 generi

295 4153 387 4201 uetere
404 4149 519 4200 editione
538 4164 560 4201 s.
579 4150 596 4200 l.
616 4155 644 4201 et
659 4165 684 4201 a.
703 4154 760 4202 orta
778 4155 819 4203 est
855 4153 932 4217 longe
950 4153 1044 4205 melius
1061 4156 1194 4205 convenit.
1209 4156 1372 4205 -Ceterum

296 4224 375 4275 lectio
392 4226 708 4287 uttoepitcrlirlumuin
715 4228 817 4289 pmcn,
855 4228 971 4291 graviter
994 4228 1166 4292 reprehendit
1182 4228 1330 4292 aequalium
1345 4226 1372 4289 in
