2925 4892
543 375 603 425 ΗΒ.
622 376 642 427 i.
675 378 744 429 SAT.
764 378 804 429 tlt.

513 684 723 753 um
754 692 838 755 m·

165 826 258 893 Ibam
279 826 361 894 sorte
382 828 436 893 via
458 829 571 903 Sacra,
595 830 678 897 siout
698 853 792 899 meus
819 844 869 901 est
897 857 982 912 mos,

166 948 285 1015 Nescio
307 948 387 1037 quid
410 948 569 1017 meditans
590 973 764 1039 nugarum,
789 964 873 1021 totus
897 956 927 1021 in
960 956 1033 1025 iilis:

188 1118 260 1169 ssi.
272 1118 315 1169 11.
335 1118 695 1183 4144411411444444344444144
710 1124 780 1173 coni.
796 1122 867 1175 nullo
884 1125 972 1177 adhuc
990 1126 1058 1181 444444
1070 1128 1183 1181 4444441444.

162 1222 191 1231 -
209 1194 237 1243 2.
254 1206 386 1257 4414444144
400 1198 426 1244 et
440 1198 508 1245 444414
524 1195 573 1247 tc.

155 1334 200 1383 lx.
227 1330 348 1395 volgaris
373 1333 478 1396 opinio,
505 1346 558 1398 qua
584 1335 652 1385 haec
689 1348 759 1400 quos
770 1348 852 1402 saepe
860 1338 966 1392 deridet
977 1344 1058 1405 atque
1070 1344 1215 1408 impugnat.

121 1408 220 1467 444444,
239 1406 297 1455 s'me
314 1407 414 1457 mimus
425 1408 468 1457 est
484 1420 517 1457 ex
533 1408 654 1473 sopuro·
689 1410 815 1463 Notabilis
825 1414 1215 1484 essetcommentatoriscruq.

121 1484 164 1533 nis
179 1494 302 1545 genere,
327 1479 425 1545 garmli
443 1480 652 1546 descriptionem
689 1484 840 1549 inscriptio:
856 1482 978 1555 Ἐκλογὴ
996 1491 1061 1559 sept
1071 1489 1217 1559 44444414-

121 1558 264 1608 contiucre
279 1557 402 1619 4411444144,
424 1554 518 1621 procul
535 1557 652 1609 dubios
689 1572 742 1609 444
766 1560 816 1611 nat
839 1560 1051 1633 ἐπιφερομένου
1068 1562 1119 1615 τὸν
1133 1560 1217 1637 Ὁρά-

120 1630 193 1682 male
204 1628 342 1680 intellecto
351 1642 377 1679 4.
391 1628 432 1679 33.
446 1634 504 1681 orta
515 1634 565 1686 est.
583 1632 651 1682 4414144
687 1646 764 1695 stes,
784 1634 806 1685 si
824 1648 854 1685 re
871 1650 935 1686 vera
954 1640 1063 1701 4414414414
1079 1642 1217 1692 (4444411444-

120 1704 217 1756 lectori
228 1704 334 1767 integro
345 1704 470 1755 continuo
481 1705 595 1769 patebit,
608 1706 651 1756 hic
687 1708 740 1757 tioo
758 1706 918 1771 deberetur,
942 1724 994 1761 nec
1011 1713 1099 1776 potius
1116 1726 1131 1763 n
1147 1716 1218 1765 Cru-

122 1792 175 1830 non
207 1776 308 1842 garruli
335 1774 506 1849 xnpmssr‘ppa
532 1778 650 1843 depingi,
687 1783 751 1845 quio
777 1796 810 1833 ex
835 1784 907 1834 tenui
936 1783 980 1835 illo
1005 1786 1117 1849 vestigio
1142 1790 1216 1853 apud

121 1852 222 1917 qualis,
247 1856 279 1903 ut
304 1852 356 1902 hoc
371 1856 445 1916 utar,
472 1854 544 1919 apud
563 1854 651 1906 Theo-
686 1858 819 1907 Aca-onem
849 1858 903 1909 «de
931 1858 1104 1923 Epagomeuo
1133 1861 1215 1914 dicit·
1293 1855 1300 1865 '
1369 1858 1373 1867 '

120 1931 246 1993 prnstnm
264 1928 353 1989 (Cher.
366 1926 582 1989 441444441411441,
600 1929 651 1981 sed
686 1930 766 1981 ducta
785 1932 865 1982 44444.
901 1932 962 1983 Sine
981 1946 1061 1985 causa
1079 1948 1144 1985 vero
1154 1936 1217 1987 Vol-

120 2002 211 2066 potius
229 2000 257 2050 id
273 2000 326 2051 sibi
342 2004 450 2065 poetam
467 2004 649 2066 proposuisse,
687 2007 747 2069 plus
764 2006 904 2057 4444441444
919 2008 1041 2072 opinatus
1053 2012 1096 2059 eet
1111 2008 1162 2059 hac
1174 2024 1217 2061 sa·

120 2078 177 2127 sive
194 2088 294 2127 reram
309 2090 368 2127 rem
379 2080 469 2127 narrat
479 2078 536 2128 sive
549 2078 649 2140 44444144,
686 2080 736 2129 tirn
754 2078 870 2131 derideri
888 2082 1068 2147 Propertium3
1088 2084 1137 2133 etsi
1155 2097 1217 2147 pro-

119 2154 149 2201 ut
175 2154 270 2201 certos
292 2150 425 2214 quosdam
454 2152 579 2203 hemines
600 2152 652 2202 de·
687 2153 757 2204 lecto
774 2154 872 2204 mirum
889 2168 977 2219 neque
996 2154 1214 2223 lucileexpliontu

119 2225 225 2276 rideret
255 2227 337 2288 atque
363 2227 390 2276 in
415 2228 553 2291 posterum
578 2240 594 2277 a
619 2240 650 2277 se
687 2229 741 2288 est,
769 2242 818 2278 cur
840 2240 978 2292 nunquam
1002 2231 1125 2282 Horatius
1149 2234 1215 2283 Pro-

120 2301 256 2365 abigeret,
275 2302 321 2363 qui
338 2300 427 2351 iudicii
445 2300 604 2365 elegantiam
623 2303 652 2351 et
686 2302 780 2366 pertii,
807 2302 961 2367 Propertius
980 2304 1080 2353 Horatii
1098 2306 1215 2357 mentio-

119 2377 257 2440 poeticam
273 2373 427 2425 incultatcm
443 2376 598 2426 allectantes
612 2378 652 2426 at·
687 2388 750 2425 uem
771 2374 877 2437 lecerit,
905 2390 967 2427 cum
993 2375 1035 2428 ille
1061 2378 1213 2443 Virgilium,

118 2462 173 2513 qne
190 2448 349 2513 exemplum
370 2448 470 2513 Virgilil
495 2452 651 2515 lloratiique
687 2450 808 2511 Vurinm,
843 2450 988 2511 Tibullum,
1024 2450 1088 2503 ulios
1120 2456 1214 2517 poetas

118 2524 246 2575 aemulati
263 2526 292 2573 in
307 2526 468 2576 liaecenatrs
487 2524 651 2576 familiarita—
686 2524 848 2575 amicissima
860 2527 1005 2587 memoret,
1023 2526 1065 2575 hio
1077 2525 1214 2589 Virgilium

118 2602 175 2649 tem
200 2612 233 2650 se
257 2599 398 2649 intrudere
420 2603 582 2650 donarentur
604 2601 648 2663 et,
686 2598 834 2649 admiratus
851 2600 892 2649 sit.
930 2599 994 2649 Vide
1009 2600 1213 2665 etiamadEpp.

119 2686 173 2737 qno
207 2674 311 2723 certius
340 2672 394 2723 hoc
426 2676 648 2737 assequerentur,
686 2672 716 2732 2,
735 2673 762 2731 2,
782 2672 839 2721 too.
874 2673 977 2735 Scripta
988 2672 1094 2721 videtur
1109 2686 1133 2723 a.
1146 2686 1173 2723 14.
1188 2686 1212 2723 c.

119 2748 176 2798 sine
192 2744 250 2795 ullo
266 2746 371 2809 pudore
383 2746 502 2811 nihilque
512 2751 648 2810 verentes,
686 2745 810 2795 its-its.
831 2746 939 2808 (Franke
952 2747 980 2794 et
995 2744 1115 2807 Weber.)
1145 2748 1215 2797 «lle-

119 2834 153 2871 ne
175 2818 262 2871 rilem
286 2832 367 2871 snum
387 2823 415 2871 et
439 2821 575 2873 abiectum
591 2824 650 2873 ant-
686 2817 824 2870 morabilis
836 2821 879 2869 est
890 2819 999 2869 imitatio
1011 2816 1113 2879 Lucilii,
1132 2832 1215 2883 qsram

118 2908 194 2945 mum
220 2893 383 2958 proderent,
412 2894 538 2947 omuibus
562 2897 650 2947 modis
687 2893 714 2943 in
731 2894 820 2957 primo
837 2905 918 2943 versu
936 2904 998 2943 cum
1016 2892 1150 2944 Luciliano
1162 2896 1213 2957 4444,

119 2969 384 3020 444444444144444444114
406 2982 559 3033 expugnare
582 2984 651 3021 con-
687 2968 710 3017 4.
729 2966 799 3018 (leri.
819 2980 845 3031 p.
865 2966 917 3030 44.)
936 2968 1092 3032 comparato
1110 2968 1212 3020 4141144444

120 3044 273 3094 tenderent.
311 3044 399 3094 llosce
424 3044 502 3107 igitur
527 3045 651 3096 homines
686 3042 837 3092 invenimus
854 3044 884 3092 ut
899 3041 1016 3092 verbum
1033 3041 1133 3103 verbo,
1152 3056 1213 3094 cae·

119 3117 189 3169 44444
207 3115 321 3168 sedulos
336 3119 441 3178 41144444,
460 3131 495 3169 ne
505 3118 589 3169 solitis
600 3133 651 3184 pn·
686 3128 765 3166 surae
776 3128 887 3167 caesura
896 3116 1072 3180 respondent:
1085 3116 1215 3181 ltotsome

121 3192 266 3243 rasitorum
282 3191 385 3243 artibus
395 3204 426 3242 44
443 3192 470 3242 414
486 3194 650 3245 Maecenatis
686 3191 763 3251 41444,
781 3190 872 3253 41141144,
884 3191 939 3240 idm
949 3192 1016 3253 quod
1025 3190 1118 3255 peno'?
1133 3204 1214 3253 441411-

121 3267 267 3317 amionem
289 3266 409 3331 irrepere
426 3278 508 3330 posse
524 3272 648 3333 sperent,
686 3264 718 3313 tis
736 3264 871 3315 1441441414·
895 3266 1013 3315 Drusum.

122 3352 151 3391 «a
166 3354 214 3391 me
232 3342 335 3402 cene,-
355 3340 456 3404 inquit,
480 3341 562 3394 «tales
579 3356 650 3393 uun·
719 3339 775 3388 4-14.
793 3338 1042 3404 itam-memnii]
1059 3340 1213 3391 Grdtissima

122 3426 203 3479 qnam
235 3413 528 3466 commendabuntur.»
567 3416 650 3467 Simul
686 3410 846 3477 negligentis
862 3414 889 3462 in
907 3412 1040 3461 narrando
1051 3414 1141 3463 omisit
1152 3414 1212 3462 tuu-

123 3488 216 3541 callide
232 3489 287 3540 hac
303 3500 412 3553 quoque
433 3491 575 3542 occasione
596 3492 651 3541 uti-
686 3489 790 3538 cturam
819 3488 956 3547 llorntius,
995 3486 1105 3535 inseruit
1133 3486 1214 3536 Bent-

123 3564 176 3625 ian,
202 3565 236 3613 nt
260 3562 365 3614 ciuibus
388 3564 444 3615 suis
466 3564 649 3626 demonstret,
686 3562 768 3625 lctus,
786 3564 815 3612 nt
830 3561 971 3625 aliquoties
988 3562 1014 3611 411
1031 3558 1162 3611 Phaedro.
1178 3561 1211 3623 (t,

123 3636 206 3701 qualis
224 3637 277 3687 44444
293 3636 456 3688 familiaritas
474 3652 536 3689 cum
547 3640 651 3690 444444-
686 3638 731 3697 44,
750 3638 774 3687 8.
793 3635 978 3698 4,4,4.444.)
1006 3635 1214 3697 lusignecxem·

123 3716 182 3762 mte
198 3712 377 3763 intercedata
393 3710 513 3776 plurimis
529 3716 649 3777 ignorata
686 3709 760 3774 plum
780 3710 932 3761 huiusmodi
949 3704 1108 3761 ἀσυνδέτου
1132 3722 1214 3773 pree·

123 3786 249 3837 antmsle
262 3787 392 3849 indicata,
404 3789 486 3851 atque
498 3787 650 3839 cuiusmodi
686 3784 734 3834 bet
750 3784 845 3847 Odyss.
863 3802 896 3846 κ,
923 3786 967 3835 set
984 3798 991 3833 2
1011 3778 1145 3850 Ἣιομεν,
1172 3777 1213 3845 ὥς

123 3872 211 3911 utores
228 3860 265 3911 4114
276 3860 410 3925 placeant.
432 3862 522 3912 44141414.
535 3863 564 3911 44
574 3863 649 3911 41141.
686 3856 832 3921 ἐκέλευες,
866 3852 924 3909 ἀνὰ
950 3856 1064 3930 δρυμά,
1098 3854 1210 3923 φαίδιμ’

123 3934 190 3985 Sane
202 3948 256 3986 non
268 3936 357 3987 minus
369 3935 456 3987 odiosi
469 3936 577 3987 ilorntio
589 3948 650 3987 esse
684 3930 835 3989 Ὀδυσσεῦ·
867 3926 1001 4006 4414441144
1026 3933 1057 3985 ἐν
1081 3930 1215 4005 βήσῃσσι

123 4007 260 4060 debebant
288 4010 476 4061 huiuscemodi
500 4012 651 4061 assentato-
686 4011 845 4077 sesvypdva
861 4006 983 4075 deipara
999 4005 1084 4059 καλά.
1100 4037 1128 4045 -
1140 4008 1214 4072 [orte]

124 4096 180 4145 res,
198 4082 425 4147 qnieiusanxilio
438 4084 651 4136 linecenatisla-
688 4084 860 4147 «aliquando,
890 4086 948 4136 sine
977 4086 1051 4134 certo
1077 4080 1214 4133 consilio.»

124 4160 357 4222 roremsncnpsri
367 4158 549 4221 conabuntur,
568 4171 651 4223 quarn
688 4158 764 4209 Conl.
783 4160 848 4222 Epp.
868 4160 896 4220 t,
916 4159 945 4220 ’1,
964 4160 1005 4210 49.
1022 4186 1049 4195 -
1061 4158 1106 4207 oio
1122 4156 1213 4219 84414]

126 4230 205 4283 nvidi
230 4246 263 4284 ac
282 4230 407 4286 malevoli
431 4230 467 4283 illi
491 4233 649 4297 antiquarii,
687 4246 738 4298 per
754 4244 836 4296 quam
858 4233 935 4285 otiosi
952 4230 1126 4285 deambulare
1144 4227 1215 4280 sole·
