2925 4892
635 374 765 427 Monam
782 374 963 427 sarlatensi

645 762 959 826 SAMVL

300 914 370 979 Hoc
391 923 461 979 erat
483 913 514 978 in
536 912 634 978 votis:
658 912 775 979 modus
798 914 866 1001 agri
888 934 953 980 non
977 914 1019 981 ita
1040 935 1191 1003 magnus,

300 1036 419 1102 Hortus
441 1034 498 1101 ubi
520 1043 553 1101 et
573 1043 657 1101 tecto
679 1034 805 1101 vicinus
827 1035 911 1122 iugis
933 1055 1038 1124 aquae
1060 1036 1131 1102 fons

299 1158 338 1224 Et
358 1154 489 1244 paulum
512 1154 613 1222 silvae
636 1176 736 1242 super
758 1155 809 1221 his
830 1156 920 1223 soret.
965 1157 1097 1223 Auctius
1120 1166 1217 1245 atque

299 1278 338 1343 Di
360 1276 476 1349 melius
498 1276 616 1344 iecere.
660 1278 749 1343 Bene
772 1287 830 1344 est.
872 1276 921 1342 Nil
943 1276 1081 1365 amplius
1103 1298 1177 1355 oro,

299 1399 381 1467 Maia
402 1406 492 1478 nate,
515 1397 577 1464 nisi
599 1407 635 1464 ut
656 1399 789 1487 propria
809 1397 891 1465 haec
912 1397 990 1464 mihi
1012 1420 1148 1467 munera
1168 1400 1258 1468 saxis.
1325 1406 1347 1468 5

322 1571 389 1621 sti.
408 1570 451 1621 Vl.
487 1568 511 1621 4,
530 1569 599 1620 uas
616 1570 676 1621 LCt.
701 1567 817 1631 (ascribe
835 1582 868 1618 ex
884 1565 944 1633 pius
956 1568 1053 1620 decem
1064 1572 1163 1622 nostris
1173 1570 1313 1623 codicibus

289 1644 345 1706 Ntt,
364 1645 445 1697 etsie
463 1646 580 1709 quinque
597 1643 761 1696 Puimanni.»
781 1644 873 1693 Basra.
891 1644 960 1694 Item
975 1643 1078 1706 nostri.)
1099 1670 1127 1681 -
1146 1646 1170 1695 9.
1188 1647 1315 1708 desem

289 1784 331 1835 Vi.
359 1784 435 1845 Quod
458 1786 574 1835 maxime
597 1786 623 1835 in
646 1784 714 1834 votis
731 1782 782 1831 ba-
817 1782 933 1833 rusticae
950 1782 1021 1833 bona
1037 1782 1144 1835 extollit.
1171 1785 1245 1835 Zona.
1271 1786 1349 1836 Scri-

258 1859 353 1910 buerat
365 1860 500 1918 Horatius,
520 1856 781 1921 utliberaiiquando
818 1859 862 1922 pta
885 1858 926 1907 cst
949 1859 1033 1907 Satira
1054 1872 1079 1908 a.
1099 1872 1127 1909 n.
1146 1873 1171 1909 c.
1193 1860 1261 1921 723,
1289 1874 1347 1925 quo

256 1934 290 1985 ab
302 1934 375 1984 omni
387 1934 554 1997 negotiorum
572 1945 635 1981 cura
657 1933 684 1981 et
699 1944 781 1982 verae
817 1944 887 1982 anno
905 1931 1034 1982 Sabinum
1057 1934 1082 1983 ei
1104 1933 1212 1984 donarit
1235 1936 1349 1985 Maece-

255 2010 326 2059 vitee
339 2006 536 2072 impedimentis
545 2004 652 2055 sibimet
663 2006 713 2069 ipsi
725 2006 782 2054 ruri
817 2018 879 2067 nes,
907 2007 982 2057 cuius
999 2006 1108 2071 quidem
1131 2008 1259 2073 praedicti
1275 2009 1348 2060 deii-

255 2084 360 2134 viveret
383 2085 462 2146 atque
484 2083 537 2131 atio
558 2094 608 2131 suo
633 2080 780 2137 frueretur.
818 2082 874 2131 cias
898 2082 1007 2133 iamiam
1029 2085 1156 2147 expertus
1181 2087 1252 2145 erat,
1280 2098 1347 2136 cum

256 2158 283 2211 id
301 2159 353 2207 iam
370 2155 446 2207 vitiae
464 2154 577 2207 Sabinae
595 2168 610 2205 a
628 2156 781 2205 Maecenate
818 2156 887 2205 baec
902 2156 1017 2220 scripsit.

257 2232 307 2283 eibi
323 2231 437 2281 donatae
454 2232 625 2295 possessione
638 2232 783 2281 eratesse-
852 2231 906 2280 t-s.
931 2232 959 2280 te
973 2230 1046 2295 uotis]
1064 2231 1107 2281 «in
1126 2233 1249 2295 optatis.»
1277 2234 1346 2296 (Cic.

258 2307 346 2364 cutus3
374 2318 461 2367 neque
485 2308 574 2355 tamen
597 2309 651 2355 tam
674 2304 782 2356 assidue
818 2304 942 2355 adFam.
960 2307 989 2365 2,
1013 2306 1058 2366 43,
1076 2306 1112 2367 2.)
1141 2308 1214 2358 Pers.
1236 2307 1265 2368 3,
1292 2307 1345 2359 48;

257 2392 340 2446 quam
356 2376 435 2429 vellet
457 2379 494 2428 ibi
516 2378 614 2442 degere
632 2380 656 2430 ei
674 2378 780 2430 licebat.
818 2379 879 2439 quid
895 2380 983 2429 dcem
999 2380 1067 2429 sardo
1087 2380 1179 2443 (met,
1202 2380 1272 2431 Scire
1288 2389 1348 2431 erat

257 2453 428 2507 Consuetudo
460 2454 531 2503 onim
563 2456 590 2504 et
619 2453 782 2505 familiaritas
817 2453 845 2502 ta
866 2458 931 2503 voto.
965 2454 1050 2504 Etiam
1072 2455 1101 2505 in
1122 2468 1203 2518 prosa
1226 2468 1265 2504 or.
1286 2456 1346 2507 Cic.

208 2526 215 2546 “
257 2528 416 2582 Maecenatis
433 2528 540 2592 saepius
557 2541 619 2578 eum
637 2530 738 2579 Romae
755 2532 784 2578 et
818 2529 1044 2592 Accue.Verr.5,
1062 2527 1109 2591 st,
1128 2528 1193 2579 ita:
1218 2534 1348 2579 noctem

257 2606 284 2655 in
300 2606 342 2655 bis
358 2602 477 2655 urbanae
494 2605 563 2654 vitae
581 2602 667 2654 turbis
680 2604 783 2654 detine·
817 2608 877 2654 coto
893 2605 1059 2667 cupiditatum
1075 2618 1190 2655 maneo.
1205 2633 1233 2641 —
1246 2606 1347 2668 audac]

256 2679 317 2741 bat,
346 2677 393 2729 ubi
422 2678 532 2743 quidem
563 2677 634 2729 nulla
659 2678 710 2729 elia
736 2693 781 2731 res
819 2679 853 2730 de
879 2682 935 2743 agri
960 2682 1045 2745 spatio
1068 2694 1090 2731 s.
1112 2692 1240 2731 mensura
1262 2681 1348 2731 etiam

257 2754 387 2805 maiorem
404 2754 428 2803 ei
451 2752 599 2805 molestiam
621 2752 780 2815 exhibebat,
819 2752 901 2805 Plaut.
920 2754 978 2805 Aul.
997 2754 1066 2805 Prot.
1084 2756 1130 2805 ⁴3:
1155 2754 1219 2819 Apri
1241 2754 1348 2817 reliquit

258 2842 340 2892 quam
370 2841 464 2878 eorum
501 2828 699 2892 importunitas,
735 2829 781 2890 qui
817 2829 850 2878 cii
865 2843 917 2879 coe
936 2842 1059 2893 mapsam
1078 2831 1188 2879 modum.
1218 2830 1274 2881 Cic.
1293 2843 1347 2894 pro

257 2903 418 2955 Maecenatis
435 2915 487 2953 non
505 2902 593 2951 minus
614 2916 696 2965 quam
714 2909 782 2969 po'e-
818 2902 911 2953 Flacco
922 2903 967 2964 32,
980 2903 1025 2954 80:
1042 2904 1143 2953 cottam
1152 2906 1348 2967 mcprtumwri

258 2980 301 3027 tas
327 2976 446 3025 animum
469 2977 496 3025 et
522 2988 611 3027 mores
629 2978 781 3041 ignorantes
817 2979 919 3028 mcum
942 2978 1045 3028 cenati.
1088 2979 1194 3028 Liviana
1220 2977 1347 3042 exempta

218 3041 222 3049 '
257 3048 300 3101 vei
323 3052 433 3114 propter
455 3047 580 3099 insidiam
604 3063 666 3102 eum
683 3053 781 3117 iniquis
818 3051 923 3116 collegit
939 3051 1073 3103 Drakenb.
1086 3052 1121 3102 ad
1138 3054 1205 3117 Epit.
1219 3054 1248 3103 L.
1257 3053 1300 3103 58,
1313 3067 1344 3117 p.
1400 3106 1404 3113 ,

258 3121 428 3175 sermonibus
449 3122 641 3188 traducebant,
666 3126 724 3187 vei,
751 3130 783 3177 ut
817 3128 875 3177 206.
894 3127 937 3177 ed.
956 3129 1038 3191 stutg.
1060 3155 1087 3165 -
1105 3126 1150 3191 ito]
1170 3127 1344 3187 «admodum,

257 3200 331 3264 ipsos
345 3208 443 3261 resque
456 3210 517 3249 suas
534 3200 635 3263 potenti
646 3201 781 3252 Octaviani
816 3200 921 3263 vaide»,
939 3202 978 3253 sic
990 3214 1072 3264 saepe
1089 3204 1150 3265 post
1161 3201 1344 3264 negationem.

258 3274 345 3324 amico
362 3273 576 3335 commendaret,
594 3276 721 3338 pertinaci
739 3290 782 3327 se·
818 3278 956 3328 Cic.0rat.
970 3277 999 3337 8,
1017 3277 1066 3325 aa:
1096 3290 1148 3326 ooo
1167 3278 1205 3326 tto
1225 3276 1276 3326 tato
1300 3276 1346 3324 ta-

257 3347 366 3399 duiitate
391 3360 485 3411 rogare
510 3361 647 3413 nunquam
673 3350 781 3401 desine-
817 3353 917 3402 temeto
932 3352 1010 3401 mosi.
1031 3376 1058 3386 -
1080 3352 1173 3401 Hortus
1189 3351 1251 3413 cet]
1275 3349 1344 3400 Ptin.

257 3422 331 3474 bant.
366 3422 523 3473 Huiusmodi
540 3424 780 3486 igitursuamcum
817 3429 849 3477 44,
863 3430 893 3477 Ν.
908 3427 952 3486 is,
970 3427 1015 3476 20:
1038 3427 1129 3475 Hortos
1144 3426 1219 3475 vtttm
1235 3426 1346 3489 maea-

256 3500 410 3552 Maecenate
429 3498 655 3549 necessitudinem
677 3514 781 3565 nequa·
816 3502 861 3552 doe
875 3514 926 3551 ooo
945 3506 981 3550 eet
1004 3500 1107 3550 &Mum
1127 3501 1263 3564 rimamus
1283 3513 1346 3551 mc-

257 3585 339 3635 quam
361 3584 423 3622 esse
445 3584 495 3623 nec
518 3570 577 3622 talia
600 3586 630 3623 se
648 3586 780 3637 quaerere
815 3574 1215 3640 commmastconttepat,
1225 3577 1346 3639 procltua

256 3645 385 3706 affirmat,
405 3645 524 3696 consulto
541 3648 685 3699 amicitiam
702 3662 780 3701 suam
817 3663 899 3700 mnae.
921 3674 948 3685 —
967 3650 1034 3714 iupis
1058 3651 1154 3712 oquae]
1181 3652 1224 3701 Sic
1247 3651 1344 3714 iunge,

257 3730 319 3769 cum
336 3717 378 3769 iiio
396 3721 554 3781 extenuans,
573 3724 705 3785 quatenus
722 3725 780 3774 sine
816 3738 871 3775 non
888 3738 951 3776 cum
967 3722 1024 3774 aliis
1040 3724 1107 3788 iupis
1122 3725 1179 3787 sona
1194 3738 1293 3787 oquae,
1316 3725 1345 3776 id

257 3793 335 3842 amici
358 3792 504 3844 offensione
522 3794 579 3845 fieri
601 3799 721 3860 poterat,
748 3812 780 3849 ac
817 3799 889 3863 quod
907 3798 1093 3850 consuetudini
1105 3800 1245 3863 repugnat.
1264 3800 1344 3852 cont.

256 3864 400 3917 salsissime
425 3867 538 3919 irridens
560 3872 657 3933 partim
676 3873 780 3925 invidos
816 3876 883 3938 Epp.
902 3874 931 3933 4,
955 3874 1000 3934 ib,
1023 3872 1064 3922 46.
1086 3898 1112 3908 -
1131 3876 1240 3936 positum
1255 3874 1346 3943 abac]

256 3942 337 4002 atque
364 3941 482 4003 iniquos,
510 3945 607 4005 partim
635 3945 780 3999 molestum
817 3947 1055 4009 consonate,
1074 3948 1160 4012 Misq.
1178 3949 1243 4014 Epp.
1258 3949 1284 4009 4,
1299 3950 1344 4009 46,

256 4014 406 4066 scribarum
429 4028 512 4079 genus
536 4018 569 4080 (in
594 4033 708 4084 quorum
730 4022 780 4074 de·
816 4025 909 4087 bsqq.
930 4023 996 4086 Epp.
1019 4023 1047 4083 4,
1072 4023 1119 4083 ts,
1144 4023 1201 4074 404.
1222 4050 1250 4060 -
1267 4036 1348 4085 asper

256 4090 328 4140 curia
352 4086 438 4153 aliqua
462 4094 614 4154 quaestoria
637 4095 693 4159 ipso
715 4095 778 4147 clim
814 4097 861 4162 bis]
880 4095 944 4147 «dxi
959 4094 1089 4162 τούτοις,
1116 4100 1225 4165 praeter
1246 4098 1345 4149 baec.»

255 4163 352 4227 tuerat)
381 4162 500 4228 aliosque
530 4166 626 4217 borum
661 4170 777 4231 simiies;
816 4174 858 4223 Sic
875 4184 987 4237 prorsus
1006 4173 1045 4223 bis
1064 4186 1140 4237 asper
1156 4173 1227 4238 apud
1250 4172 1346 4225 Silium

256 4252 361 4291 summe
379 4236 457 4291 simui
474 4253 538 4291 cum
553 4244 692 4295 venustate
709 4246 778 4298 vitae
816 4248 844 4309 4,
863 4248 905 4299 60.
939 4248 970 4299 in
986 4261 1067 4313 prosa
1078 4248 1188 4314 quidem
1199 4259 1238 4299 cr.
1251 4249 1346 4313 requi-
