2925 4892
473 391 532 440 ura.
552 392 570 439 ι.
606 391 704 442 rrrsr.
723 391 788 440 xix.
1116 389 1179 452 577

134 545 270 614 Ostendi
293 545 397 622 Latio,
421 563 573 612 numeros
600 546 791 634 animosque
813 555 945 614 secutus

133 665 330 744 Archilochi,
353 685 418 734 non
441 687 494 733 res
516 677 549 733 et
569 667 695 753 agentia
718 665 818 734 verba
839 668 1033 758 Lycamben.
1137 671 1178 734 25

133 793 179 854 Ac
200 809 242 855 ne
265 809 317 854 me
339 787 421 854 foliis
444 787 518 854 ideo
540 786 746 854 brevioribus
771 809 881 865 ornes,

134 908 231 990 Quod
254 909 343 974 timui
365 919 490 975 mutare
511 907 626 974 modos
648 919 681 974 et
702 908 854 974 carminis
877 919 994 976 artem:

135 1034 306 1116 Temperat
327 1027 506 1096 Archilochi
528 1029 651 1096 Musam
674 1028 760 1116 pede
781 1029 925 1098 mascula
946 1031 1092 1119 Sappho,

94 1347 136 1393 tus
154 1344 179 1402 t,
198 1341 239 1391 tt.
267 1339 405 1392 Cornelius
423 1343 512 1392 autem
529 1341 619 1406 Nepos
657 1345 761 1402 autem,
787 1343 838 1393 etei
867 1344 947 1406 negat
974 1344 1106 1406 Dunuer,
1137 1347 1181 1396 hic

95 1419 145 1480 [ap.
165 1414 278 1465 Gellium
290 1417 331 1476 47,
349 1417 390 1476 2⁴,
409 1415 444 1478 8.)
466 1428 528 1467 eum
546 1413 619 1465 Tullo
657 1418 841 1467 Maecenatem
861 1416 1015 1480 alloquitur,
1038 1420 1073 1469 ita
1090 1424 1182 1471 manau

95 1489 204 1540 Hostilio
216 1491 315 1539 Romae
327 1492 454 1553 regnante
468 1489 551 1552 (annia
560 1490 620 1540 673·
658 1493 686 1538 ut
711 1491 798 1552 quivis
823 1489 907 1540 lector
932 1491 982 1541 eibi
1005 1506 1113 1557 quoque
1130 1495 1182 1544 hoc

95 1563 162 1628 ota.)
180 1563 263 1614 iuiaoe
278 1565 410 1628 poematis
422 1562 523 1614 ciarum
536 1566 564 1614 et
575 1577 621 1614 no-
658 1563 709 1614 dici
727 1563 803 1614 iacile
821 1563 955 1628 intelligat.

94 1637 178 1688 bitem
200 1637 289 1686 tradit.
323 1637 364 1688 Ad
383 1636 486 1688 Romuli
503 1639 620 1688 aetatem
690 1639 730 1688 28.
743 1639 785 1687 29.
808 1639 1018 1701 conparatum]
1046 1640 1103 1691 Noli
1120 1656 1182 1693 con·
1211 1641 1214 1644 ’

95 1725 158 1764 eum
175 1710 259 1761 reiert
275 1712 369 1761 Cicero
384 1713 461 1762 Tusa.
475 1712 500 1771 t,
513 1713 537 1773 t,
550 1712 575 1762 3.
590 1739 618 1748 -
657 1715 761 1762 struere
779 1725 841 1762 cum
858 1711 932 1763 aliia:
953 1714 1054 1775 Sappho
1069 1718 1184 1768 musculo

95 1801 145 1838 noo
161 1799 202 1836 ret
214 1785 276 1849 cet]
295 1787 467 1848 meutiquam
477 1799 543 1836 vero
555 1787 620 1836 sim·
657 1791 780 1847 moneat
800 1788 864 1847 pede
886 1788 952 1850 (auo)
974 1789 1075 1838 Mutum
1092 1791 1183 1842 Arcti-

94 1863 199 1928 piiciter
216 1862 242 1911 in
258 1861 381 1911 Latinum
398 1862 517 1910 converti
527 1861 621 1911 Archi·
657 1861 737 1919 tecit,
754 1859 817 1910 aed:
845 1862 947 1922 Sappho
963 1863 1078 1914 marculo
1093 1869 1183 1927 term

95 1937 167 1988 lochi
201 1938 228 1986 in
252 1935 393 1996 cacunem
417 1936 529 1998 eiusque
556 1933 621 1986 tiliae
657 1939 701 1984 rat
724 1935 826 1984 Mutum
850 1935 944 1998 (ouum)
966 1938 1030 1997 pede
1044 1937 1184 1990 Archilochi

97 2011 229 2063 iambum·
249 2011 281 2060 V.
295 2009 328 2060 od
342 2009 424 2074 Epod.
438 2009 462 2070 6,
477 2009 516 2060 ta.
544 2008 619 2059 ovid.
658 2011 845 2072 sicqueetiam
856 2011 1184 2073 tanpeatauuemmdem

96 2087 134 2136 ib.
150 2085 196 2136 53:
216 2087 243 2134 in
260 2090 283 2135 te
298 2085 359 2134 mihi
375 2084 437 2135 tiber
452 2083 550 2134 tuentur
568 2084 623 2132 Tin-
659 2083 720 2133 iacit
732 2083 851 2146 poetriae
863 2083 982 2146 aequalis
993 2085 1114 2138 Alcaeus.
1134 2090 1185 2138 Par

96 2167 137 2210 ctu
147 2159 286 2221 monotheo
303 2161 426 2221 sunpuine
440 2159 490 2208 taio
500 2157 577 2207 dubit
592 2185 619 2192 -
659 2158 711 2206 hoc
723 2156 812 2207 nobile
824 2157 944 2208 referunt
955 2160 1182 2227 nuueudOiymp.

95 2235 209 2299 apertu]
234 2233 391 2295 «agitantia,
415 2232 620 2296 persequentia;
659 2231 700 2291 te,
713 2233 738 2281 2.
753 2232 819 2294 (ott.
832 2245 857 2280 a.
871 2233 943 2296 Chr.)
962 2235 1090 2298 «sappho
1101 2238 1129 2286 et
1139 2236 1185 2288 Ai-

96 2324 166 2374 quae
192 2323 257 2360 eum
279 2307 312 2358 ad
331 2307 507 2372 suspendium
523 2307 622 2370 adege-
660 2317 778 2366 caeam»
804 2305 904 2368 inquit,
929 2309 1110 2360 «carminibus
1129 2311 1186 2362 auia

96 2387 186 2435 runt.»
204 2385 310 2436 Terent.
324 2383 372 2434 nd.
386 2382 411 2442 3,
424 2383 449 2442 2,
462 2383 508 2432 2⁴:
527 2382 623 2432 Ceteros
660 2383 726 2430 scite
744 2381 950 2431 immiscuerunt
974 2396 1102 2434 numeros
1123 2381 1185 2455 (ῥυ-

96 2472 211 2520 raerem,
231 2471 368 2521 operam,
385 2469 515 2520 reperero,
534 2459 623 2507 tonde-
661 2450 766 2519 θμοὺς)
792 2456 820 2503 et
835 2455 908 2503 varia
925 2469 1054 2508 versuum
1071 2472 1184 2521 genera,

97 2537 367 2596 recommemorent.
387 2531 469 2595 Epod.
481 2532 505 2592 5,
516 2531 560 2582 89:
578 2532 624 2582 Di-
661 2529 759 2592 quibua
776 2527 950 2580 Archilochus
968 2531 1006 2592 (ut
1017 2531 1059 2582 vei
1076 2547 1109 2583 ex
1127 2536 1185 2586 eiua

97 2611 286 2671 rhapmnom.
302 2631 330 2642 -
343 2605 498 2668 AeneJVid.
512 2605 621 2670 adEpp
661 2601 779 2666 reliquiis
804 2603 920 2665 constat)
949 2610 1056 2668 praeter
1080 2607 1185 2660 umbos

98 2685 121 2745 t,
136 2685 161 2743 t,
176 2681 217 2732 43.
234 2708 260 2718 -
273 2679 448 2744 sctit-omas]
463 2679 511 2730 Od.
524 2677 549 2740 t,
562 2680 587 2739 3,
598 2679 622 2728 u
662 2689 726 2728 usua
745 2679 787 2728 eet
803 2677 865 2740 (vid.
877 2677 1044 2741 Bentleium),
1062 2681 1112 2731 aed
1129 2682 1188 2732 dia·

97 2757 178 2809 Deliis
195 2755 319 2806 Ονιιιιιιιιιι
333 2755 401 2819 solite
414 2757 510 2804 decen.
525 2779 553 2790 -·
572 2753 625 2804 hre-
662 2765 741 2817 parea
753 2754 815 2802 sunt
833 2751 869 2802 ilii
884 2751 972 2814 mour,
991 2766 1036 2815 eo,
1052 2755 1125 2818 quod
1136 2755 1187 2807 alia

97 2830 218 2895 uteribus]
235 2828 436 2889 «minorihuw
454 2842 522 2888 uon,
542 2825 625 2878 utaiii
662 2829 819 2890 argumenta
847 2828 1008 2889 tractarunt,
1047 2832 1074 2880 et
1101 2833 1189 2883 erdem

97 2904 204 2964 volunt,
225 2916 303 2954 «mox
314 2901 566 2964 flaccescentium,-
585 2904 625 2952 et·
662 2899 1003 2953 versuumahnrchiiocho
1012 2904 1187 2967 inventorum,

99 2983 120 3032 ei
147 2979 273 3030 novimus
298 2978 370 3028 breue
393 2978 490 3039 tilium,
521 2977 626 3026 nimium
663 2989 696 3026 er
713 2975 811 3040 quihus
827 2976 917 3026 Lesbii
941 2981 1037 3040 poetae
1054 2993 1188 3034 unacum

97 3057 184 3106 trever
207 3055 284 3118 noras
306 3065 388 3102 rosae.
426 3053 519 3114 Neque
538 3049 626 3100 afferri
664 3052 695 3102 iia
720 3063 895 3102 numerorum
912 3064 944 3100 ac
960 3065 1089 3104 versuum
1105 3067 1189 3117 geue-

99 3127 221 3180 dehehat
240 3125 338 3190 Virgilii
359 3131 431 3176 tanao
446 3138 542 3176 corona
558 3127 624 3176 Aen.
663 3125 752 3187 ribus,
771 3139 840 3188 quae
858 3127 909 3190 ipoi
925 3127 1099 3190 invenerunt,
1117 3133 1189 3180 atro-

13 3205 15 3208 '
98 3206 123 3266 u,
141 3202 201 3253 556.
222 3204 250 3251 et
267 3203 313 3251 Ga.
333 3201 357 3262 3,
376 3201 422 3250 2⁴:
450 3205 526 3262 caput
542 3204 627 3249 tonant
664 3200 731 3264 phau
757 3213 821 3250 suas
847 3204 1067 3263 composuerunt.
1100 3205 1188 3267 Atque

99 3277 165 3339 [otiis
174 3280 282 3326 matos
290 3275 378 3324 ativae.
397 3276 477 3326 Recte
487 3275 540 3324 iam
550 3275 628 3324 Com·
665 3277 775 3338 propter
791 3275 844 3323 hoc
860 3275 989 3334 maxime,
1008 3275 1081 3336 quod
1095 3274 1146 3326 ulia
1162 3281 1191 3327 et

100 3353 236 3402 mentator
253 3350 376 3412 Cruquii:
404 3350 567 3399 meminere
580 3361 628 3398 co·
665 3361 734 3397 nova
751 3351 908 3409 argumenta
918 3347 970 3396 sihi
984 3353 1189 3410 proposuerunt,

101 3439 166 3475 roua
185 3424 400 3483 medecanam»
421 3423 625 3487 etPorphyrio:
665 3421 781 3471 eandem
810 3419 917 3470 laudem
948 3424 1086 3470 merentur
1109 3425 1190 3485 atque

101 3513 154 3549 una
174 3511 219 3548 me
237 3499 344 3562 parcius
361 3497 468 3559 laudea,
490 3501 626 3559 tamquam
665 3493 852 3553 Archilochus,
877 3496 957 3545 totius
974 3496 1079 3557 generis
1096 3495 1191 3546 inven-

100 3574 126 3623 in
151 3573 248 3623 metris
272 3571 337 3623 nihii
359 3573 487 3624 innovare
506 3585 627 3622 ausum.»
666 3571 734 3620 tor.»
749 3569 857 3631 -petiel
876 3569 1037 3618 enumeris.»
1056 3567 1190 3630 Ci.0d.t,

102 3651 155 3698 «ue
175 3649 219 3707 tu,
246 3648 421 3708 tiemonem
447 3647 544 3711 inquit,
568 3646 629 3696 «id-
667 3643 751 3704 o‚3u:
769 3643 990 3694 teutonicum
1002 3644 1098 3706 pedam.
1118 3646 1189 3694 Μ).

102 3722 175 3772 circo
193 3722 327 3772 minorem
337 3720 446 3774 laudem
457 3721 521 3771 mihi
532 3721 631 3784 imper—
666 3719 713 3769 79:
739 3718 912 3769 hchtochmn
924 3720 1031 3781 proprio
1045 3718 1130 3770 ruhiet
1145 3733 1193 3770 ur-

102 3795 165 3854 tice,
192 3794 266 3857 quod
287 3795 357 3846 uolui
375 3807 537 3859 componere
560 3807 630 3844 nova
666 3794 748 3844 maott
762 3793 862 3843 unte:
882 3794 954 3844 Hunc
970 3793 1035 3844 mcci
1050 3807 1136 3856 cepere
1148 3807 1194 3856 pe-

102 3871 190 3919 metra
208 3870 236 3918 et
247 3871 366 3920 invenire
378 3883 462 3933 genua
474 3871 563 3934 potata
574 3881 631 3920 ure-
668 3869 724 3917 dem
741 3868 859 3930 (versum
875 3869 1019 3931 senarium)
1036 3868 1194 3931 pronumque

102 3942 169 3994 iiaae
196 3957 212 3992 a
238 3945 338 3994 Graeca
365 3955 476 4007 prorsus
493 3943 630 3994 diversum
667 3942 791 3992 cothurni.
806 3941 1081 4005 -moecutasupphol
1098 3953 1192 4003 «quae,

103 4017 174 4080 (quia
195 4017 281 4080 proha
302 4030 507 4082 perspexeram,
534 4015 631 4066 eadem
670 4028 834 4079 quamquam
854 4015 963 4076 mulier,
990 4018 1081 4066 umen
1097 4015 1195 4077 ingenii

103 4093 208 4149 metra,
238 4090 336 4154 utribus
364 4092 456 4142 Graeci
483 4091 525 4142 uui
553 4091 630 4151 sunt,
668 4088 771 4140 vinhua
788 4102 820 4138 uc
842 4089 933 4140 furore
950 4103 1013 4139 vera
1029 4090 1135 4153 poetico
1151 4086 1194 4138 vei

102 4165 241 4228 aptissima
254 4177 314 4216 esse
326 4167 433 4216 Latinae
445 4179 552 4229 quoque
564 4169 632 4230 poe·
669 4165 913 4228 praestantissimos
929 4166 1022 4229 poetae
1038 4161 1193 4226 aequamus

103 4239 145 4300 si),
159 4240 228 4289 scito
239 4240 410 4303 temperare»
423 4243 475 4300 cet.
494 4240 633 4292 Manifesto
670 4237 709 4289 die
728 4237 986 4304 meamhhkrtfttm.
1021 4236 1079 4287 Noli
1104 4236 1195 4285 autem

193 4331 286 4378 Henna.
302 4343 357 4378 vor..
373 4331 400 4378 n.
430 4344 471 4378 no.
487 4343 538 4379 nar.
556 4331 593 4376 iii.
979 4329 1007 4373 37
