2925 4892
498 344 558 395 ΗΒ.
577 344 609 395 tt.
644 344 713 395 SAT.
732 344 798 397 viti.

157 502 236 567 Nam
257 499 335 565 mihi
357 501 525 587 quaerenti
552 501 721 567 convivam
742 500 848 567 dictus
870 501 949 570 here
970 502 1034 570 iiiic
1141 553 1144 562 .

155 622 202 688 Dc
224 620 336 687 medio
357 630 471 708 potare
493 618 556 687 dic.
601 620 670 698 Sic,
694 632 730 687 nt
751 621 829 687 mihi
851 644 1017 711 nunquam

157 744 190 807 in
211 743 278 807 vita
299 740 396 807 iuerit
416 738 540 807 melino.
584 742 646 819 De,
671 742 698 807 si
720 762 907 829 gravem
929 754 993 821 est,

174 924 200 972 2.
215 922 346 985 quaerenti
356 922 488 971 concivem
500 918 606 985 bSEcp,
619 920 703 971 LCtF:
722 922 855 970 concivem
865 922 995 981 6666666666
1006 936 1022 973 6
1033 924 1168 977 Priscieno

145 997 194 1057 (66,
213 994 239 1056 3,
260 994 311 1056 66.)
329 993 462 1045 Bentleius
480 995 507 1044 et
523 993 556 1044 tt.
578 1020 605 1031 —
629 994 683 1043 iteri
698 1006 833 1058 superscr.
851 995 909 1045 itere
924 997 950 1046 8.
971 996 1096 1059 (firment
1111 1000 1169 1051 itere

142 1070 295 1119 Priscianus
311 1067 328 1119 1.
351 1068 368 1119 i.
391 1073 418 1120 et
436 1068 510 1130 bido.)
531 1092 559 1105 -
579 1068 603 1119 3.
623 1068 662 1117 die
678 1082 710 1119 66.
730 1069 781 1127 ,Sic
797 1070 930 1135 Deeriegii
947 1072 1072 1136 suspicio.
1094 1098 1123 1110 -·
1140 1072 1164 1125 6.

141 1145 231 1195 nntius
246 1144 325 1207 [66666
340 1144 367 1193 S.
388 1170 415 1180 -
434 1142 484 1208 Dn]
502 1144 542 1193 dic
557 1142 659 1207 hSEcp,
679 1146 705 1192 et
721 1141 865 1196 Bentleius.

141 1302 164 1350 i.
194 1302 226 1351 Ut
243 1301 307 1366 cet]
334 1302 381 1351 Hic
404 1314 468 1351 usus
490 1299 635 1366 particulae
674 1314 757 1365 quem
772 1304 914 1367 propterca
937 1302 1022 1365 16666,
1052 1308 1082 1355 66
1105 1308 1200 1371 opine-

109 1380 136 1425 rrt
151 1376 179 1425 in
197 1376 405 1438 interrogatione
417 1376 520 1425 directa
531 1375 637 1427 videtur
673 1376 765 1435 batur,
783 1378 905 1427 convivio
916 1380 1030 1443 excepit.
1062 1379 1135 1434 Alius
1145 1384 1199 1432 Nn-

110 1452 243 1501 sermonis
255 1450 401 1513 quotidiani
413 1451 546 1515 proprius.
568 1451 634 1514 Epp.
671 1451 782 1499 66666666
796 1454 962 1502 memoretur
978 1454 1088 1505 66666661.
1101 1456 1131 1517 7,
1148 1456 1197 1517 et,

110 1528 138 1584 6,
156 1524 187 1587 3,
207 1526 258 1575 ⁴2:
281 1526 310 1573 666
325 1524 411 1575 uniet?
426 1530 454 1575 66
469 1526 637 1575 6666666666-
672 1524 709 1584 8.,
727 1525 821 1576 terties
838 1526 864 1577 66
875 1528 957 1576 inscri
978 1529 995 1577 t.
1009 1528 1081 1592 apud
1093 1530 1196 1594 Negen-

108 1598 172 1647 stri?
189 1598 277 1649 Piaut.
291 1600 363 1649 Pers.
378 1600 407 1659 2,
426 1600 456 1659 tt,
475 1599 504 1649 8:
527 1600 636 1649 666666-
672 1598 754 1648 buch.
776 1600 843 1663 Epp.
865 1602 953 1664 Epigr.
1000 1614 1037 1652 ss.
1055 1604 1128 1653 6766.
1147 1606 1195 1666 22,

108 1672 170 1721 tur?
195 1672 305 1722 Terent.
327 1672 421 1724 Heaut.
439 1674 468 1734 6,
488 1672 517 1733 3,
536 1674 581 1723 86ε
608 1678 636 1723 nt
672 1672 699 1721 6:
726 1673 755 1721 6.
775 1675 933 1725 Nesrnrenns
956 1675 1053 1726 ,666666
1078 1678 1196 1741 (iriensis)

107 1746 386 1811 666666-16666666667
404 1749 636 1811 Pronuntiaquat·
674 1746 773 1796 666666.
797 1749 860 1797 irc.
884 1760 954 1799 rrrrr.
975 1751 1042 1800 Gen.
1071 1776 1099 1789 -·
1122 1752 1197 1819 66666]

107 1826 166 1872 tuor
182 1820 296 1885 syllabis
314 1823 390 1885 quasi
406 1824 544 1885 Nasidieni.
579 1824 633 1875 Cir.
673 1820 801 1883 «divium.
819 1823 957 1884 116043,
976 1825 1005 1886 Ἰ,
1023 1825 1048 1875 3·
1081 1828 1121 1877 ΒΘ
1139 1824 1197 1877 Cel-

108 1909 131 1945 r.
145 1898 187 1947 76.
201 1899 230 1946 et
241 1896 283 1947 86.
313 1896 362 1947 Od.
376 1896 405 1957 3,
423 1896 454 1959 6,
473 1897 514 1948 ii.
537 1898 590 1948 Sat.
606 1900 633 1959 t,
670 1896 737 1945 visio
764 1897 874 1947 homine
901 1898 1034 1949 Nasidieni
1061 1912 1194 1965 perquem

107 1971 135 2031 7,
153 1970 196 2020 366.
233 1971 304 2033 virg.
325 1972 392 2021 Aen.
414 1972 443 2031 6,
467 1971 512 2021 33:
539 1973 633 2033 onena.
670 1970 763 2030 simili,
781 1973 883 2022 Seneca
900 1974 1041 2037 Epistii:
1059 1976 1197 2037 qunorn

108 2045 134 2103 7,
152 2045 217 2094 237:
242 2046 385 2106 66666666.
416 2046 506 2095 iuven.
529 2046 559 2106 6,
586 2046 632 2095 88ι
670 2046 722 2095 eidi
738 2046 861 2095 nominem
877 2046 976 2097 6666666
991 2048 1151 2100 6666666666.

107 2118 213 2178 ludim
237 2117 396 2179 entolina,
415 2120 460 2169 et:
487 2119 632 2179 wnnojrnn,
703 2120 756 2169 ne.
774 2122 1052 2188 qnnnenticonnieom]
1064 2124 1197 2174 inruon-

107 2192 139 2241 dc
156 2206 212 2256 quo
229 2193 283 2243 vid.
297 2194 414 2257 Wagner
431 2192 465 2243 ad
483 2194 553 2257 Virg.
566 2196 632 2244 Aen.
671 2192 732 2243 dine
742 2193 1196 2260 iibrosseqnitntiusestqnarnPri-

107 2266 136 2325 t,
153 2266 196 2317 73.
228 2268 297 2317 Feae
313 2264 406 2327 lectio,
426 2268 476 2318 etsi
493 2267 633 2331 probetne
667 2270 791 2319 scianum
800 2270 965 2331 memoriter,
974 2272 1003 2319 nt
1010 2271 1125 2333 videtur,
1134 2286 1196 2337 pro·

107 2341 196 2399 Iahnio
216 2342 259 2401 (ita
282 2340 406 2404 quidem:
435 2343 484 2403 Qut
504 2342 634 2391 Nasidieni
670 2345 729 2406 pier
741 2342 1002 2407 formamirereapud
1014 2344 1196 2397 6166666666-

107 2415 165 2477 666.)
184 2413 420 2479 interpolatoribus
433 2414 560 2476 debetur,
580 2416 634 2466 Pri-
670 2420 798 2480 quentem
814 2419 886 2468 hunc
897 2432 922 2467 v.
936 2418 1139 2469 laudantem·
1152 2422 1194 2470 dt-

17 2532 18 2536 ,
106 2490 195 2539 seiano
213 2492 302 2549 certe,
329 2488 375 2552 qui
399 2491 520 2539 nostram
544 2488 631 2539 firmat
669 2492 731 2557 6666]
744 2506 776 2542 ex
790 2505 916 2543 sermone
928 2492 1081 2557 quotidiano
1092 2496 1195 2557 prodi·

18 2572 19 2579 ¹
107 2564 150 2623 67,
168 2564 199 2621 6,
219 2562 272 2623 38,
290 2562 497 2626 posterioribus,
516 2562 543 2613 id
559 2563 632 2627 qnod
669 2571 761 2623 666666,
772 2570 801 2615 nt
809 2578 890 2629 saepe
900 2565 972 2630 apud
982 2565 1103 2617 Piauturn
1111 2570 1138 2617 et
1147 2569 1195 2619 Te·

107 2636 273 2686 demonstrat
289 2649 313 2685 v.
333 2641 378 2699 qut
399 2648 447 2701 pro
463 2642 492 2687 66
508 2636 551 2688 vel
569 2652 632 2700 qno-
669 2642 798 2701 rentinm,
816 2638 888 2703 apud
903 2652 970 2702 qnos
981 2639 1099 2691 nonnulii
1111 2641 1195 2692 edunt

106 2712 177 2761 niodo
192 2712 285 2762 minus
301 2714 376 2761 recte
394 2712 519 2774 positum.
553 2713 632 2765 Esset
668 2716 772 2775 dictn‘s;
799 2714 826 2764 id
843 2712 916 2775 quod
938 2714 1044 2764 iioratio
1066 2714 1193 2777 equidem

107 2788 188 2837 enirn:
209 2786 357 2849 nnswetcie
370 2786 460 2846 Weiss,
480 2798 547 2836 non:
565 2787 632 2837 6666
669 2790 788 2841 tribuere
805 2788 901 2849 nolim,
920 2789 1008 2841 minus
1025 2790 1106 2841 etiarn
1123 2792 1194 2841 reci-

108 2862 166 2924 ·qui
177 2860 238 2911 deri
249 2862 347 2924 potnit,
360 2862 390 2909 nt
400 2860 534 2911 Nasidieni
546 2874 631 2911 coenn
668 2878 734 2930 pere
745 2865 878 2926 Doeringii
890 2862 953 2913 iilud
966 2864 999 2927 (v.
1011 2864 1045 2927 3.)
1055 2864 1094 2913 die
1105 2878 1138 2914 66.
1151 2866 1194 2915 Sic

107 2938 131 2985 te
147 2937 290 2985 iuvareti»
312 2947 394 2998 prava
412 2936 503 2998 utiquo
521 2939 631 2986 senten·
668 2943 720 2991 cet.
732 2939 836 3003 -neret
855 2936 960 2999 Quintil.
975 2939 1044 3000 6,7,
1063 2940 1107 2989 22:
1125 2940 1194 2990 itere

106 3010 147 3059 666.
182 3010 402 3073 Operamantem
420 3012 447 3059 et
463 3006 551 3059 oleam
567 3022 631 3074 per-
666 3028 734 3065 nune
749 3014 773 3063 N
788 3014 873 3063 littere
888 3014 1068 3071 6666666666,
1085 3018 1192 3065 nonen·

106 3083 182 3145 dunt,
202 3084 249 3147 qui
267 3084 380 3134 credunt
391 3084 453 3134 dcto
465 3085 572 3135 nomine
585 3084 631 3135 de-
666 3103 726 3139 rom
741 3090 894 3138 cemioonrm
910 3088 992 3137 oditnc
1008 3088 1078 3137 666666
1093 3089 1193 3139 6666666

106 3160 183 3209 rideri
214 3160 261 3209 aut
291 3160 322 3219 Q.
346 3158 498 3220 Nasidium,
525 3160 630 3209 Antonii
667 3162 734 3213 iteri
754 3163 856 3212 adme
877 3163 975 3223 66666,
1002 3161 1149 3224 6666666666
1165 3164 1193 3212 in

106 3232 631 3296 666666(Ι)66(1666.60,63.),666866-
667 3237 776 3299 66666666
798 3236 919 3299 6666666,
949 3249 1013 3297 qnae
1038 3248 1087 3286 666
1112 3250 1193 3287 mono

106 3309 241 3359 ridiennrn
270 3308 380 3367 Nuium,
410 3305 526 3371 legatum
551 3309 632 3359 0666-
666 3312 766 3373 rcn‘psit
785 3316 831 3361 666
852 3311 1004 3371 emendavit,
1030 3310 1193 3372 (6666666666-

106 3384 185 3443 riani,
214 3382 250 3431 de
276 3394 330 3444 quo
355 3380 426 3431 nulio
452 3382 533 3433 modo
558 3381 630 3446 loqui
667 3390 761 3435 666-
778 3383 998 3447 Demedio-die]
1016 3384 1128 3447 Eppt,
1146 3383 1189 3443 66,

107 3458 209 3519 poterat
228 3456 362 3507 Horatius.
381 3454 546 3507 Salvidienus
558 3458 630 3507 enim
668 3459 714 3511 di:
740 3460 824 3509 666666
844 3460 875 3507 de
895 3458 957 3507 tuce.
987 3456 1066 3507 Solita
1090 3470 1191 3507 coense

106 3531 209 3581 6666666
234 3530 275 3580 est
297 3528 332 3579 eb
349 3530 493 3581 octavinno
511 3544 535 3581 6.
556 3544 583 3581 u.
604 3545 628 3581 c.
667 3534 734 3585 hora
750 3533 799 3583 init
810 3545 889 3583 6666.
907 3532 973 3597 Epp.
988 3532 1012 3592 6,
1025 3532 1053 3593 7,
1072 3532 1118 3582 76;
1136 3533 1193 3583 Post

106 3604 158 3656 766.
189 3604 249 3668 (Dio
267 3604 341 3655 Coss.
357 3603 404 3665 68,
422 3604 463 3655 33.
492 3604 628 3669 velleii,
665 3611 857 3659 nonnrnomies
874 3606 917 3670 (ad
933 3606 1063 3669 coenam).
1091 3607 1191 3658 Cicad

107 3678 163 3740 76.);
185 3680 257 3729 haec
278 3681 370 3728 autem
387 3680 471 3729 Satira
488 3680 586 3745 scripta
602 3693 627 3731 a.
667 3684 740 3734 Fam.
758 3682 787 3739 8,
805 3682 850 3743 76,
874 3682 903 3729 i:
932 3680 1105 3731 decubuerunt
1128 3682 1192 3732 noro

108 3766 131 3803 6.
143 3767 166 3805 c.
179 3752 238 3805 766.
259 3752 385 3817 (6666666.)
402 3752 444 3804 vei
458 3755 527 3817 766,
545 3758 575 3805 66
586 3754 629 3805 aiii
665 3770 742 3806 6666.
772 3754 881 3807 Martini.
894 3753 925 3815 6,
938 3754 966 3813 8,
979 3756 1008 3804 6;
1027 3755 1137 3817 irreperet
1147 3770 1192 3807 66-

107 3828 201 3879 volunt.
238 3828 395 3880 Nasidienus
413 3828 495 3881 liuius
515 3829 629 3881 testibus
665 3836 773 3882 66666666
786 3830 906 3893 [ronnei-e
921 3842 991 3879 6666
1006 3834 1081 3880 teror.
1115 3831 1191 3881 idem

108 3902 255 3954 Scholiastis
284 3902 333 3953 tuit
361 3916 446 3967 equos
477 3906 627 3965 Romanus,
666 3908 696 3966 7,
714 3906 761 3967 66,
780 3906 820 3954 66.
839 3904 934 3954 horam
951 3905 1073 3955 decinam
1089 3918 1191 3956 666666

109 3974 215 4028 fortasse
233 3976 404 4041 publicanus,
423 3980 454 4028 nt
470 3980 578 4031 Porcius
593 3981 627 4043 (v.
667 3980 791 4043 assignat
821 3979 852 4028 V.
873 3980 976 4029 Becker
993 3980 1080 4029 666666
1098 3981 1141 4029 lii.
1161 3992 1189 4044 p.

109 4049 165 4111 86),
189 4052 233 4101 cui
256 4050 327 4102 utilis
343 4064 405 4102 esse
422 4055 528 4117 poterat
544 4054 570 4105 in
588 4054 629 4105 his
667 4054 724 4104 679.
760 4054 923 4105 Censorinus
933 4052 975 4104 76.
988 4053 1068 4103 docet
1081 4053 1191 4117 quadri-

111 4121 186 4175 iiiisre
198 4126 311 4189 negotiis
320 4125 476 4178 adiuvandis
488 4129 515 4177 et
525 4128 552 4178 in
563 4140 630 4179 con·
666 4129 763 4193 partito
776 4128 890 4179 divisum
907 4127 989 4178 666666
1000 4128 1087 4178 diem:
1105 4141 1189 4187 mone,

112 4197 234 4252 docendis
266 4199 441 4265 vectigalibus
474 4204 628 4265 Maecenas,
667 4204 701 4253 666
716 4203 858 4264 meridient,
876 4203 906 4254 (66
920 4204 1025 4253 meridie
1041 4200 1117 4265 (666.
1131 4195 1190 4251 n'nd
