2925 4892
504 372 563 423 um.
581 374 613 423 u.
647 374 716 427 sar.
735 376 777 425 ru.
1125 380 1184 447 294

150 526 304 605 Oblitum,
328 538 448 616 quanto
471 550 583 597 curam
603 542 834 622 sumptumque
860 534 1018 603 minorem
1145 540 1188 604 85

149 652 233 717 Haec
255 650 407 727 habeant,
430 660 517 719 tanto
539 652 735 741 reprehendi
758 655 873 722 iustius
895 656 972 731 iliis,

148 772 235 851 Quae
258 773 318 838 nisi
340 770 493 839 divitibus
515 786 678 862 nequeant
699 778 886 863 contingere
910 780 1054 845 mensis?

147 892 245 960 Docte
269 894 349 970 Cati,
374 914 434 982 per
456 896 628 962 amicitiam
651 895 811 985 divosque
833 908 982 985 rogatus,

148 1016 271 1083 Ducere
292 1036 345 1081 me
367 1015 527 1093 auditum,
551 1037 669 1104 perges
691 1038 903 1107 quocunque,
926 1031 1098 1088 memento.

147 1138 222 1203 Nam
244 1136 392 1225 momnis
414 1138 550 1204 memori
572 1136 693 1205 reseras
715 1138 792 1205 mihi
814 1150 949 1228 pectore
974 1153 1102 1221 cuncta,
1146 1146 1189 1211 90

147 1260 212 1324 Non
235 1270 342 1326 tamen
364 1258 524 1346 interpres
545 1258 732 1327 tantundem
755 1262 884 1327 iuveris.
928 1262 1020 1331 Adde

148 1378 270 1446 voltum
290 1378 503 1467 habitumque
526 1380 680 1457 hominis,
706 1402 805 1469 quem
826 1393 860 1448 tu
887 1382 1008 1450 vidisse
1029 1384 1145 1453 beatus

146 1501 211 1565 Non
232 1501 341 1587 magui
363 1501 495 1588 pendia,
518 1502 595 1589 quia
616 1502 762 1590 contigit;
784 1510 817 1569 at
837 1504 915 1570 mihi
936 1526 1016 1572 cura

140 1764 164 1771 -
193 1736 234 1787 86.
252 1736 373 1799 reprendi
388 1737 479 1797 S,LCt.
504 1762 531 1773 -
568 1736 609 1787 87.
626 1743 752 1797 nequem
767 1739 820 1802 Sep
836 1752 898 1789 cum
923 1740 1039 1790 Pottierii
1062 1738 1160 1805 pieria-

138 1823 198 1872 que,
218 1812 286 1861 item
303 1812 322 1860 4.
346 1812 387 1873 (Ut
403 1824 466 1871 noo¹
485 1810 513 1871 b,
531 1826 549 1859 κ
568 1823 646 1861 «oum
664 1813 791 1874 quattuor
806 1810 878 1863 aliie»
898 1815 925 1861 et
942 1814 1058 1863 Pettierii
1074 1815 1154 1877 quin·

136 1885 315 2023 didderdtw
333 1887 429 1950 reseras
449 1885 553 1935 menori
569 1885 631 1935 tct.
660 1885 699 1948 (Ut
717 1898 779 1946 noe,
797 1898 893 1937 omnes
910 1888 1008 1948 nostri,
1026 1886 1151 1950 Bentleii,

111 2148 256 2199 ‹Marimum
284 2147 402 2199 dedecus
419 2148 485 2199 haec
502 2148 528 2197 in
545 2146 627 2198 rebus
665 2148 790 2197 tementis
807 2146 868 2197 iarti
883 2152 961 2199 erant
977 2152 1105 2214 cooperti.
1133 2154 1187 2203 Sat.

110 2221 230 2274 uilissimis
252 2222 412 2287 negligentia
434 2222 480 2273 tibi
506 2222 625 2273 niteret.»
663 2221 693 2282 2,
712 2222 741 2283 6,
761 2221 825 2271 tor:
854 2223 932 2273 moro
948 2223 991 2273 ridi
1012 2238 1084 2275 cocco
1103 2226 1190 2277 iincte

135 2296 217 2349 83-87.
244 2298 345 2360 lapides
359 2298 452 2363 varior]
471 2298 626 2362 «pavimen-
662 2309 738 2358 πυρα·
757 2298 831 2347 lector
846 2298 964 2347 canderet
982 2300 1057 2348 nertin
1072 2299 1186 2351 mmor.

109 2372 157 2421 ium
193 2370 407 2443 isddoeporor,
447 2370 623 2432 tessellatum,
661 2372 775 2437 --d'rpo
791 2372 834 2421 noi
853 2385 987 2435 purpureo
999 2380 1146 2435 porrectum
1161 2378 1189 2427 in

108 2447 317 2509 vermiculatum,
343 2445 460 2499 sectile.»
496 2446 535 2497 Ci.
556 2446 623 2509 Epp.
660 2452 725 2496 verte
745 2447 837 2496 locauit
858 2447 910 2495 cet.
951 2448 1075 2498 Convivis
1097 2452 1188 2501 autem

109 2520 239 2584 4,40,49.
259 2522 444 2573 Ρεῑτοη.42οτ
469 2523 626 2571 dwnoariur
661 2521 793 2583 ingratum
814 2534 876 2571 esso
899 2518 1030 2582 debebat,
1056 2522 1080 2571 ei
1101 2524 1189 2573 auim-

108 2593 274 2656 iopisinoenit
289 2610 371 2647 reum.
390 2622 419 2633 -
434 2596 532 2660 patrna]
552 2608 625 2647 «sco-
661 2593 837 2645 advertebant
867 2597 940 2644 toros
974 2596 1047 2658 ipsos
1078 2596 1189 2659 quidem

109 2670 143 2731 pis
164 2683 178 2720 e
199 2670 354 2735 palmarum
379 2670 445 2723 foliis
470 2670 623 2721 coniectis.»
661 2667 800 2732 splendida
817 2680 937 2732 purpura
955 2682 1015 2718 esse
1035 2674 1186 2733 coopertos,

108 2744 189 2794 Senon
217 2744 332 2797 Maniai.
352 2744 396 2807 44,
417 2745 465 2795 82:
492 2746 522 2796 In
541 2746 625 2808 pretio
661 2742 789 2793 toralibus
814 2756 879 2792 vero
909 2742 1025 2793 sordidis
1052 2744 1186 2795 instratos.

28 2812 30 2869 ἒ
108 2830 185 2879 tropos
206 2826 317 2871 testatur
339 2820 428 2883 poimd
450 2821 537 2883 pidre,
567 2819 625 2869 Otia
661 2818 769 2881 Eppt,
789 2818 883 2878 Mt:
910 2822 1031 2880 oetorpe
1052 2818 1132 2878 toret,
1158 2832 1189 2868 ne

28 2882 29 2922 1
108 2894 309 2957 redrcopirnrmc
320 2888 623 2959 andanfdvatrmqg)
660 2892 764 2942 sordido
788 2905 884 2954 mappa
908 2893 1029 2956 Compei
1053 2906 1136 2943 norm.
1157 2920 1185 2931 -

109 2966 175 3018 dabit.
202 2998 229 3006 -
256 2969 352 3031 inludo]
378 2970 420 3019 Sic
446 2970 512 3033 (non
538 2968 623 3031 idota)
660 2972 729 3016 tanto
746 2966 893 3029 reprehendi
910 2966 973 3031 cet]
992 2968 1112 3017 «Sensus
1130 2970 1185 3018 eat:

110 3041 183 3093 Codd.
195 3046 263 3104 mei.
285 3046 315 3093 ut
331 3044 414 3093 edunt
430 3044 510 3095 etiam
527 3044 579 3093 Sat.
593 3044 622 3105 2,
661 3042 754 3091 iustius
770 3040 994 3104 reprehenderis,
1022 3043 1045 3091 si
1067 3054 1121 3092 uon
1138 3042 1188 3091 ha-

110 3114 135 3173 8,
146 3118 183 3167 td.
201 3122 229 3168 et
246 3116 334 3169 Plaut.
347 3120 417 3168 tien.
431 3119 459 3177 4,
472 3119 503 3179 2,
517 3118 557 3169 et.
572 3120 621 3168 est:
661 3117 752 3167 bueria
769 3116 842 3167 domi
865 3116 953 3165 omnia
975 3116 1090 3177 munda,
1117 3129 1187 3179 quae

111 3192 311 3243 mementote.
326 3220 354 3229 —
367 3191 468 3256 mrolio]
482 3192 621 3244 Consi-rue:
661 3191 772 3241 minoris
796 3192 933 3250 constant,
961 3191 1086 3253 quamsi
1109 3190 1188 3241 detu-

111 3264 162 3315 dere
184 3268 267 3317 intuto
292 3266 386 3315 toralia
410 3267 506 3315 circrrm
537 3267 625 3327 tpdar
661 3266 729 3315 erint
745 3264 792 3314 tibi
810 3265 918 3328 pretiosi
935 3265 1025 3328 pisces
1042 3268 1070 3314 et
1086 3265 1186 3329 optima

110 3346 174 3389 miter
188 3342 366 3406 (purpureum
380 3342 487 3404 torum).
517 3343 622 3403 Longae
660 3341 734 3399 vina,
753 3352 822 3403 quae
839 3352 892 3388 uon
910 3338 997 3389 solent
1014 3338 1115 3387 habere
1136 3340 1186 3388 nisi

112 3418 300 3479 perpetuaeque
320 3427 435 3479 mappae
452 3418 514 3465 suut
530 3416 624 3465 torotie
661 3426 772 3464 mensae
805 3413 944 3463 divitum.»
992 3413 1076 3461 Con.
1105 3412 1184 3469 Cruo.

112 3488 199 3540 isidoro
215 3492 304 3553 origg.
324 3490 369 3549 49,
393 3488 434 3539 26.
464 3491 549 3541 Locus
568 3490 623 3554 pri·
661 3488 829 3539 constructio
839 3489 929 3535 autem
942 3488 998 3534 est:
1017 3489 1087 3536 tanto
1098 3485 1188 3535 tortior

113 3564 198 3613 manus
214 3566 257 3615 est
275 3566 380 3613 Patron.
394 3562 440 3614 id:
460 3565 536 3614 donec
546 3566 624 3615 odoe-
659 3563 805 3625 reprehendi
820 3562 881 3611 iaec
897 3559 1017 3623 neglecta
1033 3558 1083 3608 iiiia
1094 3556 1186 3622 nogie-

113 3642 190 3687 ream
203 3638 315 3688 mnietrt
331 3651 362 3687 ae
384 3638 478 3687 toralia
496 3651 624 3701 proposu-
660 3639 722 3697 ctis,
742 3650 806 3699 paene
822 3640 874 3686 oet.

113 3714 310 3761 mariscot.
338 3712 423 3761 Varro
436 3713 463 3761 L.
477 3713 506 3762 L.
519 3713 620 3773 didi:
692 3711 777 3762 idid.
800 3707 1059 3772 menori--pecnroi
1078 3710 1183 3759 Lucret.

112 3782 136 3830 in
155 3784 189 3835 irie
210 3788 293 3837 mutto
313 3787 517 3849 peroptima
533 3792 623 3836 conda
658 3788 688 3847 2,
714 3786 779 3837 583:
808 3786 914 3836 menori
936 3784 1085 3833 mundaum
1104 3788 1186 3834 mette

114 3856 216 3910 hiim
241 3859 326 3921 toral,
356 3862 422 3923 quod
445 3866 505 3912 ante
528 3866 619 3913 ionem.
658 3864 749 3910 terere.
775 3859 805 3920 3,
831 3860 894 3910 874:
928 3860 980 3908 Nec
1008 3860 1114 3907 menori
1142 3863 1185 3908 td-

114 3930 241 3998 ·fleidnpe‚
259 3937 306 3986 mit
323 3936 401 3986 deren
417 3936 461 3985 der
477 3934 562 3986 lectus
572 3950 621 3986 oon
656 3948 714 3985 men
738 3934 765 3982 td
792 3934 892 3994 patmus
919 3933 1070 3995 deprendere
1093 3938 1182 3982 mente.

113 4004 159 4055 dem
183 4010 254 4061 torus
278 4024 314 4061 uer
341 4010 377 4059 bis
402 4024 462 4059 eum
483 4010 622 4061 meboden
660 4036 687 4045 -
706 4008 835 4071 interpres]
859 4008 935 4072 quasi
958 4001 1113 4071 ὑποφήτης
1136 4008 1185 4056 So·

114 4076 214 4133 44444444
231 4085 324 4134 wird.»
357 4085 459 4135 Becker
480 4084 569 4135 Guttae
588 4087 618 4135 11.
656 4085 754 4148 pientis
770 4082 838 4133 iilius
855 4084 944 4147 ignoti.
961 4082 994 4146 (v.
1015 4084 1066 4147 40.)
1084 4110 1111 4118 -
1129 4087 1185 4132 tun·

114 4164 134 4213 Ρ-
151 4154 204 4207 2⁴8.
241 4159 331 4220 rpem
351 4160 442 4209 autem
461 4164 539 4209 vestm
559 4160 622 4209 sunt
655 4158 765 4221 tandem]
784 4160 928 4222 «quantum
947 4158 1004 4221 ipse
1024 4158 1184 4222 praeceptor

115 4238 229 4295 purpura,
262 4246 314 4298 qua
345 4231 483 4285 cervicalia
515 4234 619 4297 torique
657 4234 745 4283 tuus.»
768 4258 796 4268 -
817 4232 985 4295 mumque]
1013 4231 1184 4296 «pronuntia-
