2925 4892
479 410 538 459 itit.
557 369 581 458 l:
606 410 704 460 uersi.
723 412 799 461 xvii.

144 564 249 643 Sedit,
274 565 330 651 qui
355 564 472 641 timuit,
496 586 537 631 ne
559 584 623 631 non
645 567 845 633 succederet.
890 569 980 635 Esto!

143 684 244 765 Quid,
269 686 324 773 qni
347 686 507 772 pervenit,
532 686 647 753 fecitne
670 686 825 753 viriliter?
847 690 941 776 Atqu

143 808 202 874 Hic
214 816 330 873 estant
345 826 514 894 nusquam,
530 806 620 894 quod
635 808 832 895 quaerimus.
853 810 913 877 Hic
927 830 1010 877 onus
1025 811 1143 892 horret,

125 916 182 996 'tit
203 928 312 1015 parvis
333 928 447 993 animis
470 938 502 995 et
525 946 626 1015 parvo
647 948 785 1015 corpore
808 930 925 997 maius:
1147 936 1188 1000 t0

143 1048 203 1115 Hic
226 1048 312 1114 subit
332 1058 365 1115 et
385 1048 514 1137 perfert.
558 1052 619 1115 Aut
639 1050 742 1115 virtus
764 1070 881 1117 nomen
903 1052 997 1119 inane
1019 1065 1084 1130 est,

143 1172 205 1235 Aut
226 1167 328 1235 decus
350 1178 382 1234 et
403 1170 541 1256 pretinm
564 1180 651 1235 recte
673 1171 753 1257 petit
774 1172 946 1257 experiens
968 1174 1025 1238 vir.

166 1346 208 1397 tt.
227 1346 258 1409 ct]
276 1361 307 1396 nc
323 1360 349 1409 p.

103 1517 141 1563 est
165 1513 282 1563 bominis
305 1514 418 1563 animosi
435 1512 560 1578 nulloque
578 1514 628 1563 ob·
666 1516 761 1565 ertiam
786 1520 995 1580 cessaverimus,
1028 1521 1099 1585 digni
1124 1535 1189 1575 sane

102 1586 204 1639 amenio
221 1588 417 1652 perterrefacti,
436 1588 485 1639 sed
499 1588 629 1652 quemad·
666 1590 778 1647 erimus,
797 1592 843 1653 qui
858 1594 1088 1644 contemnamur.»
1102 1622 1130 1633 -
1143 1598 1189 1647 iiic

102 1662 214 1712 modum
232 1664 275 1712 est
291 1664 318 1712 in
334 1662 491 1727 proverbio,
509 1664 629 1713 Noomi-
665 1662 707 1726 ast]
727 1662 869 1714 «hocloco
886 1667 953 1715 est·
985 1668 1107 1719 Fortasse
1125 1670 1151 1719 b.
1170 1671 1188 1721 Ι.

100 1738 137 1785 oia
155 1738 207 1786 est.
245 1738 312 1787 Nam
335 1738 380 1800 qui
405 1737 561 1787 Corinthum
579 1738 629 1787 iter
666 1737 782 1787 imitatus
806 1740 848 1787 est
864 1738 970 1789 Persius
988 1741 1019 1799 5,
1038 1742 1100 1792 itt:
1126 1744 1188 1805 iiic,

101 1809 235 1869 babebat,
260 1823 347 1873 aequo
365 1810 453 1860 animo
471 1814 628 1875 exspectare
665 1812 717 1871 iric,
745 1813 992 1873 permanserimus,
1018 1814 1127 1866 iicssti
1151 1822 1190 1869 uti

101 1884 235 1944 debebat,
254 1896 284 1935 se
302 1896 409 1947 quoque
423 1886 630 1949 miseraexspo-
666 1884 853 1934 animadvertit
879 1887 933 1936 iam
961 1888 1136 1942 casaubonus
1164 1896 1190 1945 iu

101 1958 194 2011 listum
211 1959 243 2007 iri
260 1958 294 2007 ab
312 1954 487 2028 ἱεροδούλοις
498 1956 556 2019 iilis,
576 1972 629 2009 ro-
667 1961 791 2010 Persiana
808 1962 907 2010 Horatii
928 1962 1074 2014 imitatione
1090 1980 1118 2029 p.
1132 1967 1189 2019 363,

100 2029 233 2096 λοξέναις
256 2034 383 2082 saeviore
404 2033 508 2083 Pindari
535 2033 629 2096 (Bergk
666 2034 866 2094 Edbuebneri,
879 2036 995 2087 addens:
1010 2039 1053 2087 aiu
1065 2040 1191 2091 omnibus

100 2122 126 2173 p.
139 2106 225 2168 stit,
245 2110 290 2156 aut
301 2108 410 2157 omuino
421 2108 574 2157 renuntiare
588 2109 628 2157 in·
666 2110 748 2159 Persii
774 2110 963 2163 imitationibus
987 2117 1065 2177 paret
1082 2127 1192 2181 semper

101 2184 180 2245 cepto
198 2180 260 2231 iiiuc
276 2182 447 2244 navigandi.»
478 2184 572 2245 (Atque
590 2184 628 2232 sic
666 2181 754 2246 aitqua
780 2186 917 2234 mutatio.»
945 2213 973 2223 -
1005 2202 1068 2237 casu
1097 2190 1191 2257 horret]

100 2256 236 2321 explicare
253 2256 359 2306 videtur
375 2258 456 2307 etiam
473 2256 566 2306 iestiva
583 2270 629 2321 pa·
667 2271 844 2322 «magnopere
870 2259 1067 2320 reformidat3»
1094 2265 1190 2315 eadem

100 2331 178 2381 rodis
194 2328 319 2380 Nicotaus
336 2332 408 2394 apud
428 2330 501 2381 Stob.
519 2332 567 2381 Tit.
587 2330 627 2391 tt,
667 2333 878 2393 constructione,
898 2346 950 2398 qua
968 2335 1023 2384 Cic.
1042 2337 1077 2386 ad
1093 2340 1145 2389 Λα.
1164 2340 1190 2401 9,

100 2408 123 2455 7.
144 2406 181 2456 de
198 2418 309 2455 scurra:
337 2400 378 2457 Ου’
400 2401 508 2468 παντὸς
524 2400 629 2477 ἀνδρὸς
665 2408 749 2467 test:
774 2408 870 2471 inpruti
886 2408 965 2457 caini
981 2410 1076 2459 crimen
1092 2413 1190 2464 borrae.

99 2480 147 2531 ἐπὶ
164 2476 307 2549 τράπεζαν
323 2474 386 2529 ἔσθ’
405 2476 422 2529 ὁ
440 2476 551 2544 πλοῦς.)
667 2482 807 2531 Caesarii.
821 2484 850 2531 d.
865 2483 889 2541 t,
902 2482 946 2531 32:
960 2484 1193 2544 qood-Ariovisti

131 2554 224 2605 {ti-ii.
244 2554 320 2619 Sedit]
338 2556 368 2604 ut
379 2550 539 2619 καθῆσθαι,
553 2567 629 2605 aces·
665 2556 1028 2607 crudelitatum-itonam.
1041 2585 1069 2595 -
1081 2560 1130 2609 Aut
1140 2562 1193 2610 cir·

99 2632 157 2689 sat,
177 2630 247 2693 turpi
260 2630 313 2679 otio
325 2631 439 2693 torpet.»
459 2631 565 2679 Terent.
578 2628 626 2680 Ad.
666 2635 705 2678 tus
721 2630 786 2691 cet]
808 2630 876 2679 «Aut
891 2627 1028 2679 tutandum
1046 2635 1100 2692 est,
1126 2633 1191 2685 ialsa

100 2704 129 2763 i,
149 2706 182 2763 5,
199 2702 244 2753 38:
270 2704 309 2753 Aa
329 2706 413 2754 redere
429 2706 539 2767 oportum
554 2706 630 2754 Domi
666 2703 806 2766 opinione,
834 2714 886 2751 non
911 2714 956 2760 re,
983 2703 1029 2751 niti
1054 2704 1190 2768 virtutem,

98 2779 227 2841 cirpincm
244 2783 297 2826 tom
312 2778 456 2841 pondera?
476 2778 522 2828 ubi
540 2780 629 2829 Dona·
667 2779 726 2835 aut,
745 2776 767 2825 si
784 2776 842 2825 eius
859 2776 975 2839 pretium
991 2774 1061 2825 uitro
1073 2782 1193 2841 agnosci-

99 2856 160 2903 tus:
182 2852 285 2902 ascum
300 2854 406 2916 proprie
419 2856 529 2915 ignavae
542 2866 630 2903 cessa·
667 2862 737 2910 mus,
754 2852 865 2913 propter
875 2860 935 2898 eam
947 2848 1100 2900 difficillima
1111 2864 1193 2915 quac·

100 2926 182 2976 tionis
199 2926 267 2975 est.»
294 2926 349 2975 Cic.
367 2928 394 2977 in
411 2928 461 2978 Pis.
475 2929 503 2989 tt,
521 2928 566 2977 to:
592 2926 630 2976 An
667 2936 720 2987 que
745 2926 773 2972 et
798 2922 977 2987 perpetranda
1002 2927 1030 2973 et
1054 2924 1192 2979 toleranda

96 3004 180 3063 potest
196 2998 252 3049 otio
268 3002 469 3063 maccruotio,
485 3002 629 3051 nordeum
667 3000 745 3058 sunt,
779 2996 878 3060 quibus
905 2997 996 3047 arduis
1021 3000 1102 3061 atque
1127 3014 1192 3051 vera

98 3074 307 3137 moksentianti,
326 3076 368 3125 sed
378 3078 478 3137 sedasti,
492 3076 628 3127 mactanti.
666 3071 745 3121 laude
771 3071 857 3133 dignis
879 3072 991 3135 inceptis
1012 3073 1192 3125 adnumeran-

99 3148 262 3201 donnienti-
274 3176 289 3186 -
303 3150 419 3199 consti?
443 3152 515 3214 virg.
537 3152 583 3199 Ge.
602 3150 627 3210 3,
666 3145 731 3195 dum
749 3158 860 3204 censeo,
880 3147 902 3195 si
919 3146 979 3209 quis
996 3160 1050 3197 non
1066 3147 1110 3197 viii
1127 3150 1192 3200 adu·

99 3222 164 3273 too:
192 3221 301 3271 meliora
321 3223 378 3273 deos
397 3224 462 3273 sedat
479 3225 563 3273 ornias
580 3238 629 3285 po-
665 3218 781 3280 tatione,
808 3219 856 3268 sed
879 3221 982 3282 magnis
999 3222 1100 3271 meritis
1117 3224 1191 3286 priu-
1264 3249 1274 3258 ··

98 3310 179 3347 scens.
216 3296 259 3345 Sic
285 3298 364 3345 etiam
390 3292 517 3347 ἑστάναι.
547 3298 627 3361 soph.
666 3294 756 3357 cipum
778 3294 897 3343 virorum
922 3292 1136 3345 benevolentiam
1159 3310 1191 3346 ac

99 3372 166 3421 Oed.
187 3367 336 3419 Cobttit'I:
364 3370 395 3419 oi
409 3370 463 3435 pir
480 3398 521 3410 --
537 3368 629 3422 Σπεύ-
666 3366 784 3417 iavorem
803 3366 852 3417 sibi
869 3370 969 3430 parat.-
994 3368 1075 3416 vtrtm
1094 3370 1192 3430 signiti-

98 3443 216 3497 dovcrv·
229 3438 346 3509 ripalgd'
356 3446 386 3495 ot
394 3443 536 3509 παθόντες
548 3441 629 3496 iura-
667 3442 771 3490 catione
799 3452 864 3489 vera
893 3442 1011 3489 Romana
1036 3441 1071 3489 da
1096 3444 1191 3504 quavis

99 3536 163 3585 μεν.
192 3546 219 3555 -
248 3518 315 3582 Esto]
340 3521 577 3585 mainctwspsn!
600 3548 626 3557 -
667 3514 760 3574 laude,
779 3526 860 3577 quam
883 3513 1146 3565 actionibusnostris
1164 3520 1191 3565 et

100 3594 188 3656 «Quid
200 3606 327 3643 curamus
338 3594 475 3645 hominem
486 3597 630 3659 ignavum?
667 3588 779 3639 sortibus
797 3590 825 3637 et
840 3588 959 3638 honestis
970 3588 1150 3652 adipiscimur.
1161 3616 1188 3626 -

100 3670 202 3719 Contra
221 3664 279 3725 iiie,
298 3668 343 3730 qui
355 3667 483 3719 molestiis
494 3668 631 3734 periculis-
669 3692 696 3701 -
709 3675 799 3712 nom
814 3662 899 3725 11111110]
926 3662 965 3712 Cf·
978 3664 1044 3727 ΕΡΡ-
1059 3664 1129 3726 hi,
1143 3664 1188 3715 3⁴2

100 3756 153 3806 que
172 3742 307 3805 superatis
324 3741 358 3792 ad
375 3740 457 3792 finem
474 3756 553 3793 suum
570 3746 630 3793 tan·
669 3736 1189 3803 Virttitcmcerbupotuscthucumtiprm.

101 3817 164 3867 dem
191 3816 326 3879 pervenit,
354 3829 440 3866 nonne
463 3818 485 3867 is
503 3818 555 3881 egit
571 3818 630 3867 ani·
670 3840 695 3848 -
718 3812 792 3875 recle]
816 3824 882 3871 ¹¹⁰⁰·
908 3813 938 3860 ui
954 3810 1064 3874 ί1111111111]
1080 3811 1188 3863 witini:

101 3891 202 3941 mosei
220 3890 308 3951 Atque
326 3889 353 3938 tn
370 3889 421 3939 hoc
435 3890 506 3953 ipso,
526 3892 551 3939 in
564 3886 631 3940 s'tre-
669 3886 845 3942 rrectavia3»
863 3884 926 3935 sed:
941 3886 1190 3936 «iureacmeritom

101 3978 154 4014 nue
168 3962 338 4026 impigreque
351 3962 464 4025 agendo,
478 3964 560 4013 cardo
571 3977 631 4013 ver·
669 3988 695 3995 -
715 3960 846 4022 asperiori
860 3959 910 4023 cir]
929 3960 989 4023 «qui
1007 3962 1095 4010 omnia
1108 3974 1192 4025 expe-

101 4040 165 4088 titur
182 4037 236 4095 rei,
258 4035 292 4084 de
315 4049 368 4099 qua
387 4038 558 4099 quaerimus;
586 4041 630 4087 aut
667 4036 750 4093 ritur,
782 4047 836 4098 quo
860 4032 895 4083 ad
920 4036 1086 4098 propositum
1112 4048 1191 4085 suum

101 4112 207 4160 fortiter
223 4111 345 4173 sciteque
362 4111 497 4174 inceptum
509 4112 630 4161 nostrum
668 4110 839 4173 perveniat;»
856 4110 1112 4170 sntcracimsrtd,
1131 4116 1193 4159 eat·

101 4196 266 4248 persgamus
281 4196 369 4246 neque
382 4196 500 4247 unquam
512 4186 630 4233 animum
667 4184 835 4232 scitosscn.
855 4183 909 4233 Cic.
923 4196 971 4246 pro
984 4182 1087 4233 Cinent.
1104 4184 1128 4242 a,
1142 4182 1188 4231 23:

102 4256 339 4323 despondeamus,
357 4260 416 4317 aut,
436 4260 457 4309 si
469 4260 580 4323 propter
590 4260 631 4308 in·
668 4260 696 4307 Α.
714 4258 819 4321 donau,
845 4258 887 4305 cir
910 4258 983 4318 fortir
1007 4264 1029 4307 et
1051 4258 1189 4318 arpciiam.
