2925 4892
519 392 577 443 ms.
597 392 617 441 l.
653 392 752 442 Erlsr.
770 393 813 442 xl.
1145 390 1208 455 489

156 546 220 610 Per
240 544 390 610 brumam
412 544 549 623 Tiberis,
574 546 682 613 Sextili
706 568 819 615 mense
841 547 996 614 caminus.

157 666 242 730 Dum
264 664 340 731 licet
363 686 401 731 ac
422 664 544 732 voltum
566 676 675 734 servat
696 670 837 734 Fortuna
858 668 1050 756 benignum,
1165 671 1207 735 20

157 788 280 851 Romae
303 784 454 853 laudetur
474 788 590 854 Samos
612 798 646 855 et
667 787 765 855 Chios
786 798 820 855 et
841 787 972 856 Rhodos
993 789 1122 857 absens.

157 908 218 983 Tu,
242 926 472 995 quameunque
494 907 577 999 deus
599 908 656 975 tibi
680 909 889 977 fortunaverit
907 909 1036 988 horam,

158 1027 256 1093 Grata
278 1048 372 1095 sume
394 1048 507 1106 mauu,
530 1050 595 1096 neu
617 1028 724 1097 doleia
746 1030 841 1099 differ
861 1033 894 1096 in
915 1052 1049 1107 annum,

158 1149 213 1225 Ut,
237 1170 435 1237 quocunque
456 1149 530 1217 loeo
552 1150 670 1227 fueris,
694 1150 814 1218 vixisse
836 1150 972 1219 libenter

149 1295 176 1341 44
193 1290 235 1340 43.
255 1292 379 1341 omittunt
396 1294 451 1343 tres
469 1292 552 1343 Codd.
574 1292 693 1343 Blandin.
720 1320 748 1330 -
772 1294 813 1344 23.
836 1308 882 1345 4444
898 1296 931 1357 (4,
950 1308 998 1345 sex
1015 1296 1132 1347 Poltierii
1149 1300 1177 1347 et

148 1366 212 1416 LCl.
232 1366 273 1428 (Ul
289 1379 350 1426 uos,
369 1366 481 1431 bScEp.)
496 1392 523 1405 -
536 1366 577 1418 sl.
600 1367 637 1431 os]
657 1368 692 1417 444
703 1368 788 1419 Codd.
801 1367 933 1431 Blandin.‚
952 1370 1065 1433 l’raneq.
1079 1372 1107 1420 et
1117 1372 1178 1422 Pot-

148 1441 218 1490 lierii
237 1438 370 1504 plerique,
389 1441 454 1491 item
472 1442 519 1505 Ep.
548 1443 586 1505 llll
603 1455 667 1503 nos,
686 1440 759 1505 bSc.)

116 1564 160 1621 iis,
180 1563 228 1626 qui
246 1574 310 1612 mcx
327 1560 495 1626 appellantur
511 1562 647 1612 4444444444
684 1574 783 1627 pruna,
811 1563 869 1626 qui,
896 1566 928 1613 ut
950 1565 1070 1626 videtur,
1098 1578 1132 1615 ex
1155 1578 1210 1615 uuo

114 1639 171 1687 ivre
195 1636 297 1686 4444444444.
332 1635 458 1687 Bullatius
483 1638 555 1687 enim
572 1639 646 1686 certe
685 1634 819 1687 conclavis
835 1635 894 1686 loco
912 1636 1062 1688 inalterum
1073 1640 1210 1689 translerri

116 1725 170 1761 non
190 1714 249 1760 erat
261 1709 345 1770 exsul,
365 1710 413 1761 sed
425 1709 518 1775 splene
530 1709 648 1774 aliquan-
684 1712 806 1775 poterat;
825 1709 950 1773 qualibus
961 1712 1116 1763 etiamnunc
1130 1714 1211 1762 inler-

115 1783 203 1835 tulum
217 1782 356 1834 laborabat
368 1783 423 1846 vel,
442 1786 463 1835 si
477 1786 577 1847 mavis,
595 1800 647 1851 με·
684 1785 751 1834 dum
766 1788 878 1834 utuntur
888 1783 953 1834 Itali.
982 1784 1108 1836 consulto
1120 1788 1210 1837 antem

116 1853 292 1925 layzolsvdg
310 1860 375 1908 erat.
408 1859 473 1918 «Qui
491 1858 563 1911 domi
581 1856 646 1909 suae
685 1856 803 1909 cumulat
834 1859 1039 1921 perversissima
1069 1872 1209 1923 quaeque,

115 1938 260 1985 contentus
279 1934 358 1993 vivit,
384 1932 572 1998 pulcherrimis
598 1933 647 1985 illis
684 1934 714 1981 ut
730 1932 758 1982 in
770 1931 900 1982 versiculo
917 1930 960 1982 illo
976 1933 1048 1997 apud
1063 1932 1129 1983 Plut
1142 1934 1209 1984 Adv

116 2009 244 2059 Graeciae
272 2010 299 2057 et
321 2008 399 2058 Asiae
427 2007 540 2059 urbibus
560 2022 646 2072 aeque
685 2008 764 2056 Stolo.
783 2007 829 2067 46,
848 2007 880 2056 6.
898 2005 1077 2072 Aiiacem,
1096 2006 1144 2057 444
1159 2008 1210 2059 644-

115 2084 233 2134 libenter
251 2084 325 2133 carel
341 2096 373 2133 ac
390 2082 472 2134 rebus
493 2082 649 2135 molestissi-
685 2095 777 2146 open,
790 2078 1009 2147 ἵναλουώμεθα.
1023 2084 1212 2134 -coltmnsen

116 2160 195 2209 mis.»
217 2157 396 2221 —hlptilend
423 2150 443 2223 ἡ
469 2154 581 2224 μεγάλη
597 2158 646 2209 καὶ
683 2156 773 2205 saer.
789 2155 823 2219 4.]
851 2155 988 2207 Philemon
1005 2158 1083 2207 blein
1101 2170 1128 2221 p.
1147 2158 1208 2207 339:

115 2227 193 2296 καλὴ
211 2232 355 2280 vocatura
373 2232 648 2297 Longol‚l.--a·f
680 2222 765 2279 Ὅταν
790 2224 852 2279 4444
877 2224 1112 2303 ἀνθρώποισιν*
1094 2249 1113 2296 η
1131 2227 1211 2297 Τύχη

115 2308 191 2372 cili·
178 2308 288 2367 «iuvat,
307 2310 368 2370 apta
385 2310 452 2357 est.»
441 2309 602 2371 ·›.Propcrt
621 2306 646 2369 4,
685 2300 764 2371 γελᾷ.
793 2304 867 2354 ovid.
889 2307 1010 2365 4444444
1028 2307 1059 2364 ll,
1077 2306 1125 2355 st:
1143 2307 1213 2355 Dum

117 2386 146 2443 4,
165 2382 214 2432 46ε
232 2380 648 2444 Noofocietcapilldurucorooa
685 2380 757 2429 44444444
777 2384 801 2429 44
821 2380 891 2429 oolla
905 2381 971 2430 ridet
986 2382 1100 2430 4444444444
1115 2394 1210 2430 sereno

116 2470 180 2507 meo.
210 2455 286 2505 ovid.
314 2456 374 2505 Her.
400 2457 428 2516 6,
454 2456 518 2505 448;
546 2457 649 2507 Medeae
686 2456 773 2504 Nerva
799 2455 827 2503 in
851 2455 944 2504 Edicto
966 2454 1038 2518 apud
1062 2454 1125 2505 Plio.
1143 2455 1210 2519 Epp.

117 2531 219 2594 4444444444
235 2530 270 2578 od
285 2530 363 2579 4444444
378 2542 558 2579 mademarius.
584 2531 646 2580 ller.
687 2530 734 2589 40,
748 2529 794 2578 664
815 2530 894 2589 Qum
909 2529 1213 2590 Forlooclmpsrtioollo

118 2608 169 2668 46,
190 2606 221 2657 8:
248 2604 434 2667 4444444444αά
451 2605 649 2655 4444444444-
685 2602 923 2663 44444444444444444.
943 2628 972 2638 -
990 2602 1091 2665 Romae]
1121 2603 1213 2651 «Dum

118 2682 181 2731 44444
196 2680 339 2729 dicmur.
367 2682 408 2729 Pr.
422 2678 456 2729 de
469 2680 649 2729 medicamen·
687 2678 786 2725 nomae
811 2676 924 2725 vivimus
941 2674 1046 2735 ielices,
1072 2674 1213 2725 laudemus

121 2757 171 2807 tis:
191 2752 258 2804 Plin.
277 2754 308 2803 44.
327 2755 358 2803 N.
377 2754 422 2815 44,
442 2754 488 2815 48,
506 2754 556 2803 it:
578 2754 650 2804 444444
687 2764 751 2800 sane
770 2762 898 2799 amoenae
915 2753 943 2799 et
961 2748 1085 2814 pulchrae
1103 2748 1214 2799 4444444-

119 2832 152 2880 ud
169 2828 343 2893 4444444444444
357 2829 449 2877 oriem
466 2827 649 2892 (chamaeleon
686 2824 752 2884 bes,
770 2838 821 2873 nec
834 2822 1213 2887 tamenabripiamurulloeas

119 2904 224 2965 herba).
247 2930 275 2939 -
301 2902 421 2967 4444444444]
446 2904 529 2954 vestis
552 2916 649 2966 gausa·
686 2898 791 2948 visendi
802 2897 1002 2948 desiduis.»-
1015 2896 1110 2962 ubsena]
1128 2897 1215 2947 «Rho-

119 2981 181 3044 pina
199 2976 243 3027 vel
262 2978 382 3039 scortea,
409 2992 462 3043 qua
479 2992 561 3043 super
577 2978 648 3028 luni·
687 2974 737 3023 dos
762 2986 778 3023 a
799 2973 885 3037 patria
906 2975 997 3023 nostra
1022 2971 1115 3036 procul
1136 2972 1213 3021 sita.»

120 3066 180 3104 cam
194 3053 309 3115 accepta
319 3054 442 3115 tempore
454 3052 586 3116 higidiore
599 3066 648 3116 per
719 3048 809 3098 22-30.
829 3048 877 3108 444,
890 3060 1066 3109 quomam
1076 3047 1139 3108 444]
1161 3046 1215 3096 Cur

119 3129 214 3177 itinera
244 3125 405 3186 utebantur;
441 3140 491 3191 per
518 3128 649 3177 aesmtem
686 3136 730 3171 vv.
751 3123 793 3172 24.
819 3124 847 3173 et
868 3122 910 3173 23.
935 3124 962 3172 in
990 3121 1101 3185 Cruquii
1128 3120 1212 3172 Codd.

121 3204 232 3266 propter
244 3198 445 3264 spissitudinem
458 3199 570 3251 molesta
580 3201 647 3251 erat
687 3197 780 3247 omissi
789 3195 898 3258 luerint
917 3197 1068 3247 schmidius
1084 3198 1159 3246 recte
1170 3209 1215 3245 ex-

121 3278 219 3327 Contra
254 3278 392 3336 campestre
426 3272 647 3338 (subligaculum,
687 3270 795 3335 plicavit
810 3284 843 3320 ex
860 3270 939 3322 sirnill
955 3271 1028 3321 initio
1044 3284 1072 3319 v.
1089 3269 1142 3329 44,,
1168 3268 1215 3319 ubi

120 3348 315 3399 mercorina
325 3350 435 3411 August.
450 3348 479 3398 C.
493 3350 525 3399 D
536 3347 576 3409 44,
588 3348 648 3411 l7.‚)
687 3344 787 3395 librarii
804 3344 840 3394 illi
852 3344 926 3395 velut
936 3344 1006 3395 saltu
1017 3345 1087 3396 iacto
1098 3344 1215 3407 scripse-

121 3420 279 3488 κατάζωμα
300 3418 439 3486 (διάζωμα
462 3422 525 3493 napi
548 3418 586 3473 τὰ
608 3422 651 3471 ot·
689 3422 752 3470 runt
769 3420 805 3468 444
821 3431 1019 3479 scammuseae
992 3418 1079 3480 -orf
1048 3415 1214 3478 4444444444]

122 3496 319 3559 dotaThucyd.
331 3498 342 3545 l
349 3497 411 3558 ,6,,4
423 3496 648 3561 Kampfscbvrs,
688 3494 719 3543 V
737 3495 872 3569 4444444444
896 3495 937 3542 est
960 3490 1135 3541 formularum
1151 3489 1215 3540 reli-

123 3585 261 3636 rugumum
272 3570 454 3621 velamentum
462 3570 583 3629 buteum
597 3584 650 3639 quo
689 3560 833 3631 glosarum.
863 3566 986 3617 hirenius
1008 3565 1079 3631 apud
1097 3566 1163 3615 Non
1187 3578 1214 3628 p.

123 3646 317 3710 cingebantur
311 3658 422 3695 iuvenes
435 3659 460 3695 m
471 3647 573 3709 Campo
585 3646 652 3695 liar-
690 3642 747 3692 449
765 3642 862 3692 llerc..
880 3642 947 3691 Deos
962 3654 1008 3704 epo
1024 3640 1105 3689 44444444
1120 3644 1149 3688 ot
1164 3638 1218 3702 444-

123 3721 171 3781 tio,
197 3721 263 3771 nudi
289 3732 402 3783 corpora
426 3721 584 3770 exercentes
608 3717 651 3769 vel
689 3717 814 3767 4444444444
825 3728 970 3777 4444444.-
990 3715 1218 3765 &stamma-

123 3794 238 3845 Tiberim
256 3794 423 3844 denotantes.
454 3794 616 3857 Augustinus
632 3792 649 3842 l.
688 3790 732 3855 4444]
757 3792 833 3854 quasi
854 3790 955 3841 donum
976 3792 1049 3839 esset
1064 3786 1168 3839 visibile
1185 3801 1217 3839 ac

124 3868 159 3917 l.:
185 3870 234 3931 Qui
257 3870 294 3918 4444
317 3868 435 3917 4444444444
451 3872 522 3929 sont,
550 3880 652 3929 cmope-
690 3864 793 3926 tactile‚
818 3878 867 3929 pro
884 3864 1018 3929 pedestris
1035 3865 1102 3913 orat.
1122 3864 1217 3925 «grato

124 3942 443 4006 drotosoolpusoppcllol.
459 3970 486 3979 -
501 3944 580 4007 auria]
596 3942 653 3991 lloc
690 3941 805 3990 auimo.»
834 3964 862 3975 -
889 3940 995 4000 4444444444]
1023 3952 1072 4001 pro
1094 3940 1217 4001 tempore

125 4015 200 4081 longe
227 4018 418 4080 significantius
444 4019 487 4067 cst
512 4016 545 4067 ad
573 4015 652 4079 lrigus
690 4013 801 4063 infinito.
821 4016 886 4079 Epp.
901 4013 1034 4074 l‚s,38:
1059 4012 1159 4073 44444444
1173 4012 1219 4061 Est

126 4090 270 4141 molestum
290 4091 495 4155 exprimendum
516 4104 597 4154 quam
614 4088 653 4139 al·
690 4089 818 4149 4444444444,
844 4088 930 4151 differs
948 4087 1056 4137 4444444444
1077 4091 1173 4147 isuper
1191 4085 1218 4131 is

127 4170 183 4214 tera
194 4165 274 4215 lectio
285 4166 361 4215 44444.
377 4193 403 4201 -
418 4165 516 4229 8444444]
533 4165 571 4215 Cl.
585 4165 650 4228 Epp.
691 4162 808 4213 4444444444
827 4190 854 4199 -
878 4164 971 4212 4444444
987 4162 1099 4221 44444444]
1124 4160 1217 4208 crates

129 4241 157 4298 4,
175 4240 204 4301 4,
222 4241 247 4291 h.
270 4268 296 4275 —
317 4239 438 4304 cuminus]
466 4240 568 4291 loculus
591 4253 651 4289 cum
692 4238 808 4299 tragicus
831 4236 902 4301 apud
919 4238 993 4299 oiog.
1013 4235 1099 4286 baert.
1118 4233 1147 4293 6,
1166 4230 1216 4283 98;
