2925 4892
546 379 605 429 titt.
624 379 646 429 l.
680 380 748 429 sir.
767 380 820 429 lili.
1171 379 1233 447 i33

183 534 357 601 Convenit:
379 570 424 583 -
446 532 507 601 hoc
528 535 647 601 etenim
668 546 743 601 sunt
763 557 878 603 omues
899 537 969 605 iure
992 537 1132 615 molesti,
1192 536 1233 602 lii

181 658 258 735 Quo
282 655 396 731 iortes,
418 654 540 741 quibos
561 656 736 723 adversum
757 656 878 723 beilum
900 657 1027 739 incidit;
1050 660 1133 727 inter

181 778 326 842 Hectora
346 775 532 843 Priamiden
553 778 735 843 animosum
756 788 854 866 atque
876 780 958 845 inter
979 779 1133 848 Achillem

182 900 236 963 ira
256 896 316 963 luit
338 896 499 984 capitalis,
522 908 558 963 ut
578 897 689 965 ultima
710 898 871 967 divideret
892 922 997 973 mors,

179 1021 254 1084 Non
277 1018 373 1083 aliam
394 1017 438 1084 ob
460 1038 609 1094 causam,
633 1020 695 1084 nisi
717 1019 807 1109 quod
830 1020 931 1087 virtus
955 1022 986 1087 in
1009 1032 1147 1115 utroque

181 1143 319 1206 Summa
341 1139 413 1217 iuit3
436 1137 503 1205 duo
525 1141 553 1205 si
575 1139 740 1207 discordia
761 1153 855 1209 vexet
877 1143 1013 1219 inertes,
1193 1142 1232 1209 ib

180 1266 247 1327 Aut
267 1262 296 1327 si
318 1258 505 1348 disparibus
526 1260 647 1327 beilum
669 1260 803 1340 incidat,
828 1273 863 1329 ut
884 1264 1032 1333 Diomedi

205 1470 250 1518 tt.
268 1468 381 1517 mersis
396 1468 431 1517 de
443 1468 617 1531 Campenonii
629 1469 698 1519 coni.
716 1468 854 1519 Kirohner.
876 1496 903 1507 -
923 1470 994 1533 ἰσων]
1013 1472 1072 1521 otim
1089 1470 1199 1523 Bentleii

171 1542 258 1592 dubia
274 1542 401 1605 suspicio.
416 1568 444 1577 -
464 1542 504 1592 ts.
523 1543 572 1591 duo
588 1554 723 1607 superscr.
742 1545 805 1593 daos
821 1546 847 1593 S.
864 1572 891 1581 -
909 1552 986 1595 oarct
1003 1546 1126 1604 Aldinae.
1143 1560 1199 1596 onr-

169 1623 207 1667 ret
225 1631 242 1665 e
259 1615 382 1667 Lambini
399 1615 484 1666 codd.
502 1615 650 1677 Bentleius,
678 1619 741 1669 item
760 1620 777 1669 F
795 1620 822 1669 et
839 1619 975 1669 liirchner.
1013 1621 1052 1681 (lit
1069 1632 1129 1681 nos.
1149 1634 1199 1671 no·

169 1694 220 1742 stri
239 1694 268 1741 et
283 1690 412 1749 Pottierii‚
429 1690 496 1740 item
513 1692 569 1741 tres
585 1691 724 1753 Lambini.)

134 1847 284 1900 cornelius
309 1849 419 1897 sernas
444 1852 567 1908 senator,
593 1849 669 1899 cuius
705 1850 846 1915 proprium
855 1854 904 1913 cst,
918 1854 1233 1905 utcausamsusmsum·

132 1925 273 1977 acerbum
291 1923 392 1973 dictum
409 1925 436 1973 ln
452 1926 601 1986 Augustum
612 1936 671 1975 me·
706 1938 751 1975 ma
769 1926 939 1977 contentione
957 1928 1062 1990 agant.»
1092 1928 1233 1979 ltrrscura·

134 2002 229 2050 moret
246 1998 440 2057 nicerati,
458 1998 500 2047 at.
519 1997 629 2049 edan.
643 2012 667 2049 c.
706 2012 773 2049 aron.
813 2000 899 2051 lituus
931 2002 1052 2065 apposite
1087 2000 1233 2053 construxit

135 2073 210 2133 m,
224 2072 670 2137 velpropieraetatemsignillcsri
706 2072 845 2123 iieindori:
874 2074 962 2123 &naar
977 2076 1060 2136 enim,
1077 2076 1167 2137 quihus
1183 2078 1232 2127 ud-

132 2149 245 2212 neqnit.
279 2148 451 2197 Boroscurrn
469 2147 668 2211 estapudsen.
704 2160 805 2198 cerrum
821 2148 909 2199 bellam
928 2150 1026 2211 incidit,
1051 2150 1097 2201 hoc
1116 2149 1229 2213 [eodem]

134 2224 270 2273 controv.
294 2222 319 2270 7.
341 2233 368 2283 p.
387 2222 444 2272 tas.
469 2221 526 2285 Bip.
546 2221 670 2273 diversus
704 2224 828 2274 iorearnt
843 2224 938 2273 molesti
956 2224 1093 2287 (interes),
1112 2238 1161 2287 quo
1175 2225 1232 2288 [or-

133 2300 250 2362 utique,
268 2298 319 2347 nisi
336 2295 371 2345 ibi
389 2300 544 2360 corruptum
560 2298 604 2347 esi
619 2310 670 2347 no-
705 2302 749 2347 tea
777 2324 804 2335 -·
833 2300 965 2349 adversim
990 2298 1088 2363 bellurn]
1115 2301 1232 2350 «acerri-

134 2387 214 2424 men.
231 2399 258 2410 -
273 2371 450 2433 enea-atos]
468 2384 531 2421 cum
547 2370 671 2421 hiceier·
706 2384 781 2423 mum
807 2375 977 2423 certamen.»
1021 2374 1094 2423 Coni.
1122 2374 1234 2423 adversis

134 2449 201 2497 rimi
218 2460 281 2497 esse
294 2443 485 2505 crederentur;
503 2445 565 2495 inde
577 2448 669 2496 netum
707 2448 735 2498 et
751 2446 837 2496 audax
856 2448 882 2497 et
900 2460 1100 2511 supervacanea
1118 2448 1230 2499 videtur.

135 2523 192 2572 hoc
209 2519 396 2585 proverbium.
432 2520 475 2569 Sic
493 2518 576 2569 Plaut.
595 2521 667 2571 Asin.
707 2521 850 2571 -ilectora
859 2521 921 2582 cet]
934 2521 1184 2584 comparationibus
1191 2522 1232 2573 his

134 2597 167 2655 2,
186 2596 215 2655 2,
237 2596 284 2643 tt:
310 2595 379 2643 Nom
394 2595 416 2643 ri
431 2607 457 2643 re
473 2594 530 2643 huic
546 2596 670 2645 medriam
706 2596 854 2645 Homericis
870 2608 920 2658 per
936 2596 1108 2658 parenthesin
1127 2596 1232 2647 insertis

135 2677 239 2732 tarrprrs
250 2669 450 2729 mbterdraaerit,
468 2669 605 2731 Nunquam
615 2671 670 2719 ede
706 2667 846 2719 ridiculam
864 2668 975 2718 instituit
991 2670 1188 2732 oppositionem
1201 2669 1232 2719 ll·

131 2746 181 2808 pot
196 2744 333 2806 φυσῶσι
349 2742 412 2791 cibis
428 2743 558 2805 mdipircet
570 2750 667 2808 posteo.
706 2744 740 2793 tis
757 2756 806 2806 per
818 2755 847 2791 se
864 2740 1007 2801 leviculas,
1027 2744 1174 2793 acerrimos
1185 2756 1233 2807 pu·

135 2822 195 2869 lam
224 2818 304 2867 Hom.
330 2815 359 2867 ll.
384 2833 420 2875 κ,
446 2816 504 2868 437.
531 2818 565 2868 de
590 2820 669 2870 lihesi
706 2820 845 2881 gnatores,
871 2830 938 2880 quos
957 2815 1097 2877 describit,
1126 2818 1233 2868 ilectori

136 2895 233 2957 equis:
261 2888 429 2961 λευκότερα
447 2890 563 2955 χιόνος,
581 2893 670 2945 θείειν
707 2899 734 2943 et
750 2890 842 2942 Achilli
860 2890 1066 2954 aequiparando.
1083 2920 1109 2927 —
1126 2892 1234 2941 inter--

136 2968 161 3019 δ’
179 2962 338 3032 ἀνέμοισιν
363 2960 476 3031 ὁμοῖοι,
504 2968 575 3018 unde
596 2970 668 3032 virg,
706 2964 779 3029 inter]
806 2964 924 3029 Duplicis
950 2964 1028 3015 huius
1054 2978 1146 3030 praep.
1168 2966 1233 3015 inter

135 3049 206 3095 Aen.
226 3044 274 3103 tt,
293 3041 339 3093 st:
359 3044 407 3104 oui
423 3043 512 3105 (Turni
529 3044 672 3106 equilccn·
707 3052 790 3101 usus,
824 3040 850 3090 in
879 3052 933 3103 quo
961 3038 1048 3091 haesit
1080 3039 1231 3101 Bentleius,

136 3120 200 3168 dore
215 3118 435 3179 mamert,
452 3118 669 3178 marceacum
708 3112 830 3178 exempla
855 3112 968 3178 praehet
993 3114 1069 3165 Hand
1095 3116 1169 3167 Turs.
1188 3116 1231 3166 iil.

137 3193 309 3255 telibnsque.
336 3192 429 3255 utpote
451 3193 498 3255 qni
520 3192 601 3242 etiam
621 3205 671 3256 pro
707 3204 734 3255 p.
754 3188 811 3240 tos.
842 3189 978 3253 Cir.Epp.
998 3190 1029 3249 i,
1052 3191 1080 3247 t.
1105 3190 1145 3240 iz.
1177 3191 1230 3239 liv.

137 3266 333 3333 pulcherrimis
343 3265 522 3327 haberentur,
541 3267 568 3316 in
579 3268 672 3317 trium·
709 3265 750 3323 to,
763 3264 788 3322 7,
802 3264 831 3312 t:
849 3268 973 3313 certatum
982 3290 1013 3301 --
1024 3264 1089 3313 inter
1099 3264 1146 3326 Ap.
1160 3263 1233 3313 Cloa-

139 3344 201 3407 phis
219 3340 378 3391 utebantur.
413 3342 463 3391 Dio
474 3342 550 3392 Cass.
563 3340 609 3403 id,
629 3340 669 3393 ii.
707 3339 778 3388 dium
793 3339 905 3388 mamare
919 3339 1005 3401 sanant
1020 3344 1044 3388 et
1059 3339 1125 3388 inter
1140 3339 1167 3387 P.
1181 3339 1234 3387 De-

171 3416 265 3468 lii-⁴8.
289 3417 425 3478 mamm»
440 3416 503 3467 aas
517 3442 533 3453 ·
549 3431 672 3467 -conoe-
708 3414 775 3463 darn
795 3414 903 3463 liuram,
933 3414 988 3462 Nec
1011 3410 1124 3462 multum
1147 3410 1236 3461 diiiert

138 3492 184 3556 ait]
207 3492 373 3554 «Postquam
394 3490 468 3541 litem
490 3493 576 3543 amice
596 3492 672 3542 deci·
707 3486 783 3537 Pind.
801 3488 879 3537 Nem.
897 3485 926 3546 8,
946 3487 994 3535 tii:
1014 3480 1066 3534 τὰν
1081 3478 1233 3555 Ἀδράστου

140 3567 206 3617 dere
230 3567 260 3615 et
281 3564 416 3615 conciliari
441 3578 496 3616 non
521 3568 671 3630 poterant.»
708 3557 762 3611 τάν
779 3575 809 3610 τε
831 3556 982 3625 Καδμείων
1007 3552 1077 3631 ἶριν.
1108 3586 1134 3594 -
1165 3558 1234 3607 lra-

142 3668 169 3677 -
186 3640 237 3690 irco
253 3640 344 3689 men
365 3639 427 3703 och]
447 3640 561 3691 «Omnes
583 3640 672 3692 homi-
707 3636 834 3699 saphath]
859 3638 888 3685 ut
909 3634 1011 3685 morbac
1031 3632 1161 3697 οσρίισὶἰσ,
1189 3646 1236 3684 ca·

141 3728 189 3765 nes
209 3713 325 3771 mesti,
351 3712 485 3775 difficiles,
513 3715 671 3765 contentiosi
707 3713 769 3776 put,
798 3711 880 3761 vitam
904 3713 1015 3774 petens,
1045 3710 1080 3759 ita
1106 3709 1135 3757 ut
1160 3706 1236 3759 aliter

141 3788 185 3839 icc
206 3790 267 3837 iere
288 3793 361 3848 aaut,
388 3786 461 3837 idem
484 3789 525 3838 ius
545 3788 597 3838 sibi
618 3790 672 3839 sto·
708 3798 791 3849 quem
814 3783 923 3835 alterius
945 3786 1029 3835 utrius
1054 3785 1141 3835 morte
1168 3782 1235 3833 finiri

142 3864 238 3923 hunt,
265 3861 365 3911 eodem
389 3860 470 3911 modo
493 3863 589 3927 egunt,
616 3874 671 3924 quo
709 3860 873 3933 nonposset.
888 3856 916 3908 li.
930 3874 964 3921 χ,
982 3851 1174 3927 ἳ64εἚκτορ,
1190 3852 1234 3922 μή

142 3936 231 3998 ima,
249 3934 405 3985 tortitudine
419 3934 471 3988 sibi
487 3948 583 4000 pares,
602 3937 671 3988 inter
708 3948 775 3999 μοι,
794 3926 914 3995 ἄλαστε,
939 3929 1147 3999 συνημοσύνας
1164 3926 1236 3997 ἀγό-

143 4024 212 4074 qnos
244 4012 384 4060 certamen
412 4010 545 4073 anguore
577 4012 669 4061 oritur.
709 4023 774 4078 psas
800 4006 859 4059 κτλ.
892 4035 921 4045 -
947 4007 1034 4071 canet]
1062 4006 1177 4057 verbum
1202 4006 1236 4057 dc

145 4086 221 4145 Quod
239 4086 319 4148 igitur
340 4086 410 4135 inter
426 4085 495 4136 duos
516 4085 599 4136 fortes
621 4098 671 4136 usu
708 4082 835 4133 omnibus
873 4084 953 4133 enimi
991 4080 1237 4147 perturbationibus

146 4160 232 4219 venit,
250 4162 281 4208 ut
297 4159 368 4209 terro
386 4160 456 4209 inter
471 4159 670 4219 mamercum,
710 4158 838 4208 usitatum
873 4154 1007 4207 eiiicacius
1041 4157 1122 4206 etiem
1157 4166 1238 4217 quam

147 4234 196 4284 hoc
217 4234 293 4285 idem
313 4234 465 4284 hominihus
486 4233 672 4299 pervicacibus
711 4231 821 4284 Bentleii
838 4236 930 4289 verset.
955 4233 1030 4282 cuius
1047 4228 1125 4281 udde
1144 4228 1237 4292 exigue
