2925 4892
248 380 289 443 70
624 376 753 426 hollain
774 374 954 426 sartilaault

251 557 256 565 ·
292 517 447 584 Garrulus
470 526 567 604 atque
590 516 682 602 piger
705 511 868 580 scribendi
890 511 975 577 terre
996 509 1159 583 laborem,

292 637 460 706 Scribendi
484 646 585 705 recle:
610 655 684 701 nam
706 645 742 700 ut
763 632 911 708 multum,
936 630 979 696 nil
1002 651 1120 697 morer.
1165 630 1263 703 Ecce,

293 758 460 861 Crispinus
483 757 614 823 minimo
637 776 689 823 me
711 764 879 842 provocat:
902 753 1036 839 Accipe,
1061 752 1088 817 si
1111 752 1176 825 vis,
1208 824 1227 855 ο

291 879 454 967 Accipiam
477 875 615 955 tabulas;
639 875 735 943 detur
756 874 850 941 nobis
871 873 977 946 loeus,
1000 872 1096 947 bora,
1298 870 1345 935 le

316 1094 354 1146 ll.
374 1095 495 1156 minimo]
513 1094 589 1143 micro
604 1092 684 1156 (quod
702 1091 855 1141 coniecerat
870 1091 902 1140 N.
921 1089 1050 1151 lleinsins]
1075 1100 1209 1152 superscr.
1231 1089 1258 1137 ei
1274 1090 1305 1147 S,

283 1182 385 1219 armario
401 1166 535 1219 Bentleius
553 1167 621 1216 conl.
643 1192 670 1201 —
696 1166 737 1215 lli.
763 1164 852 1226 Accipe
872 1164 925 1214 iam
942 1166 982 1224 S‚t
997 1165 1025 1213 et
1046 1175 1124 1214 «cunr
1142 1161 1308 1214 membranis

284 1256 337 1293 non
355 1243 463 1306 paucis·
482 1239 629 1299 pendens,
650 1240 713 1289 item
725 1239 843 1289 Pettieril
854 1238 916 1288 duo.
953 1240 992 1300 (tlt
1008 1251 1070 1299 nos,
1089 1237 1162 1301 bcp.)
1178 1265 1205 1273 -
1218 1239 1309 1287 dontio

286 1330 328 1380 cp,
348 1316 438 1381 plures
457 1314 565 1365 codices
582 1312 691 1363 Bentleii
710 1316 738 1363 et
754 1314 879 1363 Pollierii.
1248 1320 1252 1325 ’

253 1471 343 1523 tollere
365 1471 514 1523 laudibus.»
555 1473 610 1521 Nec
630 1484 696 1521 vero
720 1472 779 1521 eni·
817 1470 873 1519 lac.
895 1498 922 1505 —
944 1470 1056 1533 miniato]
1080 1470 1180 1534 pretio,
1202 1484 1252 1519 em
1270 1471 1347 1521 atae

251 1547 453 1597 madverterunt
469 1544 559 1596 Lucilii
573 1545 778 1610 reprehensioni
814 1544 1016 1607 liteieiplreit.
1058 1544 1181 1593 ababa
1202 1558 1349 1606 provocare

252 1619 313 1669 inde
331 1634 346 1668 a
364 1634 388 1669 v.
408 1621 486 1669 durau
508 1620 641 1684 incipienti
663 1632 695 1669 ac
712 1632 778 1669 coa·
816 1618 942 1668 dicuntur
961 1619 995 1679 ii,
1023 1618 1068 1682 qni
1094 1618 1121 1667 in
1142 1617 1347 1682 restipulatione

252 1694 368 1744 tinuatee
382 1706 431 1757 per
442 1706 519 1758 seqq.
532 1708 576 1744 vv.
587 1694 714 1744 darmatas
725 1695 777 1743 cet.
816 1691 876 1756 plus
900 1692 950 1756 ipsi
974 1691 1147 1756 promittunt,
1177 1705 1260 1755 quem
1269 1742 1274 1751 ,
1284 1695 1349 1743 exi·

251 1767 358 1819 laudem
378 1767 593 1831 qualemcunque
605 1769 668 1819 setis
685 1769 780 1817 incon·
816 1768 881 1829 gunt
901 1764 936 1815 ab
958 1766 1139 1816 edversario.»
1164 1767 1257 1816 Senon.
1283 1768 1348 1817 cri-

252 1845 330 1893 einne
349 1843 490 1905 interponi.
526 1844 618 1905 Neque
636 1854 700 1892 vero
719 1855 780 1891 me·
816 1842 909 1905 spinus
933 1841 1013 1903 igitur
1036 1840 1163 1890 victoriae
1189 1843 1293 1902 certas,
1321 1843 1348 1893 si

251 1915 300 1966 lior
318 1919 359 1965 est
376 1915 516 1966 artificiosa
534 1914 666 1965 distinctio
684 1929 699 1965 a
715 1929 781 1965 nea·
816 1915 961 1978 sponsione
994 1915 1131 1975 vincatur,
1171 1912 1249 1978 longe
1283 1913 1349 1979 plus

253 1991 360 2041 nemine
377 1990 526 2061 proposita:
546 1990 607 2040 Cam
623 1993 724 2054 dumet,
743 1990 781 2039 le·
817 2002 989 2038 nummorum
1016 2001 1047 2037 se
1080 1988 1189 2038 Horatio
1216 1988 1348 2041 daturum

253 2063 432 2123 tcteatruerat,
448 2064 515 2122 qaod
525 2064 609 2114 tollere
619 2066 700 2125 veihs,
714 2066 781 2115 Gon
818 2063 959 2127 promittit,
978 2074 1060 2125 quem
1076 2061 1111 2111 ab
1128 2062 1188 2125 ipso
1200 2065 1348 2115 erecturus

255 2137 389 2187 iuliacel.
417 2136 779 2189 Cir.lacobeLecll.Veuus.
818 2138 863 2197 sil,
891 2138 913 2187 si
930 2136 1040 2186 laterior
1056 2136 1160 2186 evadet.
1195 2139 1275 2196 Asse,
1301 2138 1350 2187 in-

254 2224 281 2275 p.
306 2210 363 2261 ill.
401 2212 440 2273 (tlt
464 2224 528 2271 uos,
559 2213 664 2277 accepit
692 2211 780 2262 locum
818 2212 886 2274 quit¹
905 2210 947 2260 vel
965 2210 1086 2274 quinario
1097 2208 1141 2259 vel
1158 2209 1268 2261 denudo
1280 2212 1350 2262 tuno

256 2288 459 2336 controversum
483 2287 562 2337 etiam
584 2286 664 2337 lulius
681 2288 782 2337 Caesar
819 2286 958 2335 contentus
986 2298 1060 2335 ero.»
1105 2283 1154 2335 alii
1182 2283 1349 2335 scholiastae

256 2358 373 2422 Scaliger
397 2362 470 2410 Poet.
495 2362 523 2411 L.
547 2362 571 2412 il.
596 2375 622 2424 p.
641 2362 710 2420 leo..
736 2358 782 2409 ubi
819 2359 906 2409 minus
936 2358 1110 2423 probabiliter
1136 2358 1268 2423 explicant
1293 2362 1351 2409 eai-

256 2434 356 2483 iudicat
376 2434 410 2484 dc
433 2436 552 2499 hlepheei
576 2436 647 2497 liegii
670 2434 780 2485 aeneid.
819 2435 887 2483 aiem
913 2435 1005 2497 dipito,
1043 2446 1113 2497 quae
1142 2433 1240 2499 ellipsis
1271 2439 1351 2484 caret

257 2507 314 2558 bib.
333 2508 409 2557 lllll.:
430 2510 460 2557 la
475 2510 563 2559 Dauni
579 2510 687 2571 epicedio
702 2510 783 2559 inette
821 2508 957 2572 exemplo,
982 2510 1009 2559 et
1023 2510 1127 2559 minimo
1144 2522 1285 2571 prouocare
1301 2508 1350 2559 di-

256 2587 331 2643 seat,
359 2596 423 2644 quoe
447 2583 499 2632 tolli
525 2583 601 2633 velis:
630 2584 675 2633 itte
699 2589 784 2634 tamea
821 2585 893 2632 ctum
924 2584 1014 2647 potius
1041 2583 1148 2633 videtur
1178 2585 1208 2633 nt
1232 2596 1348 2647 mopso,

256 2658 324 2707 troad
336 2670 443 2719 prorata
459 2660 620 2720 aspernanda
637 2660 697 2721 cet.)
731 2660 784 2709 Ce-
818 2670 900 2719 pareo
924 2658 1044 2716 amitere,
1071 2669 1159 2707 emme.
1189 2656 1242 2707 Cir.
1269 2660 1347 2708 Suet.

257 2736 345 2781 terum
373 2733 468 2783 cadem
497 2733 611 2797 imagine
640 2748 704 2785 usus
730 2735 783 2783 lam
821 2733 898 2782 Caes.
925 2732 972 2781 50:
1002 2731 1158 2792 amplissimo
1177 2732 1288 2793 praedio
1312 2745 1351 2782 aa

258 2809 316 2855 erat
333 2805 510 2858 Callimachus
527 2808 561 2858 de
580 2809 685 2858 inimico
703 2806 784 2872 ltpol·
821 2805 1074 2855 ouctioaibmhostce
1087 2807 1192 2855 minimo
1209 2805 1250 2869 (al.
1267 2820 1347 2857 ema-

259 2878 328 2928 lonio
347 2881 446 2931 llhodio
464 2882 561 2943 Hymn.
578 2882 604 2930 in
621 2880 705 2945 Apoll.
720 2882 782 2931 ⁴08:
820 2879 879 2941 mo)
912 2880 1012 2928 motae
1046 2878 1219 2942 (Serviliae);
1254 2880 1349 2944 ibique

262 2950 406 3022 deceptor
424 2959 570 3017 ποταμοῖο
585 2956 678 3020 μέγας
695 2949 782 3023 ῥόος·
821 2954 1055 3018 Oudendorpinm,
1093 2954 1199 3018 optimis
1238 2956 1352 3005 rationi·

261 3018 334 3073 ἀλλὰ
354 3020 390 3073 τὰ
411 3022 503 3075 πολλὰ
522 3022 646 3090 Λύμαὲα
661 3026 716 3093 γῆς
735 3029 784 3079 καὶ
821 3028 873 3080 bus
883 3028 987 3079 minicae
998 3028 1196 3079 daleudeulem.
1219 3032 1350 3081 Ceterum

261 3094 369 3147 πολλὸν
386 3098 430 3160 ἐφ’
448 3094 529 3150 ὕδατι
541 3099 687 3172 συρφετὸν
698 3095 782 3153 ἕλκει.
821 3102 931 3153 Bentleii
963 3104 1032 3153 coni.
1063 3116 1165 3153 nummo
1196 3105 1350 3168 speciosam

262 3198 291 3208 —
311 3174 437 3222 Garrulus
452 3173 515 3238 cet]
534 3176 603 3235 Fuit,
623 3178 668 3240 qui
684 3183 784 3241 puncto
822 3190 882 3227 csse
910 3189 1046 3240 nunquam
1073 3178 1199 3241 equidem
1226 3178 1348 3240 negabo,

261 3249 321 3311 post
337 3260 363 3295 v.
381 3248 454 3298 vatter
468 3250 556 3312 posito
572 3254 713 3313 sequentia
731 3256 786 3303 tra·
822 3263 885 3300 curn
895 3250 993 3300 relerat
1003 3264 1158 3301 sermonem
1172 3251 1350 3304 formularum

261 3320 338 3371 lieret
355 3321 388 3371 ed
400 3322 565 3386 Crispinum;
584 3324 632 3374 sed
649 3326 785 3377 hicbomo
821 3338 923 3374 nummo
947 3326 1064 3375 addicere
1088 3326 1149 3385 (Sat.
1169 3327 1199 3385 2,
1224 3327 1254 3386 5,
1279 3326 1349 3389 tce.)

261 3398 300 3445 tot
325 3396 483 3460 ambagibus
505 3400 658 3461 praemissis
679 3402 722 3450 vix
744 3400 786 3451 di·
823 3402 874 3449 cet.
896 3426 922 3434 -
941 3398 1077 3462 decipiare]
1096 3401 1163 3450 Cum
1182 3400 1352 3450 constituen-

260 3484 328 3535 guus
354 3474 423 3533 orat,
452 3475 479 3523 et
501 3468 535 3523 τὸ
558 3470 635 3545 παρὰ
659 3474 785 3545 προσδο-
823 3473 873 3524 dus
895 3473 929 3522 sit
949 3472 1029 3522 laturi
1052 3473 1206 3524 certaminis
1223 3475 1252 3522 et
1270 3471 1350 3525 locus

262 3548 326 3597 κὶαν
352 3545 455 3598 illorum
483 3550 547 3598 liceo
572 3551 700 3612 eris-piam
721 3564 786 3615 pes·
823 3550 851 3597 ct
867 3548 946 3607 hora,
970 3546 1048 3610 longe
1070 3549 1272 3598 convenientius
1289 3550 1348 3607 eet¹

262 3621 401 3671 surndatur
426 3623 475 3672 ista
499 3622 675 3675 distinctione.
697 3653 724 3663 -
742 3628 786 3689 pi·
823 3626 852 3674 ut
877 3621 960 3672 dicat:
988 3635 1054 3684 aege
1078 3623 1194 3673 vicissim
1216 3623 1352 3686 accipiam

261 3694 395 3757 per-serre]
413 3698 479 3745 Nola
497 3700 658 3747 constructio
671 3702 784 3762 Graeca,
822 3696 995 3761 pugillarem»
1019 3710 1100 3760 quem
1117 3698 1148 3745 ut
1167 3697 1350 3761 impatienter,

263 3763 374 3835 νωθρὸς
396 3770 503 3838 φέρειν.
539 3770 586 3821 Od.
609 3772 638 3831 l,
667 3771 710 3831 ll,
737 3776 783 3823 22:
823 3773 898 3835 quasi
924 3784 996 3821 nunc
1021 3772 1109 3835 ipsum
1135 3770 1193 3820 fieri
1218 3770 1349 3828 deberet,

262 3841 495 3903 impiper-ceeore.
512 3872 538 3879 —
553 3845 673 3909 laborem]
692 3850 718 3896 ct
731 3861 787 3899 me-
823 3848 927 3910 repetat
942 3846 1031 3907 Accipe
1047 3847 1112 3904 icm;
1140 3849 1167 3895 el
1183 3845 1273 3896 obstat
1293 3848 1351 3895 taur

263 3914 394 3965 dilationis
412 3920 438 3965 el
460 3915 547 3967 limae.
568 3945 597 3955 -
617 3921 742 3972 Ceterum
759 3923 786 3972 hi
824 3921 926 3971 calidae
952 3922 1103 3984 repetitioni
1126 3920 1260 3971 urbanum
1285 3918 1351 3970 illud

262 3991 414 4040 versasti.
436 3992 475 4041 ⁴3.
495 3997 784 4057 explanantretiouem
822 3997 904 4046 siais
940 3998 1080 4046 Praeterea
1098 3996 1154 4059 ipsa
1173 3995 1285 4058 Crispini
1303 4006 1352 4045 se-

263 4077 323 4123 cur,
351 4068 380 4114 ut
400 4066 520 4116 recidere
538 4068 588 4117 sihi
612 4070 735 4121 nonnulla
754 4086 785 4122 er
824 4071 923 4121 coritas
951 4083 1082 4135 perquam
1111 4070 1205 4120 festive
1233 4066 1350 4119 lectione

262 4137 330 4191 illius
347 4140 437 4189 Satiris
455 4139 559 4201 liceret,
579 4146 661 4206 optet.
824 4149 931 4210 recepta
944 4146 1107 4209 exprimitur.
1123 4174 1150 4181 —
1162 4141 1286 4206 emeda]
1300 4157 1350 4193 ene

297 4211 384 4265 ll-io.
409 4214 545 4280 Crispinus]
570 4217 598 4265 l'.
622 4219 675 4267 Sal.
702 4220 730 4277 l,
757 4220 784 4281 l,
824 4222 968 4272 allemnlur
991 4219 1069 4271 alieni
1094 4232 1213 4271 versus.»
1240 4246 1267 4257 -
1286 4230 1352 4281 por-
