2925 4892
267 359 329 428 492
598 408 601 415 .
645 361 774 414 Hortarii
794 361 973 416 striatatii

310 519 391 587 Cum
413 537 467 585 res
490 519 561 605 ipsa
581 516 671 584 leret.
715 517 783 584 Nisi
805 516 919 584 dextro
943 527 1103 603 tempore,
1129 515 1234 585 Flaooi

309 639 414 708 Verba
435 660 495 727 per
515 648 667 706 attentam
689 659 754 704 non
777 637 868 704 ibunt
891 637 1041 706 Caesaris
1064 657 1192 715 aurem,

310 762 368 830 Cui
389 760 474 828 male
496 761 524 826 si
547 758 697 848 palpare,
721 757 903 826 recalcitrat
925 757 1070 846 undique
1096 767 1192 826 tirtus.
1317 758 1359 822 20

309 885 437 964 Quanto
458 881 578 948 rectius
599 879 662 948 hoo
685 901 784 968 quam
805 878 887 946 tristi
909 877 1040 946 laedere
1063 900 1160 946 versu

249 1015 254 1028 “
308 1003 513 1072 Pantolabum
532 1023 676 1068 scurram
696 1001 985 1088 Nomentanumque
1006 1010 1159 1087 nepotem,

333 1211 374 1262 48.
392 1212 460 1260 Dior
470 1223 488 1274 p
499 1211 527 1260 et
538 1221 607 1260 eorr.
620 1207 648 1260 b.
661 1235 689 1245 -
701 1208 743 1260 tt.
751 1207 861 1270 pulpam
871 1219 930 1272 ομ.
945 1231 972 1242 -
985 1207 1130 1257 recalcitrat
1141 1205 1324 1272 bSep‚p‚LCt:

299 1286 441 1337 recalcitrat
456 1299 489 1346 ω,
506 1282 652 1345 Bentleius,
671 1283 724 1334 rii.
745 1283 785 1347 (Ut
795 1294 853 1342 nos,
872 1282 965 1342 nostri,
980 1279 1099 1344 Bentleii,
1112 1284 1220 1347 praeter
1231 1295 1324 1342 unum,

301 1363 329 1410 et
346 1359 463 1409 Pottierii
480 1357 595 1420 omnes.)
615 1383 643 1393 -
665 1356 707 1407 2⁴.
731 1357 797 1406 tristi
814 1368 891 1418 quoru
907 1367 976 1406 unus
994 1355 1075 1416 Fene,
1094 1357 1123 1404 ut
1140 1356 1254 1406 coniecit
1271 1357 1326 1406 Cu-

300 1434 478 1497 ninghamius.
499 1459 527 1468 -
544 1431 586 1482 22.
604 1430 772 1482 ramatum
788 1431 814 1480 S.
834 1456 863 1466 -
888 1430 1169 1492 Marcomanniam,
1192 1431 1327 1480 Nomentu-

299 1522 391 1560 oomoe
407 1521 470 1558 oum
486 1503 567 1571 κλμφ
586 1508 613 1555 et
629 1505 735 1555 duobus
752 1505 909 1556 Bersmanui
926 1503 1069 1555 Bentleius.

270 1715 296 1728 -
311 1688 374 1740 ciem
389 1697 431 1736 ree
446 1685 504 1747 ipso
523 1682 595 1750 seret]
613 1681 698 1733 «cum
720 1682 793 1730 tem-
830 1683 903 1732 oerte
928 1679 1052 1746 putidum
1078 1684 1106 1731 et
1131 1681 1181 1744 ipsi
1207 1681 1235 1730 et
1259 1680 1359 1732 criticis

267 1776 318 1829 pus
344 1761 450 1812 venerit
476 1759 686 1822 opportunum.»
725 1755 791 1806 Mire
829 1756 922 1806 amieis
947 1754 1093 1806 rideretur.
1141 1759 1233 1818 Aeque
1260 1754 1358 1806 nobilis

268 1835 434 1889 Feldbauseh
461 1833 496 1884 de
522 1832 628 1884 Horatio
653 1827 792 1881 adulatore
830 1831 872 1881 est
883 1829 967 1894 figura
978 1829 1240 1893 Eurip.Baceh.79i:
1256 1827 1360 1896 Θύοιμ·

267 1925 295 1977 p.
312 1911 354 1962 28.
379 1920 508 1960 areanum
532 1907 604 1956 bunc
628 1916 740 1955 sensum
765 1903 793 1952 in
829 1898 866 1954 ἂν
890 1897 968 1971 αὐτῷ
993 1901 1106 1969 μᾶλλον
1128 1897 1149 1969 ἢ
1170 1900 1358 1969 θυμούμενος

267 1984 421 2036 clarissimis
438 1981 538 2032 Horatii
553 1979 644 2030 verbis
660 1977 712 2028 sibi
728 1991 793 2042 rep·
830 1975 902 2048 πρὸς
919 1980 1023 2048 κέντρα
1045 1976 1221 2042 λακτίζοιμι,
1247 1975 1356 2045 θνητὸς

267 2059 370 2124 perisse
387 2057 460 2107 visus
472 2057 526 2106 est:
546 2053 588 2104 «Si
605 2065 635 2102 re
646 2065 711 2102 vera
723 2052 793 2102 Cae·
829 2045 870 2102 ὢν
886 2049 954 2119 θεῷ.
990 2054 1083 2117 Neque
1098 2065 1163 2102 vero
1181 2053 1269 2104 minus
1287 2055 1356 2104 mire

267 2133 335 2185 saris
367 2131 493 2181 iustitiam
527 2130 680 2192 temporum
711 2139 792 2176 cursu
829 2129 962 2190 Augustus
979 2130 1007 2178 et
1024 2140 1086 2178 eum
1103 2127 1230 2190 accipitre
1247 2129 1275 2176 et
1292 2140 1356 2178 cnm

267 2206 409 2273 probatam
434 2214 618 2267 cognovero.»
644 2227 673 2237 -
703 2201 793 2250 deatro
829 2201 891 2266 lupo
915 2203 1085 2266 comparatur
1107 2201 1142 2252 ab
1165 2200 1257 2252 Ovidio
1277 2202 1355 2252 Trist.

268 2283 384 2346 tempore]
411 2282 465 2330 Sat.
483 2281 513 2339 2,
537 2278 571 2340 4,
598 2277 623 2328 t.
650 2277 794 2341 opponitur
831 2277 859 2338 4,
888 2277 916 2337 4,
943 2276 974 2325 itt
1000 2288 1059 2338 sqq.
1089 2301 1117 2312 -
1143 2275 1254 2338 modique
1277 2276 1355 2340 Μω]

268 2365 379 2420 tmpore
394 2355 474 2404 laeuo.
507 2351 660 2402 Admodum
672 2351 794 2401 seiteto·
831 2348 986 2410 «Quomodo
1004 2361 1090 2412 equus
1107 2347 1357 2400 recalcitrandoar·

268 2435 324 2482 tam
340 2443 399 2480 rem
415 2429 442 2478 in
459 2427 576 2478 laturum
594 2423 700 2488 aliquod
722 2426 793 2474 tem·
830 2427 874 2474 oet
889 2437 946 2475 ase
964 2423 1107 2475 molestum
1125 2421 1304 2488 palpatorem,
1317 2425 1358 2476 sic

268 2519 319 2572 pus
330 2505 415 2567 magis
426 2503 606 2567 opportunum
617 2499 713 2559 differt,
730 2510 792 2548 oum
831 2498 930 2549 Caesar
947 2499 1051 2562 ineptos
1074 2496 1240 2562 adulatores,
1268 2500 1303 2548 ita
1325 2501 1357 2549 nt

268 2594 298 2632 re
315 2591 381 2629 vera
403 2589 487 2641 genus
506 2574 578 2626 istud
600 2575 793 2638 panegyricum
830 2585 938 2636 quoquo
963 2584 1058 2622 versus
1081 2584 1112 2622 sa
1135 2571 1169 2622 ab
1193 2585 1287 2623 eorum
1313 2573 1356 2624 in-

268 2655 347 2706 vario
365 2655 393 2704 et
408 2651 514 2702 Rabirio
530 2648 691 2712 reliquisset.
830 2661 911 2699 cursu
929 2649 1054 2698 tutetur.-

301 2729 341 2780 49.
362 2728 403 2778 20.
429 2739 478 2788 per
501 2719 791 2784 album-morem]
863 2723 952 2772 tt-tt.
980 2723 1186 2784 Quantoreetiur
1203 2722 1267 2786 oet]
1289 2723 1357 2773 Tre·

269 2803 408 2855 «Caesaris
428 2811 522 2849 aurem
542 2797 627 2848 rerba
652 2809 714 2846 mea
740 2809 792 2845 non
830 2797 895 2848 batti
916 2799 978 2849 sunt
1000 2799 1054 2848 tres
1071 2809 1167 2848 versus
1184 2797 1323 2848 Horatium
1339 2811 1358 2848 a

268 2877 404 2929 invenient
420 2874 562 2932 attentam,
584 2873 635 2921 nisi
652 2872 675 2920 si
691 2882 793 2934 oppor-
832 2873 919 2922 satiris
945 2869 1096 2922 scribendis
1121 2869 1296 2920 dehortantis.
1326 2898 1354 2907 -

268 2955 333 3002 tuno
349 2953 486 3012 tempore,
505 2959 567 2996 oum
583 2959 598 2995 a
616 2945 728 3008 negotiis
745 2957 793 2994 va·
831 2948 904 3009 tristi]
923 2945 1059 2998 «mordaci
1077 2947 1104 2995 at
1117 2945 1250 2996 satirico·
1269 2945 1355 2996 couri.

268 3027 323 3086 oet,
343 3025 367 3074 ei
384 3020 505 3072 oblatum
521 3021 572 3070 erit
587 3032 697 3070 carmen
708 3018 792 3081 ipsius
831 3024 875 3074 ci,
897 3049 924 3058 -
942 3019 1107 3072 Paniotatwn
1123 3020 1186 3084 cet]
1206 3017 1280 3071 cont.
1299 3020 1355 3068 sat.

268 3097 362 3149 laudes
378 3094 564 3160 praedicans.»
599 3091 674 3143 Coni.
687 3093 754 3155 Epp.
766 3092 790 3152 2,
831 3098 859 3157 4,
878 3095 908 3158 8,
928 3096 979 3156 44.,
999 3108 1032 3145 er
1049 3107 1103 3158 quo
1119 3107 1145 3144 v.
1165 3093 1286 3144 firmatur
1301 3093 1358 3143 No-

270 3175 300 3234 4,
319 3173 330 3221 4
351 3183 411 3234 sqq.
432 3195 460 3204 -
483 3167 529 3218 usn·
554 3165 617 3231 oet]
643 3167 746 3225 «Quem
770 3166 792 3214 si
828 3175 1021 3231 monentque
1046 3169 1138 3218 eontra
1164 3165 1273 3218 Bentleii
1299 3169 1357 3218 Νο-

267 3247 329 3311 quis
345 3243 470 3296 laudibus
481 3239 588 3292 extollat
603 3241 699 3304 ineptis
711 3241 791 3302 atque
828 3249 1011 3294 manmena.
1025 3267 1052 3278 —
1069 3243 1135 3304 Quiri
1144 3241 1267 3306 fodant]
1285 3240 1357 3292 aab·

268 3318 464 3380 immoderatis,
491 3314 536 3366 ille
561 3329 608 3366 eas
633 3313 793 3376 dedignatur
829 3320 871 3368 ter
895 3316 1023 3382 equidem
1047 3316 1135 3368 iacere
1160 3329 1297 3380 nequeop·
1323 3317 1355 3366 ut

267 3399 296 3450 et
306 3395 433 3460 respuit.»
445 3392 553 3456 -maleJ
563 3389 791 3453 «intempestiva»
829 3395 903 3444 Pers,
917 3392 945 3453 i,
964 3391 1008 3442 42:
1030 3391 1094 3454 puta
1108 3389 1223 3454 sacram?
1239 3391 1288 3440 sm
1299 3403 1356 3440 m

268 3470 343 3524 conl.
363 3471 416 3520 Sat.
435 3470 464 3531 4,
483 3467 511 3530 9,
531 3467 572 3518 ot.
592 3493 620 3502 -
637 3464 791 3528 recalcitrat]
826 3467 950 3530 petulenti
966 3467 1047 3528 mooe
1063 3465 1191 3516 ruoltona.
1214 3491 1241 3500 -
1258 3465 1352 3526 saltat]

268 3548 323 3598 Cio.
336 3558 386 3609 pro
404 3541 493 3593 Caelio
511 3543 555 3603 tt,
574 3540 615 3590 36.
634 3539 669 3590 da
687 3539 738 3590 boo
751 3539 793 3588 iu·
829 3545 921 3594 contra
942 3541 1080 3592 decorum.
1109 3540 1215 3590 bucien.
1227 3540 1293 3589 Tim.
1310 3540 1353 3590 tt.

267 3618 467 3672 veneClodiam
475 3617 611 3667 amantem
619 3616 790 3678 aspernante:
829 3614 987 3679 Thrasyoles
1008 3615 1127 3679 sophista
1151 3613 1283 3679 μέθυσος
1303 3615 1355 3668 καὶ

267 3694 398 3752 embol,
423 3692 527 3753 respuit.
565 3689 631 3740 Mira
652 3701 685 3739 ao
706 3701 791 3752 prope
829 3687 968 3761 πάροινος
984 3683 1039 3740 οὐκ
1056 3681 1126 3760 ἄχρι
1142 3683 1220 3755 ᾠδῆς
1236 3689 1286 3738 καὶ
1303 3683 1356 3758 ὀρ-

268 3764 390 3829 ignobilis
407 3765 505 3814 nostris
521 3761 675 3812 bominibus
687 3761 794 3813 videtur
830 3760 958 3832 χηστύος
974 3760 1082 3828 μόνον,
1100 3755 1240 3814 ἀλλὰκαὶ
1257 3759 1355 3812 λοιδο-

268 3841 337 3890 baec
352 3839 416 3902 equi
438 3835 628 3888 recalcitrantis
652 3837 740 3900 imago
758 3837 791 3888 de
828 3840 892 3909 plag
909 3837 958 3888 κα4
976 3830 1074 3908 ὀργῆς.
1110 3837 1165 3888 Cio.
1179 3849 1228 3900 pro
1246 3836 1313 3887 itiur.
1328 3835 1353 3894 6,

268 3915 384 3964 Caesare
395 3914 649 3976 usurpatmyerum
658 3912 790 3974 Horatius,
830 3914 875 3963 it:
904 3914 982 3963 Nemo
1003 3912 1056 3974 fere
1076 3911 1153 3962 saltat
1168 3910 1279 3971 sobrius,
1305 3908 1356 3958 nisi

186 4017 191 4024 -
268 3987 369 4050 siquis
389 3983 470 4046 alius,
494 3985 611 4050 optimus
635 3984 793 4036 urbanitatis
827 3984 1355 4051 tmteimooit:--mnttamondeiioionan

268 4059 349 4112 iudex
364 4061 434 4111 seire
453 4057 546 4123 procul
563 4057 645 4110 dubio
662 4058 790 4122 debebat,
828 4074 908 4112 omnes
927 4065 963 4111 est
987 4065 1102 4112 aetram
1122 4059 1233 4110 sorum
1255 4085 1282 4094 -
1301 4059 1356 4109 444-

267 4148 330 4187 eam
347 4134 401 4185 suis
419 4131 584 4196 temporibus
600 4132 664 4183 nibil
675 4133 789 4194 babere,
827 4135 916 4199 boios]
930 4135 1041 4185 «scurra
1053 4132 1157 4185 iliorum
1172 4135 1354 4196 temporum..

268 4209 342 4274 quod
359 4211 404 4260 aut
425 4207 558 4262 lautorem
574 4207 724 4262 offenderat
746 4209 792 4260 eut
828 4213 921 4262 Parra.
942 4233 969 4245 -
988 4213 1017 4260 ut
1032 4207 1114 4274 umet]
1132 4221 1181 4258 «eo
1198 4207 1257 4271 ipso
1280 4207 1355 4256 tem·
