2925 4892
502 360 561 413 Lib.
582 362 600 411 Ι.
636 364 735 414 arist.
754 364 807 414 iiii.

157 516 266 585 itaiiaa
289 516 385 604 piano
408 516 553 583 defundit
576 518 676 605 Copia
699 539 810 585 cornu.

177 746 218 795 29.
238 743 350 806 defartdit
367 756 501 809 superscr.
521 744 549 807 is,
568 746 597 794 ut
614 746 647 795 sit
664 746 781 808 diffltndit
795 745 823 805 h,
842 746 936 810 desumit
949 748 997 807 SE,
1014 750 1054 814 γζ,
1072 750 1171 813 diffudit

146 820 171 877 d,
192 823 210 869 t.
231 817 272 881 (iii
284 831 347 877 nos,
366 820 427 882 Sep,
440 818 476 879 κ.)
489 820 528 868 Da
540 818 630 869 verbis
641 820 780 882 diffundere
792 822 820 869 et
834 822 968 882 defendere
979 822 1048 872 inter
1058 836 1088 872 se
1106 838 1171 875 con—

146 894 212 943 fusis
230 892 263 943 ci.
283 892 319 943 ad
335 894 401 957 Epp.
421 894 444 946 i.
464 894 488 953 5,
508 892 532 943 i.

117 1100 155 1149 his
179 1096 272 1148 verbis
292 1098 409 1147 tionum.
433 1101 530 1160 Ancyn
555 1110 581 1161 p.
600 1097 640 1147 35.
680 1098 808 1161 defundit,
843 1113 858 1149 e
887 1112 969 1150 comu
1004 1114 1053 1152 suo
1081 1104 1205 1158 omnibus

117 1173 159 1223 ed.
179 1174 284 1233 Franz..
304 1186 373 1236 quae
391 1184 471 1236 supra
484 1172 643 1222 Graeceha·
680 1172 850 1223 abundanter
874 1172 1007 1237 largitur.»
1049 1179 1089 1227 ·si
1114 1180 1208 1243 dostram

118 1248 181 1298 bes:
201 1248 307 1297 auratos
325 1248 403 1297 tritam
421 1248 576 1297 marottam
594 1248 643 1295 iio-
680 1245 792 1309 tegeris,
819 1251 880 1312 post
900 1262 1019 1301 messem
1041 1254 1138 1317 scripta
1157 1258 1208 1307 erit

116 1334 252 1372 nonomen
278 1322 360 1383 spotia
386 1326 411 1371 at
440 1322 514 1385 rtpnc
539 1321 644 1371 reddare
681 1322 812 1387 Epistola3
842 1324 864 1373 si
887 1324 1011 1386 defundit,
1036 1329 1094 1391 ipso
1110 1333 1206 1382 mersis

116 1399 175 1447 mitti
196 1396 419 1459 supplicesque
441 1396 644 1456 omictttompo-
680 1399 832 1461 tcmpore.»
860 1398 952 1448 iterra.
997 1402 1087 1451 Lectio
1114 1404 1208 1467 &fudit

116 1474 166 1533 pati
184 1472 293 1522 amani
306 1476 392 1532 patara
407 1470 486 1535 coepi,
508 1470 644 1521 boantem
681 1472 739 1521 orta
776 1472 882 1521 videtur
916 1486 949 1522 ex
981 1476 1206 1537 praecedentibus

117 1550 189 1612 rippa
199 1548 228 1596 in
238 1547 376 1609 patranti,
395 1548 460 1609 picoti
471 1552 506 1597 art
516 1547 543 1596 ta
554 1546 644 1607 tempto
681 1545 808 1610 perfectis
825 1547 911 1595 cecidit
923 1550 950 1595 et
966 1550 1069 1611 accepit.
1098 1551 1207 1602 inverso

117 1624 208 1673 riiartis
220 1620 322 1683 Uttaris,
334 1622 441 1683 reposui.
466 1620 541 1671 idam
553 1622 643 1670 autam
682 1632 766 1670 cornu
775 1633 902 1684 expressa
912 1624 955 1671 eat
963 1623 1044 1687 copia
1053 1625 1109 1674 aive
1118 1625 1209 1676 Abun-

118 1700 156 1749 est
172 1699 214 1746 tus
229 1702 254 1746 at
263 1696 398 1759 imparium
409 1693 519 1745 alicuius
531 1696 645 1757 acctpcra
682 1694 771 1744 dantia
789 1695 839 1744 dea
854 1696 879 1743 in
891 1696 1085 1759 Imperatorum
1097 1698 1207 1750 demum

118 1776 196 1835 atqua
225 1772 355 1835 «imperio
373 1783 483 1834 parere,
510 1770 537 1819 in
552 1771 592 1819 ias
608 1770 645 1819 di-
681 1770 861 1833 posteriornm
874 1771 999 1821 nummis.
1025 1771 1078 1821 Cir.
1091 1772 1209 1837 bottiger

117 1849 262 1907 amaraque
278 1844 388 1895 alicuius
405 1846 514 1906 raupta
532 1845 587 1895 bit.
601 1844 643 1904 ii,
682 1844 715 1894 iri.
734 1845 858 1907 &hainen
874 1845 905 1893 ii.
924 1858 950 1909 p.
969 1845 1026 1895 att.
1061 1844 1209 1909 Elegantis-

118 1922 156 1972 tt.
176 1922 231 1972 Cir.
251 1920 299 1971 0d.
313 1920 341 1980 3,
361 1921 389 1977 a,
409 1919 478 1982 tiso.
497 1920 558 1969 Tac.
579 1918 643 1968 iiist.
683 1920 751 1969 sime
773 1917 906 1983 actriptum
928 1932 1013 1970 cornu
1034 1923 1128 1985 copiae
1145 1923 1210 1973 sini·

118 1996 143 2056 t,
162 1996 209 2045 itt:
234 1994 341 2056 imparia
363 1994 521 2055 accipientes,
549 1992 575 2042 id
594 1994 644 2053 asi,
683 1994 739 2043 stra
756 1995 829 2043 tenet
844 1994 974 2044 Fortunae
992 1994 1165 2047 simulacrum
1182 1999 1208 2047 in

119 2072 265 2134 «imperata
292 2068 445 2119 facientem
486 2065 552 2119 idaia
577 2067 645 2117 baec
683 2068 951 2119 succenseamus
964 2068 1104 2119 Tabiiiii.
1124 2072 1209 2136 atquc

118 2156 226 2208 quoquo
246 2142 306 2193 oiim
325 2144 499 2205 acceperunt,
519 2143 554 2191 ita
566 2141 646 2191 inter-
684 2145 792 2194 omnino
810 2156 891 2206 saepe
902 2144 1008 2193 videtur
1019 2145 1149 2196 Fortunae
1161 2148 1211 2195 tri·

119 2220 233 2283 pietati:
255 2219 397 2269 «Phraates
415 2218 519 2281 acecpit
536 2218 576 2268 ius
594 2218 646 2267 im·
684 2216 779 2267 butum
791 2230 861 2267 esse.
875 2218 929 2267 Cir.
942 2216 1041 2267 Amob.
1052 2219 1076 2279 6,
1090 2220 1136 2269 aa:
1150 2220 1211 2270 For·

119 2294 293 2357 pariumque,
312 2292 408 2352 idest,
426 2292 647 2355 reguumdrme·
684 2296 748 2341 tuna
779 2304 837 2341 mm
860 2305 940 2341 corno
959 2293 1056 2354 porois,
1087 2294 1143 2357 poia
1166 2300 1212 2344 cat

118 2371 190 2430 niae,
217 2370 363 2418 veneratus
388 2369 534 2431 propterea
556 2368 647 2429 nugu-
683 2366 798 2430 smptbaa
818 2366 1019 2415 aactmnnatibns
1036 2366 1120 2427 piano.
1155 2367 1211 2417 Ad-

119 2447 225 2501 sumn»
261 2446 341 2505 atque
374 2442 435 2493 ideo
463 2440 506 2491 vei
535 2440 647 2505 turpiter
685 2439 814 2491 mirabilia
831 2441 923 2490 autam
943 2442 985 2490 ast
1009 2441 1087 2491 buius
1114 2454 1212 2492 coraus

120 2532 225 2569 errasse
250 2516 293 2567 vai
318 2516 489 2581 impudenter
506 2516 647 2565 mentitum
686 2514 779 2578 copiaa
803 2515 906 2577 pictura
934 2514 1006 2577 apud
1033 2513 1212 2566 Raboiaisium

121 2607 179 2645 essa
206 2592 346 2643 Horatium
367 2590 504 2650 diuernnt¹
529 2602 591 2639 cum
608 2588 649 2639 Ti·
686 2589 834 2651 Gargantua
860 2588 902 2638 Cir.
922 2588 955 2638 8:
979 2601 1030 2637 aaa
1053 2587 1114 2638 betta
1137 2602 1213 2639 coma

121 2680 216 2731 graues
244 2666 270 2716 io
296 2678 408 2729 regnum
430 2664 494 2714 iliud
516 2662 648 2713 deductus
686 2662 873 2721 dammam,
897 2661 953 2711 teila
968 2674 1016 2723 aaa
1030 2674 1109 2722 copas
1125 2674 1151 2712 aa
1167 2676 1213 2713 aa·

121 2744 169 2802 ait3
189 2754 244 2805 qua
261 2738 339 2803 culpa
351 2742 380 2789 ut
394 2740 501 2803 potitam
512 2736 647 2797 liberarat,
687 2736 842 2799 tbpnatiiar,
868 2735 966 2785 attalia
981 2748 1029 2798 pua
1045 2737 1130 2785 donna
1146 2738 1213 2787 iibea

120 2816 256 2868 Benticius
293 2827 404 2879 prorsus
439 2812 650 2877 improbabiliter
687 2824 712 2861 ca
736 2812 805 2860 dcam
828 2810 947 2873 paropinos
969 2810 1094 2860 Adrastea
1113 2817 1137 2861 at
1152 2813 1211 2873 ida,

123 2892 243 2957 iiprancr
255 2902 304 2955 pro
315 2888 435 2938 Phraates
445 2888 592 2953 proposuit.
610 2886 649 2936 ua
687 2887 817 2935 amaricat
832 2886 863 2935 da
876 2885 980 2947 inpttcr.
1009 2884 1215 2951 Tmtaionrrpua-

121 2968 234 3017 Phraate
254 2964 286 3013 ci.
306 2964 387 3013 etiarn
405 2960 453 3011 Od.
472 2963 502 3023 2,
520 2962 549 3021 2,
569 2962 610 3011 ii.
688 2960 769 3022 mata,
795 2959 946 3021 maana,
972 2961 1118 3021 resudante,
1143 2966 1214 3010 toar-

153 3042 194 3091 29.
224 3037 312 3103 Copia]
331 3036 509 3087 abundantiae
528 3039 555 3087 et
571 3036 652 3087 uber-
688 3038 758 3085 tourr
775 3035 940 3096 oardoyaata,
967 3036 1091 3084 toudottra
1113 3035 1215 3099 ficaria

122 3118 182 3167 tatia
200 3114 267 3175 dea,
285 3117 316 3163 ut
332 3114 421 3163 Carm.
441 3114 499 3163 Soc.
519 3113 560 3163 60.
584 3112 650 3163 Eam
688 3116 773 3171 raab,
799 3109 925 3159 touttourr
948 3109 1113 3173 fructificata,
1141 3110 1215 3173 pirna

121 3204 229 3240 wadan
246 3190 339 3249 vocat,
364 3187 392 3237 id
410 3188 463 3249 ast,
482 3186 603 3247 beatam,
621 3186 652 3235 ut
689 3184 844 3245 d'itranaars,
859 3183 931 3245 piena
947 3185 977 3234 da
992 3186 1081 3247 flaura,
1095 3184 1169 3246 pirna
1184 3184 1215 3232 da

123 3263 177 3315 iere
196 3264 289 3323 Odi,
306 3264 334 3322 5,
353 3261 378 3311 9.
396 3262 425 3321 Ξ,
445 3262 491 3323 to,
509 3262 533 3311 ii.
564 3260 652 3310 «iiaec
688 3264 768 3310 tautae
778 3260 873 3309 dalmas.
904 3256 1213 3308 Simiiesautamiaudas

124 3342 213 3389 autem
223 3336 427 3400 omnisgcneris
438 3334 652 3399 irugesiruatus-
689 3334 813 3385 Caesaris
838 3333 917 3382 aetati
933 3332 1052 3395 impertit
1066 3332 1146 3394 poitta
1163 3330 1211 3380 Ori.

124 3426 176 3477 que
194 3412 324 3477 quaside
344 3408 652 3461 caeicintcrramnunc
689 3408 878 3470 t‚s‚ttsqq.
897 3405 1082 3467 i,ttt‚ttsqq.
