2925 4892
278 348 340 414 330
657 348 984 403 uonarrtstrrmnuu

320 507 387 571 lam
409 503 564 572 moechus
585 506 720 581 44344433,
744 504 809 571 iarn
830 502 939 583 mallet
959 503 1075 571 doctus
1096 504 1227 571 Athenis

320 626 447 703 Vivere,
471 626 666 702 Vertumnis,
690 635 851 713 quotquot
871 635 960 703 sunt,
983 634 1078 692 uatus
1099 625 1227 714 iniquis.

320 748 439 814 Scurra
460 746 663 823 Volumnius,
687 757 860 835 postquam
882 745 926 812 illi
948 746 1031 813 iuste
1052 744 1209 835 cheragra
1318 748 1354 812 lii

320 868 472 935 Contudit
494 868 660 946 articulos,
684 867 742 955 qui
763 887 823 955 pro
845 887 882 934 se
903 865 1030 934 tolleret
1052 878 1150 955 etque

342 1085 381 1135 48.
400 1087 486 1135 doctor
502 1082 538 1134 hc
555 1087 581 1134 et
599 1097 638 1149 pr.
658 1084 689 1145 8,
709 1084 775 1135 Cod.
788 1085 900 1147 Franeq.
917 1085 1015 1135 etFee.
1035 1085 1075 1146 tot
1091 1096 1154 1144 noe,
1173 1084 1208 1148 Sp
1219 1085 1248 1133 34
1258 1096 1324 1134 corr.

308 1160 348 1222 Ε.)
368 1187 396 1196 -
416 1160 456 1209 444.
475 1160 596 1223 34444343
613 1160 674 1210 LCt.
696 1182 723 1195 -
744 1160 785 1210 46.
804 1159 937 1210 &otendit
953 1159 1098 1222 (superscr.
1108 1163 1327 1221 propterquam

308 1234 441 1298 3444444344)
459 1234 487 1284 Ε.
517 1260 544 1269 -
573 1234 613 1283 47.
629 1234 743 1295 phimum
760 1234 902 1297 (superent.
918 1233 1029 1296 pirpren)
1047 1230 1093 1293 448,
1110 1233 1213 1295 waren
1229 1246 1253 1294 3,
1268 1245 1329 1295 pur-

308 1321 368 1372 pern
385 1310 453 1372 p,Lt.
474 1309 510 1371 (ln
527 1309 556 1367 E,
575 1308 620 1369 qui
637 1307 721 1358 hebet
733 1308 855 1370 4444443444,
874 1306 961 1371 glossa
978 1308 1160 1372 superscripta
1182 1311 1236 1357 est:
1264 1308 1328 1367 quod

307 1396 353 1432 4444
368 1382 513 1445 fritillum
529 1383 634 1433 34344443
644 1383 684 1433 434
695 1384 846 1447 purpure.)
861 1410 887 1417 -
901 1382 941 1432 48.
951 1382 1037 1444 potnit
1047 1382 1075 1432 E.
1091 1406 1119 1417 -
1132 1382 1197 1432 idem
1207 1382 1290 1445 p‚LCt
1299 1383 1326 1430 34

276 1586 349 1638 Ouid.
374 1587 451 1637 Trist.
473 1588 501 1647 4,
527 1588 556 1648 9,
584 1587 623 1638 48.
653 1614 681 1625 -
705 1588 798 1648 doctus]
837 1596 927 1636 mores
954 1586 982 1635 et
1013 1584 1136 1637 habitum
1163 1582 1304 1634 ridiculum
1332 1583 1357 1632 in

277 1660 490 1727 «philosophus»
509 1662 554 1725 qui
572 1660 675 1712 33444433
686 1661 800 1725 opponi·
837 1660 948 1711 modum
965 1658 1094 1710 mutandi.

276 1738 319 1787 tur
338 1735 446 1787 moecho
488 1735 565 1795 Quod
587 1734 674 1785 Schol.
691 1734 801 1786 tradunt
871 1733 958 1784 ⁴5-20.
990 1734 1089 1783 8344443
1115 1732 1269 1797 Volcaniis]
1293 1728 1357 1782 4444444

276 1810 395 1861 Priscum
427 1810 538 1861 Athenis
572 1811 716 1861 oratoriam
750 1810 800 1859 do-
837 1806 871 1859 de
888 1809 940 1858 hoc
950 1808 1057 1859 homine
1070 1807 1178 1857 tradunt
1187 1806 1357 1865 Scholiastae,

276 1886 373 1945 cuisse,
390 1889 479 1935 ortum
496 1886 537 1935 334
554 1897 586 1935 ex
604 1883 668 1936 lelsa
685 1883 799 1935 lectione
837 1880 936 1945 quihus
946 1883 1090 1933 scroreest
1107 1880 1268 1932 «urbanus.-
1294 1880 1358 1931 lium

275 1960 373 2020 (433434,
391 1959 420 2008 ut
431 1960 504 2022 patet
516 1972 547 2007 ex
561 1957 645 2009 Glose.
659 1959 724 2010 Cod.
739 1959 799 2008 Fre·
837 1954 951 2007 telorum
965 1953 1028 2006 ludo
1042 1955 1147 2021 perdite
1161 1954 1282 2005 deditum
1297 1954 1358 2005 luis-

275 2044 348 2095 44334
379 2032 496 2083 «Dicitur
520 2033 592 2082 enim
618 2032 667 2084 4343
693 2035 800 2084 Priscus
836 2044 867 2082 se
889 2044 922 2080 344
944 2031 976 2081 443
998 2031 1086 2095 patet¹
1108 2028 1229 2093 quaeda
1248 2040 1283 2079 eo
1299 2041 1359 2078 aar·

275 2105 356 2157 luisse
375 2108 497 2165 oraton»
521 2118 687 2170 quemquam
703 2120 799 2157 verum
837 2109 878 2155 434
898 2107 987 2169 poeta.
1007 2131 1036 2141 -
1056 2105 1123 2154 43343
1144 2103 1360 2166 3443331433-

276 2192 329 2231 uon
346 2182 388 2230 334
404 2180 476 2245 quod
493 2180 584 2231 dicunt
601 2182 737 2231 neminem
751 2181 801 2232 llo-
837 2180 948 2244 quitiam
959 2180 1017 2230 eius
1028 2180 1124 2229 merito
1135 2178 1281 2241 puniens;·
1299 2189 1359 2237 non,

275 2266 415 2307 manorum
436 2266 554 2318 unquam
580 2254 693 2306 docendi
718 2268 799 2306 334433
837 2254 867 2303 ut
882 2252 925 2303 elii
941 2250 1046 2304 volunt:
1074 2265 1186 2315 «magne
1203 2255 1231 2301 34
1247 2252 1360 2316 grauis»

274 2330 392 2380 Athenas
410 2340 440 2379 33
462 2328 616 2381 contulisse.
652 2331 684 2381 ll.
705 2330 799 2381 Cicero
837 2328 953 2387 Persii,
971 2327 1018 2377 58:
1037 2339 1095 2376 34444
1111 2326 1361 2389 tapttosecterapra

275 2402 344 2455 filius
361 2402 395 2452 ed
412 2404 483 2453 Fam.
498 2403 541 2464 46,
561 2404 607 2464 84,
625 2404 653 2453 t:
674 2404 798 2469 (Athenis)
837 2399 1004 2464 (chirepraO.
1015 2400 1221 2464 reunirrepett
1230 2400 1359 2450 (4344344434.

275 2477 437 2529 (433434344343
453 2477 548 2527 Graece
558 2476 627 2540 apud
638 2478 751 2528 03334344
762 2479 801 2529 444-
837 2474 981 2539 Utrobique
998 2476 1077 2525 metri
1094 2488 1175 2525 cause
1186 2474 1360 2525 scribendum

274 2552 355 2611 444434,
377 2552 466 2601 834434
481 2556 567 2602 autern
582 2554 651 2615 apud
673 2553 801 2604 Bruttieut
837 2552 879 2601 est
903 2550 1043 2614 34343343,
1072 2562 1127 2600 non
1152 2550 1285 2613 cltirepre.
1322 2547 1359 2599 Cl.

274 2626 387 2678 34343344
409 2626 473 2676 3343.
500 2654 527 2663 -
557 2627 705 2691 Vertumnis]
731 2629 799 2680 Ver·
837 2625 947 2690 Epp.t,
967 2626 996 2684 4,
1015 2624 1055 2675 34.
1075 2650 1105 2661 -
1125 2624 1250 2690 0344434444]
1270 2622 1362 2674 4443444-

249 2733 252 2737 -
274 2702 382 2752 tumnus
404 2700 519 2751 menime
539 2699 601 2751 olim
624 2701 659 2752 eh
681 2702 799 2755 Etruscis
836 2697 919 2749 litavit
939 2698 1015 2749 nodis
1037 2699 1065 2749 in
1082 2698 1225 2762 digitorum
1244 2696 1360 2749 articulis

274 2774 372 2837 cultus,
403 2775 464 2827 iude
497 2776 609 2827 llomem
639 2776 797 2841 translatus,
836 2774 1005 2823 contractis.»
1025 2797 1052 2809 -
1071 2774 1181 2824 itinere
1196 2773 1223 2822 43
1236 2770 1360 2836 4444443434]

274 2848 342 2899 deus
358 2849 420 2899 euni
437 2848 629 2914 fertilitatisque
644 2852 733 2901 veriee
750 2863 800 2916 per
836 2847 988 2898 Admodum
1004 2847 1111 2898 (44443433
1129 2847 1255 2899 statuitur
1272 2848 1307 2898 de
1321 2847 1362 2897 his

275 2926 425 2987 temporum
437 2924 523 2984 vices,
542 2923 640 2975 deinde
650 2927 799 2987 generatim
834 2923 1017 2974 instrumentis
1033 2924 1168 2986 usurpetis
1184 2921 1219 2972 ab
1237 2922 1363 2973 34334344-

274 2995 342 3045 deus
367 2996 487 3045 omnium
513 2997 730 3049 invertendarum
753 3013 799 3049 43-
834 2996 898 3047 hus:
927 2996 949 3058 4)
968 2995 1112 3047 Salmasius
1129 2997 1288 3048 doctissime
1308 2996 1362 3046 die-

273 3082 347 3130 rum,
372 3070 490 3120 omnium
512 3072 690 3123 mutationum
708 3086 740 3123 33
756 3074 798 3123 vi·
834 3071 970 3136 putatione
1001 3070 1036 3120 ed
1058 3071 1155 3121 4443434.
1180 3072 1250 3134 Aug.
1273 3071 1305 3121 11.
1334 3083 1359 3133 p.

273 3142 467 3195 cissitudinum.
488 3145 541 3196 Cir.
554 3144 647 3196 Tibull.
661 3146 691 3210 4,
705 3148 735 3209 8,
749 3148 794 3198 te:
834 3146 883 3195 44444
907 3157 984 3208 seqq.
1009 3144 1221 3196 demonstratum
1244 3146 1293 3195 ivit
1309 3145 1363 3208 phi

275 3218 339 3269 Tulit
365 3218 392 3269 444
419 3223 520 3269 celeno
553 3220 617 3283 [4443
651 3222 798 3272 Vertumnus
832 3233 903 3271 4444444
922 3232 984 3271 3333
1006 3218 1216 3281 infundibulum,
1246 3216 1361 3287 κημόν,

273 3294 376 3356 otpmpo
399 3293 467 3344 444444
491 3294 564 3345 lohet
588 3300 705 3359 34443434,
731 3297 798 3348 mito
834 3308 867 3345 ex
884 3307 938 3358 qno
955 3295 983 3344 et
1007 3296 1127 3345 tesseres
1147 3296 1174 3345 34
1198 3292 1244 3345 4344
1272 3296 1362 3345 mitte·

272 3369 384 3421 4433444434
400 3366 480 3419 latet,
511 3367 586 3420 coni.
600 3370 674 3421 Ouid.
689 3372 795 3423 Metam.
834 3370 927 3419 rentur
950 3369 978 3419 in
1002 3380 1118 3433 pyrgum
1144 3370 1200 3419 sive
1225 3367 1361 3427 fritillum

272 3443 313 3505 44,
326 3443 374 3495 648
386 3456 447 3506 sqq.
459 3470 487 3480 -
498 3450 617 3508 quotquot
626 3445 693 3507 33444]
707 3448 799 3509 «qnot-
834 3443 932 3507 duplex
949 3444 1021 3493 enim
1042 3456 1141 3494 nomen
1162 3443 1236 3495 idem
1260 3442 1363 3507 signill-

272 3518 798 3583 quothehetsimulecra,quorumunum
835 3530 906 3568 care.
933 3518 957 3581 8)
975 3516 1038 3578 Alii,
1056 3520 1087 3567 ut
1101 3518 1204 3568 Becker
1215 3518 1309 3568 Galim
1319 3518 1361 3567 111.

272 3591 398 3656 quodque
415 3592 569 3655 symbolum
587 3598 628 3645 334
649 3598 797 3661 perpetuae
834 3604 860 3655 p.
879 3591 928 3641 8448
945 3604 998 3654 sq.‚
1021 3590 1138 3642 fritillum
1158 3590 1231 3641 idem
1250 3604 1314 3643 esse
1331 3603 1363 3639 ac

272 3666 490 3717 inconstantiae„
525 3668 586 3718 sine
598 3670 726 3733 imagine:
747 3670 797 3720 aed
831 3666 958 3729 4444443444,
977 3678 1059 3717 sensu
1070 3664 1249 3727 Salmasieno‚
1262 3665 1362 3717 444433-

272 3738 299 3789 id
316 3752 427 3802 prorsus
444 3739 592 3793 destinatus
609 3756 670 3795 3333
684 3743 798 3795 videba—
834 3743 879 3792 cet
899 3738 986 3791 Schol.
1007 3741 1097 3791 iuven.
1119 3740 1153 3790 ed
1178 3742 1233 3791 834.
1257 3740 1304 3802 44,
1331 3742 1360 3790 8;

272 3816 315 3862 tur
332 3813 414 3863 miser
431 3812 486 3875 4443,
506 3818 535 3865 ut
552 3820 682 3882 quotquot
693 3818 728 3869 ad
739 3833 798 3869 mu·
834 3816 973 3878 «milite,
991 3816 1068 3879 punis
1086 3828 1198 3876 334333,
1225 3816 1274 3879 qui
1288 3817 1363 3879 444434

272 3886 384 3936 tationes
404 3886 541 3939 hominem
565 3890 691 3943 inducere
707 3894 798 3957 potest
834 3890 930 3941 dicitur
941 3892 1042 3941 Graece
1050 3905 1077 3949 ς»
1094 3890 1122 3940 id
1133 3890 1206 3954 quod
1217 3891 1285 3941 mihi
1302 3904 1364 3955 pro

272 3971 378 4009 summe
395 3960 583 4025 inconstantia,
603 3978 649 4016 333
665 3965 795 4017 subiret.»
833 3965 923 4018 habile
938 3966 1052 4017 videtur.
1078 3964 1101 4028 3)
1113 3966 1226 4016 4444434344
1237 3965 1314 4017 idem
1326 3968 1364 4015 in·

273 4061 301 4071 -
320 4034 419 4097 iniquis]
443 4037 504 4087 44344
524 4042 599 4089 erant
621 4041 711 4091 Prisco
729 4042 797 4091 Ver·
834 4043 1012 4093 strumentum
1030 4052 1089 4091 3333
1107 4053 1140 4091 43
1161 4052 1279 4105 pyrgum
1297 4052 1364 4091 con-

272 4110 368 4171 lumni,
390 4112 522 4174 quatenus
539 4126 654 4177 poenam
671 4116 695 4166 ei
712 4116 798 4180 impo-
833 4115 947 4166 tendunt
963 4113 1124 4165 scholiastae
1142 4114 1242 4164 lloratii
1254 4114 1291 4165 ed
1304 4114 1332 4164 44.
1346 4112 1362 4163 1.

271 4188 382 4237 3434334
399 4187 425 4237 43
442 4186 558 4251 singulas
576 4200 659 4254 prope
677 4190 757 4241 hores
769 4192 797 4240 34
833 4190 872 4241 Dc
908 4198 998 4253 pyrgo'
1026 4188 1137 4252 quidem
1164 4188 1227 4240 setis
1257 4191 1363 4240 constat
