2925 4892
267 371 329 436 oto
626 371 753 420 nonani
772 369 990 419 arisronnnmt

310 527 461 606 Cuilibet;
486 525 596 612 argilla
618 525 747 613 quidvis
770 524 947 590 imitaberis
969 521 1049 595 uda,

311 651 393 729 Quin
418 649 513 714 etiam
536 657 630 713 canet
653 645 833 713 indoctum,
857 643 917 709 sed
940 643 1035 709 dulce
1058 643 1190 710 bibenti.

311 769 406 836 Multa
429 767 526 834 fidem
549 767 707 855 promissa
730 766 850 837 levant,
874 765 931 831 ubi
953 764 1080 852 plenius
1102 784 1210 851 aequo
1317 762 1352 825 lii

311 889 434 956 Laudat
455 887 601 964 venales,
626 888 681 976 qui
704 886 769 953 volt
790 887 979 964 extrudere,
1003 905 1138 952 merces.

312 1015 374 1078 Res
396 1022 490 1097 urget
511 1031 562 1076 me
586 1009 687 1086 nulla3
711 1029 784 1074 meo
808 1029 879 1073 sum
897 1028 1024 1095 pauper
1045 1007 1077 1071 in
1099 1028 1185 1072 aere.

336 1255 359 1303 8.
379 1255 475 1314 quidvis
492 1265 626 1316 superscr.
647 1253 712 1313 qaod
723 1251 751 1300 b.
767 1279 794 1286 -
808 1251 946 1301 imitabaris
956 1253 990 1300 Sc
1001 1254 1028 1299 et
1038 1262 1080 1313 pr.
1093 1249 1128 1308 b,
1147 1251 1201 1299 tct
1212 1253 1241 1300 et
1252 1251 1328 1300 Bent-

305 1327 384 1378 leius:
403 1327 542 1375 imitabitur
553 1327 570 1375 d
583 1330 609 1376 et
619 1339 687 1376 corr.
702 1325 733 1384 b,
753 1327 817 1376 item
830 1327 896 1376 ftis.
913 1353 939 1360 —
955 1326 994 1375 tt.
1008 1325 1142 1374 secludere
1157 1325 1204 1384 Ec,
1223 1327 1327 1388 septem

306 1401 505 1458 volitent-tres
525 1399 660 1451 Schmidii.

274 1627 297 1674 fi.
317 1607 407 1673 nbrrat
424 1622 537 1673 Calvisio
561 1623 671 1683 Sabino,
698 1623 798 1672 bomini
837 1635 881 1681 sa,
900 1623 1021 1685 patinae,
1040 1619 1145 1680 fauces¹
1163 1619 1243 1684 longe
1261 1623 1359 1671 minore

273 1701 363 1762 inepto
381 1698 501 1748 centenis
523 1695 629 1748 milibus
647 1699 798 1748 constitisse
837 1698 967 1759 apparatu
985 1699 1012 1744 et
1023 1695 1163 1759 dispendio
1175 1695 1210 1744 ab
1222 1695 1360 1759 opificibus

274 1770 390 1834 singulos
408 1783 500 1822 servos
517 1770 660 1832 litteratos,
684 1784 799 1834 quorum
837 1775 864 1819 et
874 1770 1067 1820 mercatoribus
1074 1769 1243 1822 emebantur:
1254 1771 1281 1818 in
1290 1782 1362 1833 prae-

273 1847 399 1896 uudecim
418 1845 559 1908 pascebat.
577 1859 668 1906 mam,
687 1847 730 1906 qui
747 1846 800 1894 lio·
838 1845 888 1895 diis
912 1845 1006 1906 utique
1029 1844 1063 1893 ad
1086 1842 1184 1893 lateres
1201 1842 1361 1906 tubulosque

274 1935 371 1971 merum
395 1924 502 1980 tereret,
530 1921 637 1969 alterum
654 1921 696 1982 oui
713 1921 800 1969 Hesio-
838 1918 1022 1970 conficiendos
1043 1930 1184 1968 servorum
1204 1919 1290 1980 opera
1307 1922 1362 1968 ute-

275 1997 351 2052 dum‚·
379 2007 466 2043 nouem
486 1999 618 2055 praeterea
635 1995 731 2054 lyricis
747 1995 800 2042 sia-
838 1993 951 2052 bantur,
968 1994 999 2041 ut
1015 2003 1048 2042 ex
1065 1992 1286 2055 inscriptionibus
1302 2005 1363 2042 con-

274 2070 346 2132 putus
362 2069 507 2130 assipnooit.
523 2097 550 2104 —
563 2068 665 2131 orpittu]
682 2068 759 2126 «Vel.
779 2069 801 2119 si
839 2068 900 2117 stat.
928 2068 984 2116 Neo
999 2079 1064 2114 vero
1083 2068 1147 2129 puto
1160 2065 1264 2116 habere
1276 2064 1363 2116 solitos

277 2143 374 2202 utaris,
403 2144 447 2191 tno
468 2141 595 2191 arbitratu
617 2141 719 2192 destina
738 2154 801 2191 eum
839 2137 1137 2208 esseyvpoxia'owg,
1156 2140 1192 2188 ad
1206 2143 1363 2190 ornamenta

277 2217 325 2265 arti
353 2213 442 2274 alicui3
476 2215 604 2278 quidquid
636 2216 681 2266 tibi
711 2215 802 2280 place·
840 2216 882 2266 ilia
893 2213 1037 2276 atriorum,
1051 2228 1119 2278 quos
1131 2217 1211 2277 typos
1222 2215 1363 2274 vocabant,

276 2290 328 2349 bit,
356 2303 389 2338 ex
415 2301 447 2337 eo
472 2290 552 2340 facies
578 2292 658 2353 atque
680 2303 743 2340 eum
766 2291 802 2339 ita
840 2306 872 2342 ac
893 2291 987 2342 similia
1009 2303 1089 2354 opera
1110 2303 1142 2339 ex
1159 2303 1246 2352 gypso
1263 2289 1308 2340 vei
1326 2304 1365 2340 ar-

278 2375 388 2428 prorsus
420 2362 559 2423 formabis,
596 2367 624 2414 ut
649 2364 744 2427 figulus
770 2379 803 2414 ex
840 2367 900 2430 gilla
922 2367 1015 2428 (stucco
1038 2369 1140 2415 eterra
1157 2364 1236 2426 cotta)
1257 2365 1365 2415 confici-

278 2437 366 2501 urgifia
384 2439 473 2487 omniu
491 2437 611 2498 conficit,
635 2453 703 2502 quae
722 2438 802 2488 volt.»
841 2441 924 2492 enda:
950 2441 1017 2490 baec
1039 2453 1148 2504 quoque
1169 2439 1243 2490 enim
1261 2438 1365 2489 aliunde

278 2511 374 2563 Similis
398 2523 508 2576 prorsus
535 2516 576 2562 est
601 2514 626 2562 in
655 2515 695 2564 bis
724 2527 802 2562 cerae
841 2515 976 2565 emebant.
991 2514 1089 2565 Cic.ad
1099 2513 1279 2573 nit.t,t0,3:
1295 2515 1368 2563 Prae

277 2589 366 2649 imago
385 2585 455 2636 Pluto
473 2587 550 2648 Lagg.
567 2588 591 2635 5.
612 2599 638 2648 p.
652 2585 709 2636 tto.
723 2589 766 2636 n:
786 2582 803 2634 ὁ
841 2595 909 2639 lma
926 2590 1160 2652 tepertibimumto,
1179 2590 1281 2649 queris
1293 2595 1368 2639 tecto-

279 2660 441 2725 νομοθέτης
459 2688 472 2697 -
484 2687 498 2697 -
516 2657 646 2710 πλάττων
671 2655 805 2731 καθάπερ
841 2667 881 2713 rto
898 2664 984 2714 atrioli
999 2665 1091 2726 possim
1106 2663 1232 2712 includere
1243 2669 1267 2713 et
1280 2669 1368 2725 putru-

279 2735 311 2785 ἐκ
328 2732 419 2805 κηροῦ
437 2730 501 2784 τινὰ
519 2731 602 2784 πόλιν
614 2735 664 2784 καὶ
675 2733 802 2796 πολίτας.
842 2737 879 2786 tiu
894 2740 1072 2801 sigillatum.
1100 2740 1151 2788 Pro
1167 2739 1260 2787 nostra
1277 2742 1367 2788 auum

280 2811 448 2874 (Saepissime
461 2823 525 2858 vero
540 2809 805 2876 particulascompa·
843 2813 1060 2876 interpretatione
1094 2813 1192 2862 faciunt
1216 2815 1300 2863 etium
1325 2827 1369 2862 se·

280 2886 387 2934 rationis
404 2883 437 2932 ab
451 2886 558 2933 Horatio
573 2885 657 2934 omitti
674 2897 805 2948 perquam
843 2887 967 2949 quentia;
994 2887 1057 2937 nthil
1076 2889 1149 2938 enim
1166 2888 1252 2949 magis
1269 2887 1369 2937 ridicu·

281 2965 372 3007 notum
399 2961 449 3006 est.
486 2957 537 3005 Ctr.
569 2956 647 3008 huius
673 2957 805 3021 Epistulae
843 2958 898 3009 lum
920 2961 948 3007 et
964 2958 1097 3008 Nasidieni
1120 2961 1240 3023 upasonis
1261 2962 1324 3022 (Sat.
1342 2962 1367 3019 ἲ,

280 3045 305 3080 ν.
324 3033 381 3090 ἳ8.,
401 3030 446 3079 ubi
465 3029 632 3081 Marklaudns
649 3033 706 3082 sine
725 3045 805 3082 causa
843 3034 872 3090 8,
891 3033 942 3095 72.)
961 3030 1072 3082 similius
1089 3045 1171 3094 quam
1187 3035 1215 3082 in
1225 3034 1308 3083 divite
1320 3035 1368 3084 do·

280 3105 388 3156 volebat
398 3106 525 3156 rabaam
536 3106 609 3167 lupus
618 3112 660 3166 ut,
679 3109 743 3156 etv.
757 3107 803 3156 98:
844 3120 889 3157 ruo
906 3119 1002 3157 servus
1018 3104 1113 3169 figulus
1132 3105 1259 3170 idemque
1277 3110 1370 3158 cantor

282 3181 326 3245 tut)
345 3181 476 3229 Samnites.
505 3181 803 3243 ct.Epp.t‚a‚28.)-
844 3182 1026 3231 admensam.
1446 3236 1447 3241 η

281 3255 425 3319 imitatoria]
449 3254 573 3305 Praefero
591 3255 659 3304 banc
677 3255 806 3305 Codicum
876 3255 949 3305 e-tt.
976 3259 1048 3303 canet
1064 3253 1198 3318 indoctum]
1224 3257 1321 3318 equod
1338 3258 1369 3306 sit
1446 3250 1447 3315 ξ

282 3333 418 3394 antiquiss
433 3334 459 3380 et
474 3331 636 3394 optimorum
647 3328 765 3379 Blandin.
779 3332 807 3378 et
844 3331 989 3388 indoctum,
1002 3329 1059 3378 sine
1072 3331 1139 3387 arte,
1157 3331 1253 3378 natura
1268 3333 1368 3380 mutum

282 3419 405 3458 meorum
432 3407 613 3469 Pottieriique,
640 3407 670 3454 ut
692 3403 804 3464 videtur,
843 3406 922 3463 duce,
934 3404 1070 3453 lacunas.»
1083 3401 1208 3452 Consulto
1217 3416 1318 3466 mango
1328 3419 1369 3454 ex·

282 3483 403 3531 omnium
431 3481 590 3540 fectionem;
620 3481 718 3530 etenim
744 3491 807 3529 cum
843 3481 935 3528 tenuat
953 3475 1116 3540 aliquantum
1137 3478 1213 3540 pueri
1233 3479 1367 3540 peritiam
1446 3472 1447 3511 i

281 3556 381 3606 librarii
398 3554 515 3604 nonnulli
527 3567 619 3604 veram
636 3553 807 3616 significatio·
844 3565 905 3601 uum
923 3551 945 3600 si
957 3563 987 3600 re
1000 3562 1064 3600 vera
1076 3555 1169 3600 cantor
1179 3554 1263 3610 esset,
1282 3552 1368 3600 statim
1446 3580 1447 3587 κ

283 3643 345 3679 nem
363 3643 388 3678 v.
407 3629 544 3678 imitaberis
561 3630 691 3691 (intinges,
717 3629 806 3692 expri—
844 3628 936 3678 mirari
947 3625 1250 3690 debebatempturiens‚
1264 3640 1368 3677 curnou

283 3703 365 3762 meso)
377 3716 473 3766 purum
485 3701 674 3766 intelligerent,
694 3703 727 3752 ad
743 3715 807 3766 pue-
843 3701 926 3752 multo
949 3702 1035 3751 maius
1059 3701 1174 3764 pretium
1191 3699 1232 3750 ilie
1252 3703 1366 3765 peteret,

283 3789 342 3825 rum
361 3777 551 3826 transferentes
563 3779 699 3827 mutarunt
710 3778 736 3826 in
748 3778 807 3825 imi·
843 3790 876 3826 ac
892 3776 1022 3840 suspicari
1033 3773 1124 3824 dolum
1136 3772 1235 3824 malum
1254 3775 1369 3838 aliquem

283 3849 391 3906 fabitur,
406 3850 495 3910 idest,
510 3850 612 3902 «bonus
625 3853 675 3900 erit
686 3851 805 3913 figulus.»
844 3851 966 3902 subesse.
989 3877 1015 3886 -
1035 3849 1113 3913 imre]
1131 3847 1255 3913 Calpurn.
1276 3849 1333 3900 ch.
1344 3848 1367 3903 l.

283 3923 321 3971 Cf.
336 3925 364 3971 Α.
380 3925 407 3971 P.
420 3923 459 3971 33.
489 3925 540 3974 Sed
560 3925 630 3974 haud
648 3926 807 3987 nimispro-
845 3924 907 3974 tte:
926 3923 1369 3986 quaeimpuribmmorloeoscisai-

283 3995 371 4045 babile
385 3998 433 4055 cst,
447 3997 569 4048 homines
581 3998 726 4062 locupletes
739 3999 808 4046 inter
844 3999 998 4058 attenuaris,
1017 3998 1223 4059 fontinatam,
1236 4001 1291 4046 tuor
1301 3997 1369 4046 mter

283 4069 408 4121 inmitium
431 4069 562 4124 urbanam
583 4073 708 4123 imbuisse
727 4071 806 4122 etiam
843 4077 935 4122 sonunt
946 4075 997 4122 cet.
1013 4100 1040 4107 —
1054 4072 1153 4136 obesa]
1167 4084 1236 4135 «quo
1248 4076 1368 4136 tempore

283 4143 391 4208 figulos:
420 4157 482 4194 nam
500 4157 568 4208 quae
586 4149 619 4196 ud
642 4161 722 4198 omne
740 4159 807 4210 opus
845 4146 975 4198 faciliores
997 4157 1091 4197 eunius
1115 4148 1272 4197 adveniam
1289 4149 1368 4197 etiam
1446 4188 1447 4205 ,

283 4217 554 4282 figlinumacdofiare
567 4223 743 4286 pertinebunt,
763 4233 808 4271 ra·
844 4220 957 4274 servulis
970 4221 1112 4272 dandam.»
1129 4220 1369 4283 -ieraathierin
1446 4220 1447 4237 ³
