2925 4892
280 348 333 415 ’18
671 348 800 399 nonum
817 342 998 399 salmantini

333 505 471 592 Incipias
493 514 601 591 parto,
626 501 715 589 quod
737 502 875 578 evehas,
899 523 941 568 ne
963 502 1061 569 lacius
1083 501 1173 589 quod

333 626 512 695 Ummidius
533 623 675 713 quidam.
720 624 791 690 Non
813 621 982 709 longeest
1002 621 1124 689 iebula:
1147 623 1256 701 dives,
1338 626 1381 688 95

333 748 372 818 Ut
392 748 559 813 metiretur
581 765 748 821 nummos,
774 745 817 811 ita
839 742 1007 819 sordidus,
1030 754 1066 809 ιιι
1087 765 1124 811 se

354 953 395 1005 si.
417 953 457 1018 ue]
480 966 524 1002 uec
549 951 603 1003 duo
626 951 755 1011 Pottierii,
783 950 843 1001 LCt.
864 979 891 986 —
911 950 952 1000 95.
972 951 1016 999 «In
1038 951 1110 1001 avari
1128 951 1215 1001 divitis
1238 952 1346 1002 nomine
1442 984 1448 991 -

321 1027 398 1078 valde
415 1028 442 1077 in
460 1026 544 1079 codd.
558 1026 689 1076 variatum
708 1028 761 1076 est:
782 1026 897 1086 Uuidim,
918 1026 1033 1086 Uoidim,
1055 1026 1179 1087 Vibidius,
1197 1026 1343 1087 Numidius,

323 1103 447 1165 Umidius,
469 1102 631 1151 Ummidius.»
657 1102 750 1151 Buurc.
779 1101 890 1151 Umidius
906 1099 992 1160 BScd,
1010 1116 1037 1160 κ,
1056 1100 1208 1161 Charisius,
1226 1102 1270 1161 m,
1288 1103 1346 1151 Nu-

320 1178 412 1227 midius
428 1176 463 1236 C,
486 1172 645 1225 Nmnmidius
660 1174 686 1234 J,
706 1174 817 1238 lusidius
834 1174 917 1225 Codd.
931 1174 991 1237 aliq.
1012 1188 1045 1224 ex
1062 1175 1115 1225 Sat.
1136 1177 1163 1235 t,
1181 1176 1211 1235 Ξ,
1230 1174 1271 1225 tt.
1307 1177 1346 1237 (Ut

320 1264 383 1311 nos,
401 1250 451 1314 bp,
467 1248 502 1312 β,
521 1248 614 1313 Bentll
630 1274 657 1285 -
671 1250 784 1311 quidam]
802 1250 846 1312 qui
862 1254 916 1299 tom
931 1246 1016 1299 Bentl.
1035 1250 1115 1310 coni,
1135 1261 1217 1313 quem
1234 1251 1344 1299 secutus

321 1328 363 1377 est
380 1327 438 1376 lea.

286 1518 462 1584 Aupmbliclce,
485 1532 526 1569 wo
547 1520 582 1569 du
597 1519 667 1568 meir
688 1518 757 1579 bost,
775 1518 814 1567 nis
851 1511 901 1559 eil·
923 1536 951 1545 -
969 1510 1027 1559 Non
1050 1510 1127 1572 leupo
1150 1514 1187 1558 est
1209 1508 1305 1572 [mule]
1332 1509 1379 1559 llis

285 1597 374 1661 (albor
390 1598 441 1647 cet.
461 1598 551 1647 Latine
568 1596 620 1646 hoc
638 1599 724 1647 esset:
742 1610 814 1646 m
849 1600 892 1636 vv.
907 1588 1023 1651 occupat
1037 1598 1070 1636 nc
1086 1587 1183 1636 retinet
1199 1598 1323 1645 avorum,
1341 1600 1379 1635 ne

286 1686 335 1734 qno
350 1672 424 1723 labes
441 1684 463 1723 s,
481 1672 581 1722 tamnu
594 1672 659 1734 prm,
681 1698 708 1708 -.
727 1686 759 1721 „0
768 1673 812 1735 [a.
850 1660 917 1711 lorte
929 1664 1041 1725 propter
1051 1660 1147 1724 longae
1157 1662 1314 1711 narretionls
1323 1664 1381 1711 tee-

285 1747 347 1812 cics]
359 1749 398 1798 Ex
406 1745 596 1811 negligentiore
605 1748 736 1798 sermonis
744 1760 814 1811 quo-
850 1736 925 1788 dium
942 1736 1067 1799 aufugiit·
1082 1763 1110 1773 -
1123 1737 1205 1798 ‹lim›
1220 1738 1251 1785 Ul
1260 1735 1324 1799 vel]
1336 1738 1379 1785 ⁸1⁸

285 1823 450 1873 tidleniusu:
467 1836 516 1873 «ne
529 1822 765 1885 idemexperiaris3
779 1834 813 1871 ne
850 1812 942 1875 igilur.
968 1823 1031 1861 0⁰¹⁰
1057 1814 1113 1861 ΜΝ
1137 1811 1212 1861 dim
1233 1813 1321 1870 θῦθθῑ.
1347 1815 1380 1862 ul

285 1898 357 1947 idem
375 1896 421 1945 tibi
435 1899 552 1957 eveniat,
572 1896 644 1959 quod
655 1896 813 1948 Ummidio.»
850 1888 990 1937 metiretur
1007 1897 1141 1943 nummos.
1160 1886 1196 1935 iifl
1215 1887 1305 1936 lumen
1315 1898 1380 1935 801·-

286 1971 328 2020 Sic
354 1971 459 2034 occepit
484 1971 565 2019 etiam
588 1970 725 2031 Reisigius.
765 1966 813 2018 Alii
851 1962 944 2011 didus»
971 1962 1023 2010 cet.
1045 1988 1072 1996 -
1098 1961 1229 2010 nsetiretur
1253 1962 1377 2025 meumes]

196 2068 201 2081 ·
286 2042 431 2106 explicant:
446 2056 495 2092 ane
507 2044 576 2093 iuter
588 2044 748 2106 perpetuum
758 2055 815 2091 me-
851 2036 960 2084 Locutlo
972 2032 1148 2097 proverbialis
1159 2033 1193 2083 de
1206 2035 1379 2085 maximisdi-

287 2120 344 2167 tum
362 2118 390 2167 ct
406 2117 555 2167 cruciatum
567 2118 656 2176 vivas,
675 2117 814 2167 utUmmi·
849 2109 928 2160 viliis.
962 2109 1084 2172 Xenopb.
1103 2107 1205 2159 Hellen·
1222 2108 1251 2169 3,
1273 2110 1304 2169 ²,
1327 2110 1375 2161 ²7³

285 2190 345 2241 dius
356 2189 408 2249 ille,
422 2203 504 2253 quem
516 2192 606 2241 temen
620 2188 662 2240 vel
680 2189 812 2240 maximae
850 2184 882 2233 οἱ
897 2184 961 2253 περὶ
976 2182 1082 2234 Ξενίαν
1099 2178 1149 2233 τὸν
1160 2180 1317 2249 λεγόμενον
1326 2199 1380 2263 με,-

285 2262 474 2316 sollicitudines
493 2266 579 2314 tutum
596 2277 649 2315 non
671 2264 814 2327 praestite-
849 2256 939 2325 ὄιμνῳ
961 2251 1224 2328 ἀπομετρήσασθαι
1245 2255 1280 2309 τὸ
1296 2272 1378 2330 παρα

285 2340 532 2391 mntemiserrimo
550 2339 656 2389 exitio.»
675 2337 714 2388 Ci.
729 2338 815 2388 limir-
849 2332 901 2386 τοῦ
913 2329 1022 2403 πατρὸς
1032 2326 1180 2403 ἀργύριον.
1199 2334 1304 2384 Peteon.
1317 2335 1375 2383 Sat.

285 2410 380 2463 haenel
394 2413 509 2464 Zsitscbr.
522 2413 542 2475 s.
555 2412 682 2463 Aiterin.
697 2412 770 2463 rsit.
784 2426 810 2475 p·
850 2410 894 2459 37:
913 2410 1057 2458 Fortunata
1073 2408 1217 2470 appeliatum
1232 2408 1307 2471 (uxor
1317 2409 1377 2459 Tri-

285 2487 342 2537 697.
357 2487 480 2551 -parto]
500 2490 657 2551 apostquem
672 2486 809 2549 peperisti,
850 2482 1034 2545 malchionis),
1064 2496 1130 2543 quus
1152 2495 1267 2533 sumnus
1292 2483 1379 2533 modio

284 2562 472 2625 comparasti.»
501 2562 597 2621 sati,
617 2561 645 2623 6,
665 2561 726 2609 ⁴22:
751 2561 813 2610 tecto
848 2559 959 2607 metitur.
982 2585 1008 2593 -
1031 2556 1115 2621 semo]
1138 2569 1238 2623 uqimm
1255 2555 1379 2607 servulos

283 2636 333 2687 Aut
348 2637 457 2697 scripto,
476 2636 542 2697 quod
556 2648 596 2685 nie
612 2636 717 2685 tacitum
734 2636 811 2686 iuuet.
850 2645 913 2683 suos
928 2630 1076 2683 vestiebat»
1096 2632 1193 2692 (tunice
1210 2633 1289 2695 igitur
1304 2630 1379 2695 pulla

317 2711 422 2761 iit-⁴00.
455 2710 599 2774 Ummidius]
626 2711 711 2761 Homo
733 2711 812 2761 huius
850 2706 1377 2769 contentuseret);eademconetr.atque

286 2786 410 2847 nominis,
430 2784 530 2849 hospes
548 2787 574 2835 L.
589 2786 679 2835 Marcii
690 2784 810 2849 Philippi,
849 2782 916 2845 Epp.
936 2782 965 2842 2,
985 2781 1013 2841 l,
1033 2781 1094 2831 rer:
1113 2782 1243 2843 specum
1255 2782 1379 2843 populun

285 2860 450 2909 memomtur
468 2872 483 2907 a
500 2859 619 2907 Varrone
637 2860 666 2907 R.
685 2860 713 2907 li.
734 2859 762 2918 3,
781 2859 810 2920 3,
848 2857 914 2905 ludis
930 2856 1048 2905 attentius
1064 2856 1136 2917 ipsis,
1159 2856 1259 2916 idest,
1279 2868 1379 2917 «quam

284 2933 308 2983 9.
328 2933 356 2982 ct
380 2932 422 2981 alil
448 2932 572 2983 Ummidii
593 2931 764 2994 reperiuntur
786 2933 812 2983 in
848 2930 961 2989 iudom»
991 2944 1059 2991 non,
1089 2934 1120 2980 ιιι
1144 2929 1186 2980 alii
1211 2932 1378 2993 interpretati

284 3004 501 3069 inscriptionibus
514 3007 541 3053 et
556 3018 598 3069 up.
612 3004 719 3055 Eclrhel.
734 3006 765 3055 D.
779 3008 809 3058 N.
849 3007 923 3055 sunt:
939 3018 1037 3067 uquam
1047 3018 1143 3055 servus
1155 3018 1185 3055 sc
1197 3006 1301 3056 vestit.»
1317 3006 1376 3069 (lp.

283 3080 315 3130 V.
338 3093 365 3144 p.
390 3078 446 3129 sle.
483 3080 547 3129 Mire
576 3092 691 3130 acumen
720 3082 811 3132 nescio
849 3080 950 3129 Arrian.
970 3079 1054 3141 Epist.
1076 3078 1106 3137 l,
1130 3080 1159 3139 l,
1182 3078 1223 3129 37.
1247 3078 1376 3140 libertus,

284 3153 358 3218 quod
375 3153 566 3216 quaesiverunt
583 3154 692 3217 quidam
710 3156 737 3205 in
754 3169 812 3205 coo
849 3167 931 3217 quem
954 3152 1084 3203 libertatis
1107 3153 1222 3217 adeptae
1243 3154 1376 3217 poenitet:

283 3228 363 3291 rupto
375 3224 418 3275 illo
430 3240 455 3275 v.
469 3227 640 3289 Nummidius,
657 3230 811 3291 quasivero
849 3229 882 3279 m
902 3224 958 3297 γάρ
979 3242 1033 3292 μοι
1049 3222 1141 3277 κακὸν
1158 3219 1211 3292 ἦν,
1235 3222 1324 3290 ἄλλος
1344 3232 1377 3291 μ’

284 3299 463 3364 significanter
480 3301 515 3350 ita
532 3316 547 3351 a
564 3304 672 3352 nummis
682 3302 753 3353 dicte
766 3316 811 3353 es·
847 3300 973 3363 ἐνέδυεν,
999 3296 1088 3364 ἄλλος
1103 3301 1132 3367 μ’
1149 3298 1259 3362 eineder,
1287 3295 1379 3365 ἄλλος

284 3376 327 3425 set
342 3386 459 3438 persone
471 3371 559 3438 aliqua
571 3375 640 3425 lictu.
656 3404 684 3413 -
698 3378 809 3439 quidum
847 3371 976 3446 ἔτρεφεν,
991 3370 1078 3438 ἄλλος
1089 3373 1285 3440 ἐνοσοιιόμει.)
1299 3402 1327 3413 -
1341 3378 1378 3425 nd

284 3448 313 3499 ln
333 3448 385 3498 hoc
407 3460 514 3513 quoque
535 3450 593 3500 sine
610 3463 692 3501 cuusa
713 3452 811 3501 haese·
847 3452 933 3513 sumu]
958 3452 1033 3501 Hauc
1058 3452 1290 3514 compositionem
1318 3451 1377 3501 sive

284 3524 357 3573 runt:
378 3523 547 3585 «Quomodo,
567 3538 741 3588 quaesumus,
755 3525 810 3587 qui·
849 3526 1072 3589 compositionem
1089 3527 1182 3585 metri,
1207 3527 1237 3576 ut
1252 3524 1376 3585 videtur,

284 3596 356 3657 duim
376 3597 399 3645 si
415 3598 471 3646 tam
489 3596 602 3647 divesis
620 3598 673 3649 Sed
690 3599 743 3649 hoc
759 3602 811 3649 La-
849 3613 929 3651 causa
957 3601 1037 3665 primi
1066 3602 1229 3665 usurparunt
1253 3598 1378 3662 Virgilius

285 3670 331 3719 tini
357 3671 486 3733 usurpant
511 3669 545 3718 de
570 3671 737 3733 hominibus,
765 3674 811 3735 qui
849 3676 914 3725 Aen.
934 3674 979 3735 u,
998 3675 1055 3725 262.
1075 3674 1294 3735 etiloratlustb.
1313 3672 1379 3724 let

285 3740 368 3791 rebus
385 3743 466 3804 gestis
478 3743 661 3795 ethonon'bus
673 3746 762 3795 minus
773 3747 812 3796 in·
849 3750 903 3799 Sat.
922 3750 951 3809 l,
975 3751 1004 3809 ι,
1029 3749 1093 3812 96.),
1118 3761 1187 3812 quos
1204 3749 1290 3799 secuti
1314 3750 1379 3799 sunt

286 3814 374 3878 signes
392 3818 461 3865 sunt.
497 3817 540 3867 Sic
563 3818 670 3867 sueton.
691 3820 808 3870 Gramm.
848 3823 1015 3873 recentiores
1039 3836 1135 3887 prosae
1158 3823 1285 3873 orationis
1307 3824 1379 3873 scri-

287 3888 333 3939 lO:
352 3888 455 3951 quidum
469 3888 563 3941 Atteius
573 3891 749 3942 Praetectutsu
764 3908 811 3943 uo-
849 3898 948 3959 ptores.
969 3896 1044 3946 Coni.
1063 3898 1140 3947 lland
1157 3900 1233 3949 Turs.
1252 3900 1315 3961 lp.
1334 3898 1376 3947 72.

286 3960 341 4011 bilis
361 3966 543 4026 pruornruticus
559 3967 670 4017 Latium.
701 3966 811 4019 Bentleii
850 3970 908 4019 489.
937 3997 964 4005 -
990 3972 1072 4021 merei
1096 3973 1181 4023 divisit
1203 3972 1320 4035 medium]
1348 3975 1379 4022 ut

286 4034 350 4087 illud
373 4038 416 4099 qui
433 4043 500 4100 tum,
524 4055 575 4091 nm
597 4042 673 4105 impu
689 4048 724 4092 est
739 4043 813 4106 subu·
849 4045 919 4107 virg.
933 4046 998 4095 Aen.
1012 4046 1037 4107 9,
1056 4047 1116 4096 750:
1135 4048 1169 4097 Et
1183 4048 1293 4099 mediam
1305 4047 1379 4109 [mo

286 4112 330 4175 ιιι,
354 4114 422 4163 diem
443 4114 485 4165 vel
507 4118 617 4181 propter
640 4117 812 4181 impeditisei·
848 4120 950 4183 punina
966 4121 1032 4170 inter
1048 4126 1162 4183 tempora
1177 4122 1286 4185 frontem
1301 4121 1379 4171 Diei·

288 4200 360 4239 mum
387 4190 612 4243 constructionem
636 4192 811 4245 reiciendum
849 4194 893 4244 dit.
930 4196 987 4245 Nou
1004 4197 1047 4245 est
1063 4196 1142 4258 igitur
1157 4194 1272 4247 verbum
1289 4195 1379 4246 comi-
