2925 4892
519 387 777 440 mamm
1133 387 1196 456 m

148 548 217 614 Nou
238 543 364 632 aliquid
384 544 509 632 patriae
530 551 617 610 tauto
640 545 784 612 emetiris
806 545 949 614 acervo?
1134 545 1196 612 l05

148 667 205 736 Uni
228 666 381 732 nimirum
402 675 492 732 recte
513 664 569 734 tibi
591 685 723 753 semper
744 677 839 734 erunt
860 686 924 762 res.

147 789 176 854 0
197 807 337 874 magnus
358 783 495 874 posthac
515 786 654 856 inimicis
675 787 775 854 risusl
799 787 918 858 Uterne

145 907 193 974 td
214 928 314 975 casus
335 907 454 975 dubios
474 905 554 976 fidet
573 906 637 976 sibi
658 907 805 975 certius?
826 909 886 976 Hic
909 909 965 997 qui

146 1028 299 1097 Pluribus
318 1028 465 1096 adsuerit
485 1037 625 1096 mentem
647 1048 835 1118 corpusque
857 1028 1050 1118 superbum,

145 1154 193 1216 An
213 1151 272 1238 qui
294 1159 465 1218 contentus
485 1170 587 1238 parvo
609 1159 824 1240 metuensque
845 1151 942 1220 futuri
1131 1153 1194 1220 ltu

147 1272 183 1336 ln
203 1291 289 1359 pace
310 1281 348 1339 ut
367 1271 500 1359 sapiens
520 1271 638 1358 aptarit
657 1270 776 1340 idonea
796 1269 905 1342 belloi

169 1497 228 1548 itti.
246 1510 261 1547 e
277 1502 349 1546 tauto
362 1497 460 1547 mauric
475 1497 502 1548 S.
530 1524 559 1534 -
585 1497 643 1548 too.
667 1496 878 1550 multumt:
904 1503 990 1551 rectus
1010 1499 1054 1550 itti
1078 1499 1159 1566 bScp,

136 1571 180 1621 tibi
194 1576 263 1622 recta
279 1585 296 1621 e
314 1571 399 1623 codd.
417 1567 487 1638 γδλξ
502 1571 652 1634 Bantlaius,
678 1572 717 1632 n,
743 1571 787 1622 tibi
802 1577 886 1624 rectus
903 1573 930 1624 F.
951 1601 978 1611 -
1004 1577 1085 1641 aaut]
1103 1581 1162 1628 eunt

136 1648 166 1696 ti.
178 1646 289 1698 Heinsio
305 1647 415 1696 ancmre
432 1643 583 1711 Bentleins.
602 1646 637 1697 n.
657 1669 686 1682 -
707 1645 763 1698 tm.
778 1653 836 1710 port
851 1647 897 1698 icc
912 1651 1117 1714 capemenas.

105 1863 192 1911 mum.
223 1852 253 1900 et
275 1847 380 1914 pulchri
404 1850 490 1914 ipsius
513 1850 631 1915 peritum
666 1863 764 1916 pemm
781 1850 972 1916 eittrmatioue,
998 1852 1026 1903 td
1045 1853 1126 1904 etiem
1144 1867 1195 1920 per

103 1927 284 1989 spectatorem
302 1927 330 1975 at
344 1937 426 1975 verae
438 1924 571 1988 dignitatis
582 1926 632 1976 lto·
666 1926 788 1978 summan
807 1927 971 1990 exprimitur.
1005 1929 1044 1978 Ita
1068 1929 1194 1982 orationis

104 2011 197 2050 manae
205 1999 408 2050 aestimatorem
416 1999 632 2059 sincernm,sae·
667 1999 754 2052 torma
779 1997 872 2052 similis
898 2005 939 2052 est
963 2003 1192 2066 interrogationi.»

103 2074 212 2138 pissime
243 2070 348 2123 laesum
374 2085 437 2124 esse
468 2071 631 2137 templorum
667 2075 1194 2139 Harnans.1V.p.2⁰l.-rectatiii-

103 2161 150 2212 per
166 2145 239 2197 bella
256 2146 403 2198 domestica
420 2147 521 2212 partim
537 2147 631 2198 detru-
666 2153 741 2200 meat
766 2148 820 2213 ru]
853 2149 927 2200 ilaec
958 2147 1036 2201 lectio
1064 2156 1191 2216 praestet.

103 2223 243 2286 patorum.
268 2222 368 2284 purtim
388 2220 554 2283 dirutorum,
581 2223 631 2272 tri-
667 2223 853 2276 cout.v.tiu.
883 2225 978 2286 Sati,
996 2225 1027 2287 8,
1046 2227 1086 2277 tt.
1116 2225 1195 2278 Dola-

103 2299 218 2349 rt'usima
236 2296 321 2359 faeie,
339 2300 420 2362 atque
433 2298 559 2348 exanimi
570 2310 632 2349 sen-
667 2297 738 2350 bella
755 2299 827 2364 apud
849 2299 904 2349 Cic.
922 2297 958 2349 ad
978 2299 1050 2352 Fam.
1069 2300 1098 2362 9,
1116 2302 1144 2364 c,
1163 2303 1191 2353 t:

103 2375 182 2424 tentia
199 2373 323 2437 optasse,
341 2374 371 2422 nt
387 2372 498 2424 taudem
507 2371 631 2424 restitue
665 2375 802 2426 rccticximc
817 2378 875 2424 tuot
891 2373 961 2436 amici
976 2378 1000 2424 ta
1016 2375 1111 2425 comm.
1146 2374 1193 2426 ΑΙ-

103 2451 210 2508 rcntur,
227 2459 355 2511 sperasse
367 2459 475 2512 quoqne
486 2447 514 2498 id
530 2446 630 2499 lectum
665 2453 725 2502 tera
742 2448 821 2501 lectio
831 2453 915 2500 rectus
926 2451 967 2500 est
981 2449 1193 2502 accommodatio

102 2522 132 2572 iri
147 2536 164 2572 a
181 2523 301 2573 &eoam
318 2523 480 2573 octaviano?
499 2521 572 2586 qnod
589 2525 631 2574 in·
666 2525 701 2576 ad
717 2537 804 2577 urea.
839 2523 877 2574 Eo
894 2525 1193 2589 magtssupervacanea

102 2601 210 2662 ceptum
225 2609 326 2661 reapse
341 2597 387 2647 hic
402 2598 520 2648 maxime
532 2610 557 2648 a.
570 2597 628 2649 tic.
666 2601 709 2652 ast
725 2599 795 2650 coni.
813 2603 872 2648 cunt
889 2597 953 2661 (Cic.
972 2597 1008 2648 ad
1023 2599 1076 2649 att.
1090 2599 1136 2660 ti,
1150 2600 1190 2660 ts,

102 2677 211 2723 menne
223 2673 370 2722 exsecutus
381 2675 433 2724 est.
452 2673 507 2723 Cr.
518 2673 627 2724 sueton.
666 2674 696 2725 3:
714 2672 806 2735 Incipit
815 2685 857 2722 ras
871 2671 960 2722 uultur
975 2672 1026 2733 ire,
1045 2685 1122 2733 worn
1139 2685 1193 2735 pa-

13 2784 14 2795 ,
101 2745 628 2811 ooav.sc.-opr0o01onsauaeuu.»
665 2745 784 2809 torm),
803 2745 877 2808 quod
892 2743 1011 2796 luturum
1027 2745 1128 2808 requiri
1150 2745 1194 2796 vi·

13 2816 14 2843 ³
101 2817 629 2883 PoetVnguutrproumtatoreosllins
666 2823 858 2875 deturaversu
869 2831 928 2883 seq.
944 2819 1096 2883 -pcrtltch
1115 2831 1193 2872 «cum

13 2890 14 2907 ¹
101 2897 130 2958 t,
145 2896 190 2947 titt.
208 2907 295 2945 ansus
311 2896 355 2946 cet
369 2897 451 2948 etiam
467 2896 559 2948 dicere
577 2898 630 2948 im-
664 2896 855 2964 patrimonium
880 2893 972 2946 omne'
985 2907 1037 2960 per
1060 2893 1194 2948 luxuriam

99 2969 180 3031 proto
196 2969 292 3018 utrm
320 2969 395 3021 conl.
412 2969 572 3022 salmasium
593 2971 629 3022 ad
666 2971 893 3035 consumpseris.»
905 2971 968 3020 Aca.
980 2996 1009 3006 -
1020 2969 1094 3035 sima]
1107 2970 1194 3022 «risus

13 3078 14 3083 κ
101 3043 380 3105 stemmatum.
401 3046 631 3110 -putaicclcpe-
666 3042 1092 3110 argumentum‚gall.turiaec.·
1115 3045 1190 3096 Ovid.

102 3121 178 3172 mn'm
194 3117 333 3181 mganda
353 3120 381 3170 tn
400 3133 484 3185 opera
505 3119 629 3185 publicae
665 3124 735 3173 Fast.
750 3121 780 3182 ⁴,
798 3119 863 3172 lut:
889 3119 921 3169 At
937 3119 997 3170 deur
1014 3120 1141 3185 (Priapus)
1153 3145 1193 3158 ·-

102 3194 203 3246 utilitati
218 3194 406 3256 inservientia,
423 3196 543 3259 porticus
553 3198 628 3260 puta,
667 3195 785 3247 θωοήὺω
800 3195 931 3245 udluoue
942 3193 1039 3244 luminu
1049 3195 1191 3246 munet.

102 3272 167 3332 rias,
183 3267 361 3320 exsiccandos
377 3267 522 3332 paludes3·
540 3269 630 3334 qualia
667 3267 1192 3334 -Uteroolncsuperadditurpronomint

104 3357 183 3408 opera
192 3357 251 3396 non
261 3343 320 3394 sine
331 3341 428 3394 callido
436 3343 546 3396 consilio
557 3347 630 3410 priu-
665 3344 868 3407 interrogativo,
881 3344 912 3392 ut
923 3343 976 3392 Sat.
985 3343 1011 3404 i,
1024 3342 1049 3403 3,
1062 3342 1119 3393 295.
1132 3341 1190 3392 air.

103 3419 279 3484 cipibusviris
289 3418 430 3481 imponere
438 3416 543 3469 solebat
553 3420 631 3470 octa·
666 3420 697 3470 u.
710 3417 727 3468 1.
741 3415 946 3481 interpolatores
964 3413 1061 3477 (unm)
1079 3415 1194 3479 scripse-

103 3494 202 3545 rimus.
239 3489 445 3554 Cn.'t¹ibull.t,
463 3493 494 3554 7,
511 3493 553 3544 on.
576 3493 631 3544 ibi·
665 3495 728 3543 ruut
746 3493 877 3552 litorium,
905 3488 978 3553 qnod
1000 3489 1122 3538 Latinum
1139 3499 1193 3538 nou

104 3580 155 3630 qne
169 3569 345 3632 interpretes.
379 3565 438 3617 tioii
453 3579 535 3630 vero,
553 3568 632 3620 utte-
664 3568 780 3620 videtur.
816 3623 822 3637 ¹

104 3646 193 3693 cerum
219 3639 357 3702 nonnulli,
383 3641 484 3691 Horatii
506 3645 630 3708 tempore
699 3642 820 3694 toa-tte.
850 3653 924 3692 ouum
939 3636 1033 3702 octe]
1052 3638 1194 3688 «vimace-

105 3718 217 3781 cngitare
229 3716 266 3768 de
283 3712 476 3780 ξενοδοκείοις
492 3717 631 3770 instituen-
665 3716 834 3778 lominus„
859 3715 890 3764 nt
914 3719 1027 3776 impera
1047 3712 1125 3763 dubis
1142 3711 1191 3763 0d.

105 3791 158 3852 dis,
176 3792 210 3843 de
227 3789 344 3842 alumnis
354 3791 459 3841 Traiani
475 3804 550 3843 more
561 3793 631 3844 edn-
665 3791 695 3853 t,
714 3792 743 3853 9,
761 3789 803 3841 36.
827 3816 856 3826 -
877 3791 998 3852 aimerii]
1024 3788 1193 3840 nassuelece·

105 3865 210 3926 modu,
229 3865 265 3915 dc
281 3877 388 3916 annom
404 3863 518 3917 levanda
535 3870 628 3918 cet-
666 3867 725 3916 rit.»
755 3864 875 3916 cusat.
893 3865 917 3926 t,
935 3863 960 3925 l,
979 3863 1036 3915 tut.
1057 3889 1085 3900 ·-
1103 3877 1194 3926 stipor·-

104 3945 173 3992 tuto
187 3941 299 3993 maiix
309 3939 410 4005 acmo]
428 3941 518 3991 Lectio
530 3941 631 3992 codicis
666 3939 733 4005 bun]
751 3937 867 3990 retertur
884 3939 964 3989 etiam
980 3937 1015 3989 ad
1031 3951 1057 3988 v.
1075 3943 1191 3990 meotes.

105 4015 121 4064 S
135 4029 151 4067 e
165 4021 238 4066 tanto
253 4029 289 4066 rr.
307 4029 333 4066 o.
353 4016 396 4066 cst
415 4028 514 4079 prosae
530 4016 631 4066 oratio·
666 4015 743 4067 1dem
760 4013 816 4066 lere
831 4015 874 4064 est
889 4025 922 4064 ac
940 4012 1116 4075 «lmuriam»,
1134 4013 1193 4062 sive

104 4089 152 4141 nu.
172 4087 338 4141 Caninii.
354 4087 631 4153 -siruirxcnlrouod
666 4089 765 4150 mavis,
793 4082 1004 4158 «oppeciisse»
1028 4111 1057 4124 -·
1082 4088 1194 4150 topace

106 4163 132 4212 'm
145 4165 248 4215 monica
259 4164 379 4215 umacus
391 4176 474 4229 saepe
485 4164 528 4227 ut,
546 4167 631 4228 ntea,
666 4162 729 4228 cet]
747 4163 791 4213 «ln
806 4160 889 4214 rebus
905 4161 1032 4214 secundis
1043 4173 1106 4212 sese
1116 4165 1193 4223 uptu-

106 4235 140 4287 de
155 4237 256 4302 quium
271 4237 459 4303 quaerendum
474 4239 523 4303 sit,
547 4249 631 4291 occu·
665 4239 714 4300 rit,
731 4237 913 4303 praepararit,
937 4235 1084 4288 adversis.»
1115 4231 1191 4285 conl.
