2925 4892
528 370 587 422 ult.
606 370 638 420 ll.
672 370 741 422 ΕΔΤ.
760 369 804 422 ill.

168 525 326 592 Invidiam
347 523 477 611 placare
498 544 595 612 44444
616 525 732 592 virtute
754 523 889 592 relicta?

163 649 379 714 Contemnere
399 645 515 724 misen
535 644 666 714 vitanda
686 655 737 713 est
757 645 904 734 improba
924 645 1017 714 Siren

163 767 313 844 Desidia,
335 777 406 844 444,
429 765 589 855 quidquid
609 767 675 834 vita
695 766 830 836 meliore
852 768 988 856 parasti,
1168 768 1209 834 l5

162 888 354 957 Ponendum
367 907 475 976 aequo
489 889 605 955 animo.
642 887 682 953 Di
696 898 742 964 te,
766 889 977 977 Damasippo,
1001 889 1149 978 deaeque

163 1014 281 1078 Verum
302 1010 348 1076 ol>
368 1006 539 1078 eonsilium
559 1009 682 1075 donent
702 1019 844 1076 tonsore.
888 1010 955 1078 Sed
977 1010 1065 1078 unde

161 1136 239 1200 Tam
254 1132 340 1200 bene
354 1153 408 1199 me
422 1132 531 1199 nosti‘l
553 1133 728 1219 Postquam
742 1131 847 1197 omnis
863 1151 917 1198 res
931 1151 1005 1199 mea
1020 1133 1132 1200 lanum

162 1255 210 1321 ad
233 1253 379 1321 medinm
400 1253 501 1320 444444
521 1261 587 1332 444,
612 1251 718 1319 aliena
739 1252 868 1339 negotia
890 1273 982 1330 curo,

150 1435 256 1498 (ductae
268 1447 303 1484 ex
314 1433 406 1486 verbis
423 1433 489 1496 044444
506 1437 533 1482 trs
549 1430 722 1483 ascholiasia
735 1433 818 1482 Persii
836 1431 860 1493 3,
874 1433 915 1482 il.
933 1433 1058 1498 proximo
1076 1433 1175 1485 Horatii

148 1510 242 1560 versui
259 1511 364 1558 temere
381 1507 553 1572 praemissis),
572 1519 686 1570 quarum
703 1507 777 1570 prior
792 1503 916 1571 placebat
931 1506 1058 1558 Bentlaio.

119 1645 173 1682 444444
187 1643 236 1680 rra
251 1629 339 1692 4444444
355 1629 522 1679 mrem.
556 1629 644 1692 14444-
679 1629 859 1692 miserentur,
876 1627 1057 1692 promittendi.
1085 1629 1160 1680 coni.
1178 1641 1205 1680 r.

118 1708 165 1756 rite
180 1704 303 1756 nonnulli
318 1705 457 1754 mutarunt
471 1703 641 1753 iaaddasom.
680 1701 721 1752 35.
741 1705 769 1752 44
784 1703 839 1753 sat.
859 1703 888 1764 4,
907 1703 936 1764 3,
955 1703 1012 1754 tae.
1042 1701 1205 1754 (4411141,

120 1809 147 1818 -
163 1779 258 1844 matos]
282 1781 355 1829 44444
378 1779 545 1842 praestantes
561 1779 643 1840 atque
680 1776 710 1836 9,
723 1777 754 1837 2,
768 1774 841 1827 4-4.
853 1802 882 1812 -
894 1779 1029 1839 Postquam
1039 1776 1101 1841 oet]
1115 1779 1207 1828 «Post-

118 1856 269 1918 444444.
290 1865 344 1903 444
362 1853 433 1903 «tam
449 1851 596 1914 44444444
612 1854 644 1901 44
679 1861 762 1913 quam
779 1863 842 1900 4444
860 1848 1073 1902 alieuoeonsseto
1087 1851 1207 1902 4444444-

116 1929 271 1980 adoodiees
279 1925 424 1986 referatur,
441 1928 471 1975 44
480 1925 534 1975 volt
544 1927 640 1975 Aaron.
679 1936 740 1974 rum
757 1924 923 1988 nauiragium
941 1925 1004 1988 4444,
1031 1939 1163 1988 4444444444,
1190 1941 1206 1976 4

146 2003 248 2053 ext-re.
277 2001 403 2050 4444444444
417 2000 480 2061 oet]
499 1999 643 2050 «credisne
679 1998 857 2050 oreditoribus
875 2001 991 2062 41444444,
1010 2013 1043 2051 ex
1060 2001 1208 2064 possessio·

115 2080 203 2128 miuus
220 2075 374 2126 invidorum
392 2074 599 2137 iniquorumque
616 2074 642 2122 te
678 2073 759 2124 444444
782 2075 862 2135 meis,
889 2073 958 2124 adeo
980 2077 1010 2124 ut
1032 2074 1095 2125 441441
1113 2086 1206 2126 earum

116 2151 284 2212 habiturum,
310 2147 357 2197 4144
373 2149 512 2208 virtutem,
539 2147 566 2197 id
583 2150 641 2208 444,
679 2147 828 2198 aarandrnn
845 2148 909 2198 444141
921 2151 1016 2210 restat,
1035 2146 1207 2212 4444414414-

115 2225 291 2284 iudustriam‚
309 2222 481 2273 deserueris?
496 2223 597 2281 immo,
616 2224 644 2272 et
678 2221 780 2286 4441444
788 2221 873 2272 factm
882 2223 908 2272 in
920 2222 1032 2273 allorum
1045 2223 1149 2286 negotia
1161 2236 1206 2274 me

116 2302 211 2351 merito
229 2297 357 2361 quidam,
376 2297 540 2358 contemptui
557 2295 644 2347 lrabe-
679 2297 784 2358 iugero,
808 2295 955 2347 identidem
972 2309 1117 2360 quaereus,
1137 2310 1207 2361 quo-

115 2375 207 2426 4444.»
229 2400 258 2410 -
285 2370 368 2435 siren]
386 2369 498 2420 eblanda
516 2371 575 2433 (sed
590 2371 644 2420 im·
680 2368 761 2420 modo
779 2381 825 2421 eos
839 2383 853 2420 a
866 2369 973 2422 stultitia
985 2372 1113 2422 dehortor
1124 2374 1205 2435 atque

114 2449 226 2514 padam)
249 2443 480 2497 eonciliatn'oule.»
516 2445 644 2508 (Ciepro
679 2443 827 2494 4414444444
850 2445 1008 2509 sapientiam
1030 2445 1205 2510 perducam.»

115 2525 197 2575 Sestio
215 2523 247 2581 9,
269 2521 323 2583 44.)
343 2548 372 2558 -
390 2518 643 2583 qudquid-parasti]
682 2519 997 2582 -444444444441444441444444]
1015 2521 1069 2570 Cic.
1084 2520 1204 2572 41404144.

115 2596 232 2659 intellige
256 2594 366 2644 laudem
382 2596 410 2644 et
426 2605 567 2645 assensum
590 2591 644 2642 bo-
680 2593 705 2652 4,
721 2593 763 2652 44,
783 2594 832 2644 90:
851 2595 890 2644 De
906 2595 1065 2656 4444444444,
1084 2595 1113 2644 de
1129 2596 1207 2646 eollo-

115 2685 210 2722 uerum
227 2670 422 2720 1444444444-
439 2667 551 2732 maiore]
568 2680 644 2718 ema·
679 2667 764 2716 condo
794 2669 918 2729 44444444,
952 2669 1039 2718 44114444
1070 2670 1145 2718 etiam
1176 2671 1207 2720 da

10 2754 11 2759 ’
115 2743 327 2809 gisindustria.»
351 2771 379 2779 -
402 2743 544 2793 4444441444
562 2755 643 2804 aequo
678 2741 1206 2805 4444444144444444441444444444444444444444-

114 2821 208 2882 marro]
225 2819 356 2868 «missum
368 2817 521 2868 laciendum
532 2817 642 2867 estsine
678 2816 727 2865 44444
741 2817 804 2865 virts
820 2817 960 2866 4414444444
975 2817 1084 2867 mediam
1100 2819 1206 2868 44444444-

115 2895 193 2944 mimi
211 2891 320 2950 dolore;
337 2891 410 2955 quod
427 2892 516 2954 444444
527 2890 643 2940 hominis
679 2890 725 2940 1444
741 2903 818 2952 quarn
834 2889 866 2939 ab
882 2891 940 2940 444444
952 2891 1104 2954 4144444414
1114 2893 1168 2942 44444
1178 2895 1206 2942 444

116 2967 274 3019 sstdeaidis
291 2965 424 3016 44444144.»
444 2991 472 3002 -
490 2965 534 3029 lis]
552 2965 643 3015 Ponti·
678 2966 762 3016 sciolo
784 2965 935 3027 4444444144.
974 2967 1029 3017 Cio.
1049 2967 1159 3032 Philipp.
1174 2970 1203 3030 44,

116 3042 194 3093 ileum
212 3039 327 3092 iormula
350 3043 393 3090 est
416 3040 442 3088 di
466 3040 575 3101 44444444
598 3035 642 3089 vel
679 3042 710 3101 e,
730 3040 778 3090 te:
807 3040 896 3092 14444444
913 3041 991 3091 lanua
1011 3043 1154 3092 medioata
1174 3045 1202 3093 l.

114 3112 643 3178 444444444ιὶ4οά44,444444144414444(1-
678 3114 916 3166 ,44144444414441414
937 3116 1071 3176 44414444
1092 3129 1205 3179 unquam

115 3203 194 3254 quam
210 3188 400 3252 quaerendam
423 3189 450 3239 ia
471 3202 496 3238 v.
516 3190 639 3248 4444444444,
678 3190 707 3238 444
722 3190 765 3240 illo
786 3190 848 3240 14444
864 3190 979 3240 4444444444
993 3196 1041 3250 est,
1067 3193 1111 3252 4444
1126 3192 1205 3243 44444-

114 3269 143 3314 44
156 3267 271 3329 propter
287 3261 357 3313 illius
373 3261 502 3313 termulae
519 3264 643 3325 ignoran-
677 3265 721 3314 444
736 3265 804 3315 mille
814 3267 945 3314 4444444444
959 3265 1037 3327 seret
1047 3267 1206 3328 empsorom?

114 3341 177 3390 liam
193 3337 314 3390 nonnulli
330 3339 492 3401 interpretes
509 3337 640 3388 lecerunt.
678 3339 734 3388 iani
756 3337 915 3389 dicebantur
932 3350 1026 3390 omnes
1046 3341 1206 3390 normannos

114 3410 644 3474 ῦ444411.441,444.444444444441444444444
675 3413 779 3474 perviae
805 3413 873 3474 (Cio.
895 3414 926 3462 N.
950 3414 981 3463 D.
1007 3413 1038 3474 4,
1064 3415 1109 3474 41,
1136 3414 1202 3476 64),

114 3489 139 3536 414
153 3489 265 3549 demae
280 3487 356 3536 11444.
376 3512 405 3522 -
422 3487 586 3552 Damasippo]
598 3488 641 3537 Li-
677 3489 899 3552 144441444444,
925 3499 1039 3550 quorum
1058 3490 1112 3537 tres
1129 3499 1205 3538 eom·

114 3563 197 3612 444444
218 3561 400 3625 Damasippus
423 3563 562 3625 tamquam
585 3562 643 3612 444·
678 3563 876 3622 memorantur,
889 3573 1025 3621 summus,
1043 3562 1125 3622 44444,
1145 3573 1205 3612 me-

114 3638 219 3686 tuar-am
235 3637 266 3685 et
280 3635 422 3685 hortorum
438 3636 562 3688 venditor
582 3649 642 3687 me-
678 3637 747 3688 (1444.
782 3638 893 3688 1444144444
917 3638 1006 3688 tamen
1029 3637 1149 3701 plerique
1170 3636 1204 3688 de

114 3713 233 3760 44444444
253 3711 309 3759 iarn
326 3723 342 3759 4
360 3711 489 3761 Cioerone
510 3710 547 3760 ad
567 3712 639 3762 Fam.
677 3713 763 3776 spatio
780 3712 849 3761 inter
865 3724 989 3761 4444444444
1006 3712 1033 3760 44
1052 3713 1131 3762 44444444
1148 3712 1204 3762 sive

114 3783 142 3845 1,
158 3784 199 3834 23.
218 3783 387 3845 44114444,
404 3783 447 3835 49.
466 3786 494 3834 44
508 3784 550 3835 33.
677 3787 747 3836 inter
768 3787 923 3848 4444444444
945 3787 973 3836 44
994 3785 1139 3848 infertorem
1162 3787 1202 3849 (P.

144 3859 230 3908 tr-no.
241 3857 350 3922 44444444
360 3859 423 3921 eqni
433 3859 543 3910 immani
555 3858 640 3909 1444144
679 3862 769 3912 Victor
786 3861 821 3911 de
838 3860 977 3924 11441141).
992 3862 1068 3911 Vlll.:
1086 3863 1143 3912 14444
1155 3864 1206 3912 duo

114 3933 139 3980 44
153 3929 281 3992 liberata
308 3933 468 3995 quasivero
485 3933 641 3985 444444144-
678 3935 780 3988 441οὸ444
803 3941 973 3986 merestonam
997 3937 1072 3986 444444.
1091 3963 1106 3974 -
1121 3937 1205 3988 -14444

112 4005 240 4056 madum
255 4007 419 4070 Damasippo
430 4006 472 4057 vel
485 4006 512 4057 di
529 4008 579 4071 ipsi
592 4009 641 4058 im·
677 4011 728 4060 date
747 4010 880 4072 4444444444
896 4011 931 4059 ad
948 4023 1038 4060 44444444
1054 4011 1203 4073 saetosa,

113 4080 211 4142 4444444
240 4092 295 4130 444
322 4083 442 4144 possent.
491 4082 640 4132 stoioomm
676 4083 1205 4147 4444444444444444444441144444414-

112 4155 257 4218 prseoipae
278 4156 306 4204 et
327 4155 491 4218 cynloorum
508 4156 567 4207 erat
581 4168 641 4208 mos
677 4157 762 4220 zobry
785 4158 877 4221 (1444444
898 4171 934 4208 aa
953 4157 1032 4208 844414
1054 4156 1204 4222 4444444444)

113 4225 241 4291 mam,
266 4229 640 4296 quomeqisapopellosu-
678 4246 704 4297 4.
726 4232 767 4284 89.
789 4245 815 4296 4.
836 4233 919 4295 idol:
952 4234 1012 4286 «les
1036 4233 1104 4284 414444
1125 4233 1204 4282 loeus
