2925 4892
268 364 331 431 062
630 364 761 416 lionam
776 363 997 417 ansleubana

311 521 362 589 Fit
383 520 592 587 Mimnermus
613 529 647 586 et
668 520 778 607 optivo
801 518 993 607 cognomine
1015 520 1141 585 crescit.

310 641 406 709 1144144
427 642 514 718 lero,
536 651 573 707 ut
592 640 720 729 placem
743 660 845 727 genus
869 638 1022 707 irritabile
1045 649 1171 714 vatum,

311 765 391 831 Cum
412 762 520 831 scribo
544 772 577 830 et
597 760 737 849 supplex
757 760 868 848 popuii
891 759 1042 847 suffragia
1064 770 1173 848 capto,

312 885 419 961 idem,
441 883 538 949 finitis
561 880 676 949 studiis
698 890 732 949 et
752 890 861 949 mente
883 890 1029 969 recepte,

312 1006 473 1073 Obturem
494 1002 622 1092 patulas
643 1003 774 1090 impune
798 1002 978 1089 legentibus
1000 1022 1107 1070 aures.
1298 1004 1354 1069 ⁴05

311 1124 468 1194 Ridentur
488 1123 574 1191 maia
594 1125 652 1212 qui
674 1133 872 1211 componunt
893 1124 1054 1204 carmina;
1076 1144 1188 1191 verum

302 1305 359 1355 401.
377 1308 472 1355 uacat
481 1301 721 1366 superacuta·
736 1301 792 1353 iot.
806 1301 947 1353 0114441444
962 1314 1046 1367 prave
1063 1300 1212 1355 Wakefield
1230 1302 1329 1355 441144-

270 1460 361 1511 leland
377 1460 471 1523 1111141.
484 1459 638 1510 &tesam
650 1459 682 1509 11.
695 1458 722 1509 2.
735 1470 796 1522 pag.
835 1458 993 1510 bsusiouam
1009 1459 1135 1522 4114314444
1150 1472 1241 1524 neque
1258 1463 1361 1513 iracun-

270 1536 349 1599 285.),
373 1536 511 1586 Horatium
533 1536 603 1585 tacte
620 1532 665 1583 bie
680 1533 798 1583 iocatum
835 1532 884 1583 dos
901 1532 1159 1596 permutandam,
1179 1538 1256 1587 vanis
1267 1548 1360 1587 44444444

271 1624 333 1662 esse
349 1612 378 1661 ia
393 1610 573 1675 Propertium,
594 1608 640 1672 qui
657 1608 692 1657 de
709 1609 798 1658 semet
834 1604 1005 1657 sermonibus
1013 1620 1107 1659 aurem
1116 1609 1250 1672 praebeo,
1263 1612 1360 1663 lasbrm

270 1686 330 1750 ipso
347 1687 377 1747 b,
391 1686 402 1734 1
415 1722 421 1745 ,
433 1685 480 1735 sl:
500 1683 616 1745 Umbria,
635 1683 728 1745 iuquit,
747 1683 799 1731 llo-
835 1680 933 1741 tolero,
952 1681 1152 1733 recitationibus
1163 1683 1274 1743 adsum;
1293 1698 1360 1748 quas

270 1760 438 1822 manipotrta
446 1758 601 1809 Calliruaalli.
614 1756 798 1819 1444444441-
834 1753 904 1805 mala
922 1753 992 1805 ierre
1009 1768 1121 1807 necasse
1139 1758 1206 1815 erit,
1234 1758 1360 1821 quamdiu

272 1847 307 1884 no
336 1834 434 1884 4441444444
459 1834 502 1883 est
530 1834 657 1883 4444144444
688 1828 797 1879 alterius
834 1830 891 1893 ipse
918 1830 1036 1879 carmina
1061 1842 1224 1894 componere
1251 1846 1360 1897 pergam

271 1906 353 1957 ullam
369 1908 535 1957 mentionem
552 1907 664 1966 iecisse,
682 1918 745 1954 cum
763 1903 797 1953 ab
834 1917 866 1953 ac
878 1906 1019 1967 propterea
1030 1902 1119 1968 populi
1131 1904 1293 1967 applausum
1306 1920 1361 1956 ma-

272 1983 386 2044 utroqua
412 1984 440 2031 et
463 1982 604 2032 Maecenas
627 1983 655 2030 et
676 1978 798 2042 Virgilius
834 1979 878 2041 gui
891 1978 979 2027 iacere
989 1977 1124 2029 debebo.»
1136 1981 1360 2042 -sapplaehmr

273 2068 436 2119 magnopere
453 2053 584 2105 laudetur.
616 2057 744 2106 Ceterum
761 2054 799 2104 si·
835 2054 989 2124 εἰρωνείαν.
1011 2080 1038 2089 —
1056 2054 1124 2103 1414444
1138 2054 1224 2118 4444414]
1244 2056 1360 2105 everam

272 2128 371 2179 militer
386 2130 492 2179 Domitii
509 2131 589 2180 tiarsi
608 2132 703 2179 neuter
719 2142 798 2179 mea·
835 2140 897 2179 cum
915 2128 1020 2179 desiero
1045 2126 1130 2179 semei
1153 2128 1240 2179 studia
1260 2132 1361 2193 poetica

272 2204 372 2253 tionem
388 2203 502 2253 iacit-
520 2204 661 2267 adposcere]
683 2204 728 2253 est
746 2203 798 2253 boc
836 2206 863 2253 et
879 2201 914 2252 ad
933 2214 1025 2251 sanam
1043 2204 1160 2252 4444441444
1179 2202 1301 2263 rediero,
1326 2206 1363 2255 ia-

272 2276 308 2328 illi
324 2289 419 2341 parum
435 2277 515 2327 fuerit
531 2280 559 2327 et
574 2278 634 2342 plus
649 2290 721 2329 ame
734 2290 799 2327 exs-
836 2276 877 2327 ciii
899 2289 981 2340 opera
1004 2289 1048 2327 me
1066 2276 1100 2327 ab
1118 2278 1158 2327 bis
1176 2281 1316 2329 aerumnis
1333 2278 1362 2327 li-

272 2352 341 2417 garit
351 2350 463 2402 laudis·
476 2353 569 2403 Poura.
584 2380 613 2389 -
625 2352 797 2417 lllimaenuar]
836 2349 965 2401 berabo.»
979 2376 1006 2387 -
1024 2350 1140 2401 0114444444
1148 2352 1253 2413 patulas
1264 2354 1363 2414 impare

273 2425 454 2491 Colophonius
470 2425 574 2491 olymp.
588 2428 633 2487 37,
649 2426 673 2478 1.
691 2440 716 2477 a.
732 2428 796 2478 Chr.
835 2424 969 2488 1444441144
979 2424 1062 2488 ames]
1075 2426 1362 2489 lpsevsrsuscaesura

273 2502 331 2552 627.
359 2501 552 2552 «ilimnermus
568 2502 637 2552 duos
657 2500 741 2553 libros
757 2500 800 2551 iu·
836 2498 910 2549 iubet
926 2512 976 2549 uos
993 2512 1055 2549 cum
1073 2500 1194 2551 lacobsio
1212 2500 1298 2551 Lectt.
1316 2502 1363 2551 i‘e

274 2574 395 2626 oulenios
412 2576 545 2639 scripsit.»
563 2578 656 2627 Poura.
685 2578 711 2627 ls
728 2574 799 2625 mul·
836 2586 895 2623 nus.
907 2586 935 2637 p.
948 2574 1006 2623 206.
1024 2575 1149 2636 iungere:
1167 2575 1271 2636 irapuue
1282 2576 1363 2639 ugon-

274 2654 363 2703 torum
379 2650 478 2700 iudicio
495 2650 574 2715 louge
593 2650 739 2715 4444444444
757 2651 799 2701 in·
835 2646 914 2705 4414444
934 2650 961 2697 st
976 2662 1002 2697 v·
1019 2648 1227 2711 apostasiae
1244 2651 1363 2713 epitheto

274 2728 352 2789 genio
363 2729 390 2775 et
401 2726 488 2776 natira
499 2725 667 2791 simplicitate
678 2725 800 2777 cabima·
836 2721 1026 2773 incredibiliter
1038 2720 1153 2786 languet.
1180 2724 1238 2773 ileo
1250 2714 1317 2787 ergd
1329 2724 1364 2774 di-

274 2800 355 2850 cbum
372 2802 451 2851 nimis
466 2800 627 2865 plerumque
645 2804 695 2852 arti
712 2801 800 2852 indul·
837 2799 889 2848 cit:
917 2798 962 2847 «Si
988 2795 1065 2847 nullis
1088 2799 1141 2847 lam
1160 2797 1363 2850 recitationibus
1448 2824 1449 2829 1

274 2875 391 2936 gentem.
417 2876 539 2937 Propert.
553 2878 581 2937 4,
594 2876 624 2937 9,
639 2878 683 2926 ll:
700 2878 758 2927 Plus
772 2878 800 2927 44
836 2870 932 2945 adero,
958 2869 1020 2921 mali
1040 2870 1074 2921 illi
1099 2876 1194 2935 poetae
1212 2874 1363 2924 recitabunt

277 2949 798 3002 mmeautMlmnenniveraaflomero.
836 2946 956 2997 carmina
978 2958 1026 2995 sua
1048 2960 1157 3009 prorsus
1174 2950 1264 2997 securi
1282 2964 1298 2998 a
1316 2964 1363 3013 pe-

208 3026 215 3033 ’
274 3022 510 3084 neoeptrrsomttn
523 3037 654 3075 canonem
664 3038 801 3087 gramma.
836 3018 934 3079 4144414,
952 3034 986 3069 ne
1005 3032 1055 3083 ego
1068 3022 1243 3073 uicissimeos
1254 3026 1362 3086 puniam

275 3095 389 3145 tieorum
405 3092 644 3147 Alexandrinorum
661 3112 723 3150 cum
739 3100 801 3151 Cal·
837 3097 864 3145 sl
880 3108 993 3145 eneeem
1006 3108 1066 3147 mea
1077 3097 1174 3159 scripit
1188 3099 1360 3156 reciiflndot·

274 3167 327 3219 lino
344 3168 530 3230 Mimnermus,
548 3169 725 3224 callimachus
738 3188 800 3225 curn
836 3184 918 3233 44444441]
940 3170 1068 3221 ultionem
1090 3184 1112 3221 S·
1136 3174 1361 3235 4)(4444144441444044δ

275 3242 392 3294 Phileto:
419 3244 468 3295 hoa
493 3243 561 3295 duos
586 3249 676 3297 autem
692 3252 800 3313 potissi·
837 3247 922 3309 magis
948 3260 1027 3310 quam
1050 3248 1120 3297 serio
1142 3248 1173 3297 iis
1194 3248 1296 3299 instare
1314 3250 1362 3300 mi-

274 3330 351 3368 mum
360 3317 412 3369 sibi
422 3322 576 3383 sumpserat
585 3321 726 3374 imitandos
738 3328 802 3375 Pro·
837 3321 948 3381 uitetur,
962 3321 1088 3385 quamdiu
1100 3334 1154 3371 aon
1166 3322 1268 3373 finierit
1278 3325 1362 3375 studia

275 3395 386 3459 pertius.
401 3395 530 3457 (3,1,1.4
549 3395 588 3446 Cl.
601 3396 666 3460 Epp.
681 3399 705 3458 i,
718 3401 743 3460 6,
757 3400 798 3449 65.
838 3399 1010 3458 mentemque
1028 3398 1174 3461 receperit;
1198 3399 1305 3461 iocose,
1323 3402 1362 3449 in-

277 3496 305 3507 -·
318 3471 411 3533 aptiora]
421 3470 477 3520 lioc
485 3484 511 3521 v.
520 3474 660 3535 praeterea
668 3476 801 3536 reperitur
836 3481 933 3532 quam;
952 3471 1084 3533 siquidem
1102 3473 1160 3535 ipse
1178 3472 1303 3535 publicas
1320 3486 1361 3523 re-

276 3544 348 3607 apud
370 3546 464 3595 Gaium
485 3547 517 3605 4,
539 3545 602 3595 iti:
629 3547 755 3596 Vocantur
776 3550 801 3597 ln·
838 3545 975 3594 citationes
991 3558 1128 3608 uunquam
1142 3548 1271 3607 instituit;
1290 3548 1360 3597 144444

277 3618 410 3681 (tutores),
436 3620 480 3681 qui
496 3633 530 3669 ec
546 3622 643 3682 optione
658 3628 799 3685 4444444444,
838 3632 868 3669 re
886 3632 948 3669 vera
971 3618 1019 3669 iliis
1043 3620 1112 3671 uuila
1133 3623 1269 3673 eiusmodi
1282 3636 1360 3686 possa

275 3692 383 3751 eptiol.
419 3694 465 3743 Est
490 3694 582 3757 igitur:
610 3699 742 3749 «nomine
768 3714 800 3750 ex
838 3696 956 3744 instaret.
981 3693 1098 3756 (Accedit
1109 3696 1243 3747 luvenalis
1255 3698 1359 3748 imitatio

276 3763 359 3814 libera
376 3767 484 3828 optione
501 3774 673 3834 assumpto„
694 3776 802 3837 «quod—
838 3770 890 3817 sat.
904 3768 931 3827 1,
951 3768 981 3815 i:
1000 3768 1102 3831 Semper
1121 3783 1167 3834 ego
1183 3772 1290 3822 auditor
1304 3778 1358 3821 4444-

275 3850 381 3901 cunque
407 3852 505 3891 nomeu
529 3844 554 3892 ei
576 3843 680 3907 placet,
707 3849 759 3898 hoc
777 3849 800 3899 ei
838 3842 1359 3908 4444441444444440441410441404444447··4”11·

274 3910 801 3983 (1444441444-444444444444444444444444
835 3930 919 3979 puae
934 3920 1225 3982 oraomihiroallavm'i
1241 3923 1359 3985 1114144444μ
1411 3940 1414 3954 ·

274 3986 353 4049 poeta
371 3988 486 4038 evadit.»
838 3998 890 4054 tas,
907 3994 954 4043 llic
970 3994 1070 4059 super?
1086 3996 1214 4057 impune
1229 4000 1358 4049 4114444444·

308 4060 429 4111 iila-iiiii.
449 4064 603 4131 1141144444]
619 4068 729 4119 «Multas
742 4082 800 4119 nro·
836 4069 967 4130 amasso
978 4069 1065 4133 iugem
1076 4070 1221 4137 Telepbmil
1239 4071 1357 4135 Plerique

274 4133 366 4186 lestias
382 4137 514 4198 patienter
531 4141 664 4201 sustineo,
682 4142 758 4202 (144444,
771 4146 801 4194 ut
837 4146 929 4193 contra
953 4145 1077 4209 iungunt:
1105 4146 1223 4196 0114444444
1248 4149 1357 4209 mmo,

274 4208 459 4261 inurbanitatis
484 4224 517 4262 ac
540 4214 683 4276 superbiae
704 4229 799 4280 repre-
836 4220 916 4282 atque
934 4220 1149 4284 interpretantur.
1184 4222 1290 4271 «tiemo
1307 4222 1356 4269 iam
1441 4276 1442 4289 ἶ
