<?xml version="1.0" encoding="UTF-8"?>
<!DOCTYPE html PUBLIC "-//W3C//DTD XHTML 1.0 Transitional//EN"
    "http://www.w3.org/TR/xhtml1/DTD/xhtml1-transitional.dtd">
<html xmlns="http://www.w3.org/1999/xhtml" xml:lang="en" lang="en">
 <head>
  <title>
</title>
<meta http-equiv="Content-Type" content="text/html;charset=utf-8" />
  <meta name='ocr-system' content='tesseract 3.04.00' />
  <meta name='ocr-capabilities' content='ocr_page ocr_carea ocr_par ocr_line ocrx_word'/>
</head>
<body>
  <div class='ocr_page' id='page_1' title='image "./qhoratiusflaccu03baitgoog/qhoratiusflaccu03baitgoog_0316.png"; bbox 0 0 2925 4892; ppageno 0'>
   <div class='ocr_carea' id='block_1_1' title="bbox 266 340 971 407">
    <p class='ocr_par' dir='ltr' id='par_1_1' title="bbox 266 340 971 407">
     <span class='ocr_line' id='line_1_1' title="bbox 266 340 971 407; baseline -0.006 -8"><span class='ocrx_word' id='word_1_1' title='bbox 266 340 328 407; x_wconf 68' lang='lat' dir='ltr'><strong>3ss</strong></span> <span class='ocrx_word' id='word_1_2' title='bbox 644 342 773 395; x_wconf 72' lang='lat' dir='ltr'><strong>donauit</strong></span> <span class='ocrx_word' id='word_1_3' title='bbox 789 342 971 397; x_wconf 70' lang='lat' dir='ltr'><strong>stimulauit</strong></span> 
     </span>
    </p>
   </div>
   <div class='ocr_carea' id='block_1_2' title="bbox 307 496 1354 1075">
    <p class='ocr_par' dir='ltr' id='par_1_2' title="bbox 309 496 1354 710">
     <span class='ocr_line' id='line_1_2' title="bbox 309 496 1354 587; baseline -0.003 -22"><span class='ocrx_word' id='word_1_4' title='bbox 309 500 384 566; x_wconf 88' lang='lat' dir='ltr'><strong>Sive</strong></span> <span class='ocrx_word' id='word_1_5' title='bbox 406 498 521 587; x_wconf 78' lang='lat' dir='ltr'><strong>Aquilo</strong></span> <span class='ocrx_word' id='word_1_6' title='bbox 545 497 628 565; x_wconf 82' lang='lat' dir='ltr'><strong>radit</strong></span> <span class='ocrx_word' id='word_1_7' title='bbox 650 508 753 567; x_wconf 83' lang='lat' dir='ltr'><strong>terras</strong></span> <span class='ocrx_word' id='word_1_8' title='bbox 775 518 836 566; x_wconf 89' lang='lat' dir='ltr'><strong>seu</strong></span> <span class='ocrx_word' id='word_1_9' title='bbox 858 498 974 565; x_wconf 83' lang='lat' dir='ltr'><strong>bruma</strong></span> <span class='ocrx_word' id='word_1_10' title='bbox 995 496 1133 565; x_wconf 85' lang='lat' dir='ltr'><strong>nivalem</strong></span> <span class='ocrx_word' id='word_1_11' title='bbox 1310 499 1354 563; x_wconf 81' lang='lat'><strong>‘25</strong></span> 
     </span>
     <span class='ocr_line' id='line_1_3' title="bbox 310 620 1121 710; baseline -0.001 -23"><span class='ocrx_word' id='word_1_12' title='bbox 310 620 465 688; x_wconf 81' lang='lat' dir='ltr'><strong>Interiora</strong></span> <span class='ocrx_word' id='word_1_13' title='bbox 487 620 574 687; x_wconf 85' lang='lat' dir='ltr'><strong>diem</strong></span> <span class='ocrx_word' id='word_1_14' title='bbox 598 641 680 710; x_wconf 80' lang='lat' dir='ltr'><strong>gyro</strong></span> <span class='ocrx_word' id='word_1_15' title='bbox 703 620 809 697; x_wconf 81' lang='lat' dir='ltr'><strong>trahit,</strong></span> <span class='ocrx_word' id='word_1_16' title='bbox 833 620 882 687; x_wconf 86' lang='lat' dir='ltr'><strong>iro</strong></span> <span class='ocrx_word' id='word_1_17' title='bbox 903 639 1040 687; x_wconf 80' lang='lat' dir='ltr'><strong>neeesse</strong></span> <span class='ocrx_word' id='word_1_18' title='bbox 1062 630 1121 687; x_wconf 87' lang='lat' dir='ltr'><strong>est.</strong></span> 
     </span>
    </p>

    <p class='ocr_par' dir='ltr' id='par_1_3' title="bbox 307 740 1287 1075">
     <span class='ocr_line' id='line_1_4' title="bbox 309 740 1255 830; baseline 0.002 -21"><span class='ocrx_word' id='word_1_19' title='bbox 309 741 497 819; x_wconf 86' lang='lat' dir='ltr'><strong>Postmodo,</strong></span> <span class='ocrx_word' id='word_1_20' title='bbox 521 740 610 830; x_wconf 93' lang='lat' dir='ltr'><strong>quod</strong></span> <span class='ocrx_word' id='word_1_21' title='bbox 634 742 677 809; x_wconf 88' lang='lat' dir='ltr'><strong>mi</strong></span> <span class='ocrx_word' id='word_1_22' title='bbox 699 740 799 819; x_wconf 90' lang='lat' dir='ltr'><strong>obsit,</strong></span> <span class='ocrx_word' id='word_1_23' title='bbox 824 740 912 809; x_wconf 85' lang='lat' dir='ltr'><strong>olare</strong></span> <span class='ocrx_word' id='word_1_24' title='bbox 933 752 1126 830; x_wconf 84' lang='lat' dir='ltr'><strong>certumque</strong></span> <span class='ocrx_word' id='word_1_25' title='bbox 1146 741 1255 811; x_wconf 81' lang='lat' dir='ltr'><strong>loculo</strong></span> 
     </span>
     <span class='ocr_line' id='line_1_5' title="bbox 308 862 1172 931; baseline -0.002 0"><span class='ocrx_word' id='word_1_26' title='bbox 308 862 508 931; x_wconf 81' lang='lat' dir='ltr'><strong>Luctandum</strong></span> <span class='ocrx_word' id='word_1_27' title='bbox 529 863 562 929; x_wconf 90' lang='lat' dir='ltr'><strong>in</strong></span> <span class='ocrx_word' id='word_1_28' title='bbox 585 862 679 931; x_wconf 85' lang='lat' dir='ltr'><strong>turba</strong></span> <span class='ocrx_word' id='word_1_29' title='bbox 701 873 735 931; x_wconf 88' lang='lat' dir='ltr'><strong>et</strong></span> <span class='ocrx_word' id='word_1_30' title='bbox 755 862 902 931; x_wconf 83' lang='lat' dir='ltr'><strong>lanianda</strong></span> <span class='ocrx_word' id='word_1_31' title='bbox 924 862 1041 929; x_wconf 85' lang='lat' dir='ltr'><strong>iniuria</strong></span> <span class='ocrx_word' id='word_1_32' title='bbox 1062 863 1172 931; x_wconf 82' lang='lat' dir='ltr'><strong>tardis.</strong></span> 
     </span>
     <span class='ocr_line' id='line_1_6' title="bbox 307 984 1287 1075; baseline 0.002 -24"><span class='ocrx_word' id='word_1_33' title='bbox 307 984 478 1066; x_wconf 85' lang='lat' dir='ltr'><strong>Quidvis,</strong></span> <span class='ocrx_word' id='word_1_34' title='bbox 503 985 629 1063; x_wconf 81' lang='lat' dir='ltr'><strong>insane,</strong></span> <span class='ocrx_word' id='word_1_35' title='bbox 653 995 686 1051; x_wconf 86' lang='lat' dir='ltr'><strong>at</strong></span> <span class='ocrx_word' id='word_1_36' title='bbox 707 1005 791 1072; x_wconf 89' lang='lat' dir='ltr'><strong>quas</strong></span> <span class='ocrx_word' id='word_1_37' title='bbox 812 1005 867 1052; x_wconf 88' lang='lat' dir='ltr'><strong>res</strong></span> <span class='ocrx_word' id='word_1_38' title='bbox 889 985 982 1073; x_wconf 82' lang='lat' dir='ltr'><strong>agis?</strong></span> <span class='ocrx_word' id='word_1_39' title='bbox 1004 985 1172 1073; x_wconf 81' lang='lat' dir='ltr'><strong>improbus</strong></span> <span class='ocrx_word' id='word_1_40' title='bbox 1192 997 1287 1075; x_wconf 79' lang='lat' dir='ltr'><strong>urget</strong></span> 
     </span>
    </p>
   </div>
   <div class='ocr_carea' id='block_1_3' title="bbox 297 1192 1324 1631">
    <p class='ocr_par' dir='ltr' id='par_1_4' title="bbox 297 1192 1324 1631">
     <span class='ocr_line' id='line_1_7' title="bbox 330 1192 1323 1257; baseline 0 -13"><span class='ocrx_word' id='word_1_41' title='bbox 330 1194 372 1244; x_wconf 76' lang='lat' dir='ltr'><strong>si.</strong></span> <span class='ocrx_word' id='word_1_42' title='bbox 390 1195 501 1244; x_wconf 62' lang='lat' dir='ltr'><strong>mentm</strong></span> <span class='ocrx_word' id='word_1_43' title='bbox 516 1206 586 1243; x_wconf 80' lang='lat' dir='ltr'><strong>oorr.</strong></span> <span class='ocrx_word' id='word_1_44' title='bbox 604 1192 647 1243; x_wconf 88' lang='lat' dir='ltr'><strong>bc.</strong></span> <span class='ocrx_word' id='word_1_45' title='bbox 668 1220 696 1229; x_wconf 89' lang='lat'>-</span> <span class='ocrx_word' id='word_1_46' title='bbox 714 1192 756 1243; x_wconf 75' lang='lat'><strong>28.</strong></span> <span class='ocrx_word' id='word_1_47' title='bbox 777 1192 864 1255; x_wconf 73' lang='lat' dir='ltr'><strong>twoa,</strong></span> <span class='ocrx_word' id='word_1_48' title='bbox 881 1193 999 1255; x_wconf 66' lang='lat' dir='ltr'><strong>sonando</strong></span> <span class='ocrx_word' id='word_1_49' title='bbox 1011 1193 1071 1244; x_wconf 86' lang='lat' dir='ltr'><strong>LCt.</strong></span> <span class='ocrx_word' id='word_1_50' title='bbox 1093 1222 1121 1230; x_wconf 99' lang='lat'>-</span> <span class='ocrx_word' id='word_1_51' title='bbox 1139 1194 1180 1244; x_wconf 73' lang='lat'><strong>29.</strong></span> <span class='ocrx_word' id='word_1_52' title='bbox 1201 1195 1323 1257; x_wconf 79' lang='lat' dir='ltr'><strong>Qaidtiti</strong></span> 
     </span>
     <span class='ocr_line' id='line_1_8' title="bbox 297 1266 1323 1333; baseline 0.002 -16"><span class='ocrx_word' id='word_1_53' title='bbox 297 1268 348 1330; x_wconf 82' lang='lat' dir='ltr'><strong>nis,</strong></span> <span class='ocrx_word' id='word_1_54' title='bbox 368 1282 432 1330; x_wconf 80' lang='lat' dir='ltr'><strong>qnos</strong></span> <span class='ocrx_word' id='word_1_55' title='bbox 448 1281 488 1318; x_wconf 81' lang='lat' dir='ltr'><strong>res</strong></span> <span class='ocrx_word' id='word_1_56' title='bbox 504 1269 572 1333; x_wconf 79' lang='lat' dir='ltr'><strong>opis,</strong></span> <span class='ocrx_word' id='word_1_57' title='bbox 591 1266 699 1317; x_wconf 76' lang='lat' dir='ltr'><strong>insana?</strong></span> <span class='ocrx_word' id='word_1_58' title='bbox 723 1267 851 1329; x_wconf 72' lang='lat' dir='ltr'><strong>improlis</strong></span> <span class='ocrx_word' id='word_1_59' title='bbox 865 1272 939 1330; x_wconf 77' lang='lat' dir='ltr'><strong>urpst</strong></span> <span class='ocrx_word' id='word_1_60' title='bbox 955 1268 1010 1317; x_wconf 83' lang='lat' dir='ltr'><strong>tres</strong></span> <span class='ocrx_word' id='word_1_61' title='bbox 1026 1267 1172 1328; x_wconf 73' lang='lat' dir='ltr'><strong>lomenti,</strong></span> <span class='ocrx_word' id='word_1_62' title='bbox 1196 1270 1262 1330; x_wconf 81' lang='lat' dir='ltr'><strong>Quid</strong></span> <span class='ocrx_word' id='word_1_63' title='bbox 1277 1270 1323 1319; x_wconf 82' lang='lat' dir='ltr'><strong>titi</strong></span> 
     </span>
     <span class='ocr_line' id='line_1_9' title="bbox 298 1340 1323 1405; baseline -0.001 -12"><span class='ocrx_word' id='word_1_64' title='bbox 298 1343 349 1403; x_wconf 78' lang='lat' dir='ltr'><strong>ola,</strong></span> <span class='ocrx_word' id='word_1_65' title='bbox 368 1343 469 1404; x_wconf 78' lang='lat' dir='ltr'><strong>insons,</strong></span> <span class='ocrx_word' id='word_1_66' title='bbox 482 1348 505 1392; x_wconf 88' lang='lat' dir='ltr'><strong>et</strong></span> <span class='ocrx_word' id='word_1_67' title='bbox 517 1355 581 1403; x_wconf 78' lang='lat' dir='ltr'><strong>quos</strong></span> <span class='ocrx_word' id='word_1_68' title='bbox 591 1355 631 1392; x_wconf 80' lang='lat' dir='ltr'><strong>ras</strong></span> <span class='ocrx_word' id='word_1_69' title='bbox 642 1342 770 1405; x_wconf 77' lang='lat' dir='ltr'><strong>improbas</strong></span> <span class='ocrx_word' id='word_1_70' title='bbox 779 1340 872 1405; x_wconf 75' lang='lat' dir='ltr'><strong>orpes?</strong></span> <span class='ocrx_word' id='word_1_71' title='bbox 888 1340 973 1390; x_wconf 82' lang='lat' dir='ltr'><strong>iratus</strong></span> <span class='ocrx_word' id='word_1_72' title='bbox 985 1342 1039 1405; x_wconf 82' lang='lat' dir='ltr'><strong>(sio)</strong></span> <span class='ocrx_word' id='word_1_73' title='bbox 1053 1341 1119 1392; x_wconf 90' lang='lat' dir='ltr'><strong>Cod.</strong></span> <span class='ocrx_word' id='word_1_74' title='bbox 1133 1340 1234 1403; x_wconf 80' lang='lat' dir='ltr'><strong>Gueli,</strong></span> <span class='ocrx_word' id='word_1_75' title='bbox 1254 1344 1323 1405; x_wconf 83' lang='lat' dir='ltr'><strong>Ouid</strong></span> 
     </span>
     <span class='ocr_line' id='line_1_10' title="bbox 299 1414 1324 1481; baseline 0.001 -15"><span class='ocrx_word' id='word_1_76' title='bbox 299 1418 344 1467; x_wconf 79' lang='lat' dir='ltr'><strong>titi</strong></span> <span class='ocrx_word' id='word_1_77' title='bbox 359 1418 408 1479; x_wconf 83' lang='lat' dir='ltr'><strong>nis,</strong></span> <span class='ocrx_word' id='word_1_78' title='bbox 432 1419 531 1479; x_wconf 75' lang='lat' dir='ltr'><strong>inantia,</strong></span> <span class='ocrx_word' id='word_1_79' title='bbox 554 1422 578 1466; x_wconf 88' lang='lat' dir='ltr'><strong>et</strong></span> <span class='ocrx_word' id='word_1_80' title='bbox 594 1429 671 1479; x_wconf 83' lang='lat' dir='ltr'><strong>quum</strong></span> <span class='ocrx_word' id='word_1_81' title='bbox 686 1429 742 1465; x_wconf 81' lang='lat' dir='ltr'><strong>rem</strong></span> <span class='ocrx_word' id='word_1_82' title='bbox 757 1414 832 1479; x_wconf 78' lang='lat' dir='ltr'><strong>apia?</strong></span> <span class='ocrx_word' id='word_1_83' title='bbox 855 1415 983 1478; x_wconf 81' lang='lat' dir='ltr'><strong>improbus</strong></span> <span class='ocrx_word' id='word_1_84' title='bbox 997 1420 1071 1480; x_wconf 59' lang='grc' dir='ltr'><strong>πωροι</strong></span> <span class='ocrx_word' id='word_1_85' title='bbox 1087 1415 1163 1466; x_wconf 80' lang='lat' dir='ltr'><strong>iratis</strong></span> <span class='ocrx_word' id='word_1_86' title='bbox 1182 1416 1259 1481; x_wconf 82' lang='lat' dir='ltr'><strong>(Quid</strong></span> <span class='ocrx_word' id='word_1_87' title='bbox 1277 1417 1324 1467; x_wconf 80' lang='lat' dir='ltr'><strong>tilii</strong></span> 
     </span>
     <span class='ocr_line' id='line_1_11' title="bbox 298 1488 1323 1555; baseline 0 -14"><span class='ocrx_word' id='word_1_88' title='bbox 298 1492 336 1541; x_wconf 77' lang='lat' dir='ltr'><strong>oia</strong></span> <span class='ocrx_word' id='word_1_89' title='bbox 353 1506 368 1542; x_wconf 89' lang='lat' dir='ltr'><strong>a</strong></span> <span class='ocrx_word' id='word_1_90' title='bbox 386 1492 485 1554; x_wconf 86' lang='lat' dir='ltr'><strong>codd,</strong></span> <span class='ocrx_word' id='word_1_91' title='bbox 515 1504 592 1555; x_wconf 84' lang='lat' dir='ltr'><strong>quom</strong></span> <span class='ocrx_word' id='word_1_92' title='bbox 608 1504 662 1540; x_wconf 80' lang='lat' dir='ltr'><strong>ram</strong></span> <span class='ocrx_word' id='word_1_93' title='bbox 678 1491 758 1553; x_wconf 81' lang='lat' dir='ltr'><strong>coni.)</strong></span> <span class='ocrx_word' id='word_1_94' title='bbox 776 1488 926 1551; x_wconf 79' lang='lat' dir='ltr'><strong>Boudeion,</strong></span> <span class='ocrx_word' id='word_1_95' title='bbox 955 1490 1021 1551; x_wconf 77' lang='lat' dir='ltr'><strong>Quid</strong></span> <span class='ocrx_word' id='word_1_96' title='bbox 1037 1490 1081 1540; x_wconf 81' lang='lat' dir='ltr'><strong>tibi</strong></span> <span class='ocrx_word' id='word_1_97' title='bbox 1096 1490 1147 1551; x_wconf 76' lang='lat' dir='ltr'><strong>oia,</strong></span> <span class='ocrx_word' id='word_1_98' title='bbox 1174 1491 1271 1553; x_wconf 80' lang='lat' dir='ltr'><strong>insono,</strong></span> <span class='ocrx_word' id='word_1_99' title='bbox 1298 1496 1323 1541; x_wconf 81' lang='lat' dir='ltr'><strong>at</strong></span> 
     </span>
     <span class='ocr_line' id='line_1_12' title="bbox 299 1564 1323 1631; baseline -0.003 -12"><span class='ocrx_word' id='word_1_100' title='bbox 299 1580 377 1631; x_wconf 70' lang='lat' dir='ltr'><strong>numu</strong></span> <span class='ocrx_word' id='word_1_101' title='bbox 392 1580 446 1619; x_wconf 80' lang='lat' dir='ltr'><strong>rom</strong></span> <span class='ocrx_word' id='word_1_102' title='bbox 462 1568 518 1631; x_wconf 77' lang='lat' dir='ltr'><strong>opis</strong></span> <span class='ocrx_word' id='word_1_103' title='bbox 534 1566 674 1630; x_wconf 76' lang='lat' dir='ltr'><strong>improbus,</strong></span> <span class='ocrx_word' id='word_1_104' title='bbox 701 1570 776 1629; x_wconf 78' lang='lat' dir='ltr'><strong>urpat</strong></span> <span class='ocrx_word' id='word_1_105' title='bbox 797 1565 873 1614; x_wconf 83' lang='lat' dir='ltr'><strong>lrotis</strong></span> <span class='ocrx_word' id='word_1_106' title='bbox 893 1564 1028 1616; x_wconf 77' lang='lat' dir='ltr'><strong>lleindori.</strong></span> <span class='ocrx_word' id='word_1_107' title='bbox 1048 1566 1087 1628; x_wconf 77' lang='lat' dir='ltr'><strong>(lit</strong></span> <span class='ocrx_word' id='word_1_108' title='bbox 1104 1578 1167 1626; x_wconf 84' lang='lat' dir='ltr'><strong>nos,</strong></span> <span class='ocrx_word' id='word_1_109' title='bbox 1194 1567 1276 1617; x_wconf 81' lang='lat' dir='ltr'><strong>nostri</strong></span> <span class='ocrx_word' id='word_1_110' title='bbox 1293 1568 1323 1617; x_wconf 84' lang='lat' dir='ltr'><strong>et</strong></span> 
     </span>
    </p>
   </div>
   <div class='ocr_carea' id='block_1_4' title="bbox 265 1738 1360 4276">
    <p class='ocr_par' dir='ltr' id='par_1_5' title="bbox 266 1738 1359 1891">
     <span class='ocr_line' id='line_1_13' title="bbox 267 1738 1357 1811; baseline 0 -15"><span class='ocrx_word' id='word_1_111' title='bbox 267 1744 284 1796; x_wconf 92' lang='lat' dir='ltr'><strong>l.</strong></span> <span class='ocrx_word' id='word_1_112' title='bbox 309 1758 361 1796; x_wconf 93' lang='lat' dir='ltr'><strong>non</strong></span> <span class='ocrx_word' id='word_1_113' title='bbox 385 1746 483 1811; x_wconf 69' lang='lat' dir='ltr'><strong>pilioli,</strong></span> <span class='ocrx_word' id='word_1_114' title='bbox 509 1744 557 1797; x_wconf 85' lang='lat' dir='ltr'><strong>aad</strong></span> <span class='ocrx_word' id='word_1_115' title='bbox 582 1742 790 1806; x_wconf 70' lang='lat' dir='ltr'><strong>Dianstlaisima,</strong></span> <span class='ocrx_word' id='word_1_116' title='bbox 827 1738 897 1801; x_wconf 84' lang='lat' dir='ltr'><strong>lunt,</strong></span> <span class='ocrx_word' id='word_1_117' title='bbox 924 1741 1023 1792; x_wconf 75' lang='lat' dir='ltr'><strong>Biantis</strong></span> <span class='ocrx_word' id='word_1_118' title='bbox 1047 1740 1090 1793; x_wconf 89' lang='lat' dir='ltr'><strong>illa</strong></span> <span class='ocrx_word' id='word_1_119' title='bbox 1111 1743 1256 1805; x_wconf 84' lang='lat' dir='ltr'><strong>sententia,</strong></span> <span class='ocrx_word' id='word_1_120' title='bbox 1281 1757 1357 1807; x_wconf 80' lang='lat' dir='ltr'><strong>quaa</strong></span> 
     </span>
     <span class='ocr_line' id='line_1_14' title="bbox 266 1812 1359 1891; baseline -0.005 -18"><span class='ocrx_word' id='word_1_121' title='bbox 266 1821 431 1885; x_wconf 77' lang='lat' dir='ltr'><strong>Gssdllipiait.</strong></span> <span class='ocrx_word' id='word_1_122' title='bbox 827 1817 855 1867; x_wconf 90' lang='lat' dir='ltr'><strong>in</strong></span> <span class='ocrx_word' id='word_1_123' title='bbox 866 1816 1041 1881; x_wconf 76' lang='lat' dir='ltr'><strong>proverbium</strong></span> <span class='ocrx_word' id='word_1_124' title='bbox 1051 1818 1131 1869; x_wconf 88' lang='lat' dir='ltr'><strong>abiit:</strong></span> <span class='ocrx_word' id='word_1_125' title='bbox 1147 1812 1359 1891; x_wconf 60' lang='lat' dir='ltr'><strong>’Eyydmndpa</strong></span> 
     </span>
    </p>

    <p class='ocr_par' dir='ltr' id='par_1_6' title="bbox 265 1884 1359 3306">
     <span class='ocr_line' id='line_1_15' title="bbox 297 1884 1357 1961; baseline 0 -16"><span class='ocrx_word' id='word_1_126' title='bbox 297 1896 339 1946; x_wconf 75' lang='lat'><strong>25.</strong></span> <span class='ocrx_word' id='word_1_127' title='bbox 352 1896 393 1946; x_wconf 69' lang='lat' dir='ltr'><strong>iti.</strong></span> <span class='ocrx_word' id='word_1_128' title='bbox 412 1896 489 1961; x_wconf 84' lang='lat' dir='ltr'><strong>rodit]</strong></span> <span class='ocrx_word' id='word_1_129' title='bbox 502 1895 577 1956; x_wconf 76' lang='lat' dir='ltr'><strong>«ilat,</strong></span> <span class='ocrx_word' id='word_1_130' title='bbox 596 1896 684 1945; x_wconf 73' lang='lat' dir='ltr'><strong>terram</strong></span> <span class='ocrx_word' id='word_1_131' title='bbox 697 1905 792 1957; x_wconf 83' lang='lat' dir='ltr'><strong>super·</strong></span> <span class='ocrx_word' id='word_1_132' title='bbox 827 1888 849 1939; x_wconf 73' lang='lat' dir='ltr'><strong>d*</strong></span> <span class='ocrx_word' id='word_1_133' title='bbox 865 1884 931 1941; x_wconf 75' lang='grc' dir='ltr'><strong>ἄτα.</strong></span> <span class='ocrx_word' id='word_1_134' title='bbox 957 1892 1080 1956; x_wconf 58' lang='lat' dir='ltr'><strong>(sponoe</strong></span> <span class='ocrx_word' id='word_1_135' title='bbox 1097 1907 1170 1945; x_wconf 72' lang='lat' dir='ltr'><strong>nono</strong></span> <span class='ocrx_word' id='word_1_136' title='bbox 1181 1899 1284 1957; x_wconf 74' lang='lat' dir='ltr'><strong>praesto</strong></span> <span class='ocrx_word' id='word_1_137' title='bbox 1295 1896 1357 1960; x_wconf 75' lang='lat' dir='ltr'><strong>est.)</strong></span> 
     </span>
     <span class='ocr_line' id='line_1_16' title="bbox 267 1967 1355 2035; baseline -0.002 -14"><span class='ocrx_word' id='word_1_138' title='bbox 267 1970 356 2023; x_wconf 81' lang='lat' dir='ltr'><strong>ficiem</strong></span> <span class='ocrx_word' id='word_1_139' title='bbox 383 1972 488 2032; x_wconf 79' lang='lat' dir='ltr'><strong>radens,</strong></span> <span class='ocrx_word' id='word_1_140' title='bbox 518 1970 732 2035; x_wconf 74' lang='lat' dir='ltr'><strong>perstringens.»</strong></span> <span class='ocrx_word' id='word_1_141' title='bbox 760 1971 792 2018; x_wconf 88' lang='lat' dir='ltr'><strong>ut</strong></span> <span class='ocrx_word' id='word_1_142' title='bbox 827 1967 1002 2031; x_wconf 81' lang='lat' dir='ltr'><strong>Epicharmus</strong></span> <span class='ocrx_word' id='word_1_143' title='bbox 1018 1968 1045 2018; x_wconf 89' lang='lat' dir='ltr'><strong>in</strong></span> <span class='ocrx_word' id='word_1_144' title='bbox 1062 1969 1143 2018; x_wconf 82' lang='lat' dir='ltr'><strong>Grotii</strong></span> <span class='ocrx_word' id='word_1_145' title='bbox 1163 1970 1225 2019; x_wconf 81' lang='lat' dir='ltr'><strong>Exn.</strong></span> <span class='ocrx_word' id='word_1_146' title='bbox 1243 1981 1270 2033; x_wconf 91' lang='lat' dir='ltr'><strong>p.</strong></span> <span class='ocrx_word' id='word_1_147' title='bbox 1289 1968 1355 2021; x_wconf 73' lang='lat' dir='ltr'><strong>tut:</strong></span> 
     </span>
     <span class='ocr_line' id='line_1_17' title="bbox 266 2036 1359 2113; baseline -0.004 -18"><span class='ocrx_word' id='word_1_148' title='bbox 266 2046 357 2095; x_wconf 80' lang='lat' dir='ltr'><strong>radere</strong></span> <span class='ocrx_word' id='word_1_149' title='bbox 373 2046 440 2095; x_wconf 74' lang='lat' dir='ltr'><strong>litus.</strong></span> <span class='ocrx_word' id='word_1_150' title='bbox 475 2045 568 2095; x_wconf 80' lang='lat' dir='ltr'><strong>Differt</strong></span> <span class='ocrx_word' id='word_1_151' title='bbox 585 2043 668 2107; x_wconf 86' lang='lat' dir='ltr'><strong>Epod.</strong></span> <span class='ocrx_word' id='word_1_152' title='bbox 683 2043 727 2105; x_wconf 80' lang='lat' dir='ltr'><strong>lli,</strong></span> <span class='ocrx_word' id='word_1_153' title='bbox 746 2042 788 2093; x_wconf 74' lang='lat' dir='ltr'><strong>di.</strong></span> <span class='ocrx_word' id='word_1_154' title='bbox 824 2036 929 2109; x_wconf 80' lang='grc' dir='ltr'><em>Ἐγγύα</em></span> <span class='ocrx_word' id='word_1_155' title='bbox 952 2039 1083 2113; x_wconf 69' lang='grc' dir='ltr'><strong>θυγάτηρ</strong></span> <span class='ocrx_word' id='word_1_156' title='bbox 1109 2041 1165 2107; x_wconf 68' lang='grc' dir='ltr'><strong>μὲν</strong></span> <span class='ocrx_word' id='word_1_157' title='bbox 1188 2036 1276 2105; x_wconf 80' lang='grc' dir='ltr'><em>ἄτας,</em></span> <span class='ocrx_word' id='word_1_158' title='bbox 1306 2042 1359 2109; x_wconf 75' lang='lat' dir='ltr'><strong>s’y-</strong></span> 
     </span>
     <span class='ocr_line' id='line_1_18' title="bbox 269 2114 1357 2184; baseline -0.003 -14"><span class='ocrx_word' id='word_1_159' title='bbox 269 2148 296 2156; x_wconf 98' lang='lat'><em>-</em></span> <span class='ocrx_word' id='word_1_160' title='bbox 314 2121 435 2171; x_wconf 70' lang='lat' dir='ltr'><strong>imariora</strong></span> <span class='ocrx_word' id='word_1_161' title='bbox 445 2145 457 2156; x_wconf 94' lang='lat'>·</span> <span class='ocrx_word' id='word_1_162' title='bbox 466 2120 539 2183; x_wconf 73' lang='lat' dir='ltr'><strong>puro]</strong></span> <span class='ocrx_word' id='word_1_163' title='bbox 558 2118 714 2169; x_wconf 76' lang='lat' dir='ltr'><strong>«solstitium</strong></span> <span class='ocrx_word' id='word_1_164' title='bbox 730 2118 792 2168; x_wconf 86' lang='lat' dir='ltr'><strong>hie-</strong></span> <span class='ocrx_word' id='word_1_165' title='bbox 827 2114 900 2184; x_wconf 78' lang='grc' dir='ltr'><strong>γύας</strong></span> <span class='ocrx_word' id='word_1_166' title='bbox 916 2114 947 2167; x_wconf 76' lang='lat' dir='ltr'><strong>oi</strong></span> <span class='ocrx_word' id='word_1_167' title='bbox 963 2119 1061 2182; x_wconf 63' lang='grc' dir='ltr'><strong>ζημία.</strong></span> <span class='ocrx_word' id='word_1_168' title='bbox 1076 2143 1104 2153; x_wconf 96' lang='grc'>-</span> <span class='ocrx_word' id='word_1_169' title='bbox 1116 2118 1186 2167; x_wconf 78' lang='lat' dir='ltr'><strong>olore</strong></span> <span class='ocrx_word' id='word_1_170' title='bbox 1200 2120 1357 2183; x_wconf 70' lang='lat' dir='ltr'><strong>osrtoenpne]</strong></span> 
     </span>
     <span class='ocr_line' id='line_1_19' title="bbox 267 2190 1357 2257; baseline -0.002 -12"><span class='ocrx_word' id='word_1_171' title='bbox 267 2192 336 2245; x_wconf 88' lang='lat' dir='ltr'><strong>mala</strong></span> <span class='ocrx_word' id='word_1_172' title='bbox 361 2192 431 2245; x_wconf 83' lang='lat' dir='ltr'><strong>lenta</strong></span> <span class='ocrx_word' id='word_1_173' title='bbox 458 2194 532 2244; x_wconf 86' lang='lat' dir='ltr'><strong>ducit</strong></span> <span class='ocrx_word' id='word_1_174' title='bbox 553 2194 638 2253; x_wconf 84' lang='lat' dir='ltr'><strong>diam,</strong></span> <span class='ocrx_word' id='word_1_175' title='bbox 666 2193 711 2257; x_wconf 84' lang='lat' dir='ltr'><strong>qui</strong></span> <span class='ocrx_word' id='word_1_176' title='bbox 736 2193 791 2243; x_wconf 85' lang='lat' dir='ltr'><strong>iam</strong></span> <span class='ocrx_word' id='word_1_177' title='bbox 828 2194 875 2243; x_wconf 88' lang='lat' dir='ltr'><strong>Est</strong></span> <span class='ocrx_word' id='word_1_178' title='bbox 895 2192 948 2243; x_wconf 86' lang='lat' dir='ltr'><strong>hoo</strong></span> <span class='ocrx_word' id='word_1_179' title='bbox 965 2206 999 2241; x_wconf 83' lang='lat' dir='ltr'><strong>ex</strong></span> <span class='ocrx_word' id='word_1_180' title='bbox 1020 2190 1195 2243; x_wconf 77' lang='lat' dir='ltr'><strong>formularum</strong></span> <span class='ocrx_word' id='word_1_181' title='bbox 1210 2206 1357 2255; x_wconf 81' lang='lat' dir='ltr'><strong>sermone,</strong></span> 
     </span>
     <span class='ocr_line' id='line_1_20' title="bbox 267 2264 1359 2331; baseline -0.001 -11"><span class='ocrx_word' id='word_1_182' title='bbox 267 2268 421 2320; x_wconf 82' lang='lat' dir='ltr'><strong>breviorem</strong></span> <span class='ocrx_word' id='word_1_183' title='bbox 432 2270 572 2330; x_wconf 82' lang='lat' dir='ltr'><strong>horarum,</strong></span> <span class='ocrx_word' id='word_1_184' title='bbox 592 2268 689 2331; x_wconf 85' lang='lat' dir='ltr'><strong>quibus</strong></span> <span class='ocrx_word' id='word_1_185' title='bbox 701 2264 742 2319; x_wconf 87' lang='lat' dir='ltr'><strong>sol</strong></span> <span class='ocrx_word' id='word_1_186' title='bbox 753 2266 793 2317; x_wconf 92' lang='lat' dir='ltr'><strong>lu·</strong></span> <span class='ocrx_word' id='word_1_187' title='bbox 828 2281 862 2316; x_wconf 78' lang='lat' dir='ltr'><strong>es</strong></span> <span class='ocrx_word' id='word_1_188' title='bbox 878 2279 932 2329; x_wconf 88' lang='lat' dir='ltr'><strong>quo</strong></span> <span class='ocrx_word' id='word_1_189' title='bbox 949 2266 1022 2331; x_wconf 87' lang='lat' dir='ltr'><strong>apud</strong></span> <span class='ocrx_word' id='word_1_190' title='bbox 1038 2268 1114 2317; x_wconf 84' lang='lat' dir='ltr'><strong>ictos</strong></span> <span class='ocrx_word' id='word_1_191' title='bbox 1129 2273 1199 2319; x_wconf 82' lang='lat' dir='ltr'><strong>carto</strong></span> <span class='ocrx_word' id='word_1_192' title='bbox 1214 2267 1292 2317; x_wconf 82' lang='lat' dir='ltr'><strong>verta</strong></span> <span class='ocrx_word' id='word_1_193' title='bbox 1306 2280 1359 2319; x_wconf 89' lang='lat' dir='ltr'><strong>ea-</strong></span> 
     </span>
     <span class='ocr_line' id='line_1_21' title="bbox 268 2340 1356 2405; baseline -0.001 -11"><span class='ocrx_word' id='word_1_194' title='bbox 268 2344 324 2403; x_wconf 77' lang='lat' dir='ltr'><strong>oal,</strong></span> <span class='ocrx_word' id='word_1_195' title='bbox 347 2341 476 2393; x_wconf 75' lang='lat' dir='ltr'><strong>uinculum</strong></span> <span class='ocrx_word' id='word_1_196' title='bbox 493 2342 650 2402; x_wconf 72' lang='lat' dir='ltr'><strong>describitp·</strong></span> <span class='ocrx_word' id='word_1_197' title='bbox 676 2345 707 2391; x_wconf 93' lang='lat' dir='ltr'><strong>ut</strong></span> <span class='ocrx_word' id='word_1_198' title='bbox 723 2342 793 2391; x_wconf 83' lang='lat' dir='ltr'><strong>inter</strong></span> <span class='ocrx_word' id='word_1_199' title='bbox 828 2341 892 2393; x_wconf 90' lang='lat' dir='ltr'><strong>dem</strong></span> <span class='ocrx_word' id='word_1_200' title='bbox 908 2346 972 2393; x_wconf 90' lang='lat' dir='ltr'><strong>sunt</strong></span> <span class='ocrx_word' id='word_1_201' title='bbox 987 2354 1019 2392; x_wconf 85' lang='lat' dir='ltr'><strong>an</strong></span> <span class='ocrx_word' id='word_1_202' title='bbox 1030 2340 1168 2393; x_wconf 87' lang='lat' dir='ltr'><strong>sollemnia</strong></span> <span class='ocrx_word' id='word_1_203' title='bbox 1183 2346 1211 2393; x_wconf 83' lang='lat' dir='ltr'><strong>et</strong></span> <span class='ocrx_word' id='word_1_204' title='bbox 1226 2340 1356 2405; x_wconf 76' lang='lat' dir='ltr'><strong>legitima3</strong></span> 
     </span>
     <span class='ocr_line' id='line_1_22' title="bbox 267 2416 1358 2483; baseline 0 -14"><span class='ocrx_word' id='word_1_205' title='bbox 267 2417 357 2483; x_wconf 87' lang='lat' dir='ltr'><strong>plures</strong></span> <span class='ocrx_word' id='word_1_206' title='bbox 374 2417 500 2478; x_wconf 83' lang='lat' dir='ltr'><strong>circulos,</strong></span> <span class='ocrx_word' id='word_1_207' title='bbox 528 2417 626 2481; x_wconf 89' lang='lat' dir='ltr'><strong>quihus</strong></span> <span class='ocrx_word' id='word_1_208' title='bbox 652 2416 724 2469; x_wconf 88' lang='lat' dir='ltr'><strong>idem</strong></span> <span class='ocrx_word' id='word_1_209' title='bbox 750 2418 793 2467; x_wconf 88' lang='lat' dir='ltr'><strong>est</strong></span> <span class='ocrx_word' id='word_1_210' title='bbox 829 2418 973 2479; x_wconf 83' lang='lat' dir='ltr'><strong>utrumque</strong></span> <span class='ocrx_word' id='word_1_211' title='bbox 990 2419 1082 2466; x_wconf 89' lang='lat' dir='ltr'><strong>autem</strong></span> <span class='ocrx_word' id='word_1_212' title='bbox 1098 2430 1124 2466; x_wconf 87' lang='lat' dir='ltr'><strong>v.</strong></span> <span class='ocrx_word' id='word_1_213' title='bbox 1136 2418 1172 2467; x_wconf 82' lang='lat' dir='ltr'><strong>ite</strong></span> <span class='ocrx_word' id='word_1_214' title='bbox 1194 2417 1311 2479; x_wconf 78' lang='lat' dir='ltr'><strong>iungitur</strong></span> <span class='ocrx_word' id='word_1_215' title='bbox 1327 2419 1358 2469; x_wconf 89' lang='lat' dir='ltr'><strong>in</strong></span> 
     </span>
     <span class='ocr_line' id='line_1_23' title="bbox 268 2488 1357 2557; baseline -0.006 -12"><span class='ocrx_word' id='word_1_216' title='bbox 268 2496 401 2556; x_wconf 83' lang='lat' dir='ltr'><strong>centrum,</strong></span> <span class='ocrx_word' id='word_1_217' title='bbox 414 2494 554 2545; x_wconf 83' lang='lat' dir='ltr'><strong>interiores</strong></span> <span class='ocrx_word' id='word_1_218' title='bbox 563 2506 672 2557; x_wconf 84' lang='lat' dir='ltr'><strong>semper</strong></span> <span class='ocrx_word' id='word_1_219' title='bbox 682 2492 793 2543; x_wconf 79' lang='lat' dir='ltr'><strong>bravius</strong></span> <span class='ocrx_word' id='word_1_220' title='bbox 828 2488 942 2539; x_wconf 84' lang='lat' dir='ltr'><strong>turmula</strong></span> <span class='ocrx_word' id='word_1_221' title='bbox 959 2490 1030 2554; x_wconf 84' lang='lat' dir='ltr'><strong>apud</strong></span> <span class='ocrx_word' id='word_1_222' title='bbox 1046 2491 1102 2540; x_wconf 85' lang='lat' dir='ltr'><strong>Liv.</strong></span> <span class='ocrx_word' id='word_1_223' title='bbox 1117 2492 1145 2550; x_wconf 85' lang='lat' dir='ltr'><strong>l,</strong></span> <span class='ocrx_word' id='word_1_224' title='bbox 1165 2491 1209 2541; x_wconf 82' lang='lat' dir='ltr'><strong>lii:</strong></span> <span class='ocrx_word' id='word_1_225' title='bbox 1226 2491 1357 2553; x_wconf 72' lang='lat' dir='ltr'><strong>iuppiter,</strong></span> 
     </span>
     <span class='ocr_line' id='line_1_24' title="bbox 265 2563 1356 2633; baseline -0.004 -13"><span class='ocrx_word' id='word_1_226' title='bbox 265 2568 382 2633; x_wconf 86' lang='lat' dir='ltr'><strong>spatium</strong></span> <span class='ocrx_word' id='word_1_227' title='bbox 407 2567 639 2621; x_wconf 83' lang='lat' dir='ltr'><strong>circumscribunt.</strong></span> <span class='ocrx_word' id='word_1_228' title='bbox 679 2570 734 2619; x_wconf 88' lang='lat' dir='ltr'><strong>Cic.</strong></span> <span class='ocrx_word' id='word_1_229' title='bbox 757 2567 792 2617; x_wconf 84' lang='lat' dir='ltr'><strong>da</strong></span> <span class='ocrx_word' id='word_1_230' title='bbox 828 2568 908 2613; x_wconf 71' lang='lat' dir='ltr'><strong>--tn</strong></span> <span class='ocrx_word' id='word_1_231' title='bbox 922 2564 997 2627; x_wconf 70' lang='lat' dir='ltr'><strong>nono</strong></span> <span class='ocrx_word' id='word_1_232' title='bbox 1012 2563 1082 2615; x_wconf 60' lang='lat' dir='ltr'><strong>nobi</strong></span> <span class='ocrx_word' id='word_1_233' title='bbox 1097 2569 1166 2615; x_wconf 83' lang='lat' dir='ltr'><strong>osrto</strong></span> <span class='ocrx_word' id='word_1_234' title='bbox 1186 2565 1356 2622; x_wconf 50' lang='lat' dir='ltr'><strong>addaram</strong></span> 
     </span>
     <span class='ocr_line' id='line_1_25' title="bbox 267 2637 1355 2705; baseline -0.004 -10"><span class='ocrx_word' id='word_1_235' title='bbox 267 2645 299 2695; x_wconf 80' lang='lat' dir='ltr'><strong>ll.</strong></span> <span class='ocrx_word' id='word_1_236' title='bbox 314 2644 347 2694; x_wconf 88' lang='lat' dir='ltr'><strong>D.</strong></span> <span class='ocrx_word' id='word_1_237' title='bbox 363 2644 394 2703; x_wconf 73' lang='lat' dir='ltr'><strong>i,</strong></span> <span class='ocrx_word' id='word_1_238' title='bbox 412 2644 457 2705; x_wconf 84' lang='lat' dir='ltr'><strong>tt,</strong></span> <span class='ocrx_word' id='word_1_239' title='bbox 477 2644 533 2695; x_wconf 78' lang='lat'><strong>⁴06.</strong></span> <span class='ocrx_word' id='word_1_240' title='bbox 552 2657 585 2695; x_wconf 88' lang='lat' dir='ltr'><strong>ex</strong></span> <span class='ocrx_word' id='word_1_241' title='bbox 610 2644 713 2695; x_wconf 76' lang='lat' dir='ltr'><strong>Arateis</strong></span> <span class='ocrx_word' id='word_1_242' title='bbox 737 2643 793 2694; x_wconf 88' lang='lat' dir='ltr'><strong>suis</strong></span> <span class='ocrx_word' id='word_1_243' title='bbox 830 2640 858 2689; x_wconf 89' lang='lat' dir='ltr'><strong>et</strong></span> <span class='ocrx_word' id='word_1_244' title='bbox 868 2651 980 2703; x_wconf 81' lang='lat' dir='ltr'><strong>prorsus</strong></span> <span class='ocrx_word' id='word_1_245' title='bbox 991 2641 1021 2688; x_wconf 92' lang='lat' dir='ltr'><strong>ut</strong></span> <span class='ocrx_word' id='word_1_246' title='bbox 1031 2639 1058 2689; x_wconf 85' lang='lat' dir='ltr'><strong>h.</strong></span> <span class='ocrx_word' id='word_1_247' title='bbox 1069 2637 1086 2689; x_wconf 93' lang='lat' dir='ltr'><strong>l.</strong></span> <span class='ocrx_word' id='word_1_248' title='bbox 1097 2639 1170 2703; x_wconf 88' lang='lat' dir='ltr'><strong>apud</strong></span> <span class='ocrx_word' id='word_1_249' title='bbox 1180 2640 1275 2691; x_wconf 79' lang='lat' dir='ltr'><strong>Senon.</strong></span> <span class='ocrx_word' id='word_1_250' title='bbox 1285 2640 1355 2691; x_wconf 84' lang='lat' dir='ltr'><strong>Lnd.</strong></span> 
     </span>
     <span class='ocr_line' id='line_1_26' title="bbox 268 2714 1359 2781; baseline -0.003 -13"><span class='ocrx_word' id='word_1_251' title='bbox 268 2717 302 2769; x_wconf 90' lang='lat' dir='ltr'><strong>da</strong></span> <span class='ocrx_word' id='word_1_252' title='bbox 320 2718 472 2781; x_wconf 81' lang='lat' dir='ltr'><strong>Cynosura:</strong></span> <span class='ocrx_word' id='word_1_253' title='bbox 496 2720 564 2769; x_wconf 86' lang='lat' dir='ltr'><strong>Nom</strong></span> <span class='ocrx_word' id='word_1_254' title='bbox 579 2732 657 2770; x_wconf 68' lang='lat' dir='ltr'><strong>eluso</strong></span> <span class='ocrx_word' id='word_1_255' title='bbox 673 2719 794 2769; x_wconf 64' lang='lat' dir='ltr'><strong>interim</strong></span> <span class='ocrx_word' id='word_1_256' title='bbox 830 2716 859 2765; x_wconf 90' lang='lat' dir='ltr'><strong>l:</strong></span> <span class='ocrx_word' id='word_1_257' title='bbox 884 2727 1046 2776; x_wconf 65' lang='lat' dir='ltr'><strong>quamne</strong></span> <span class='ocrx_word' id='word_1_258' title='bbox 1061 2714 1160 2776; x_wconf 65' lang='lat' dir='ltr'><strong>andei,</strong></span> <span class='ocrx_word' id='word_1_259' title='bbox 1177 2720 1248 2765; x_wconf 77' lang='lat' dir='ltr'><strong>carto</strong></span> <span class='ocrx_word' id='word_1_260' title='bbox 1264 2715 1359 2765; x_wconf 75' lang='lat' dir='ltr'><strong>doro·</strong></span> 
     </span>
     <span class='ocr_line' id='line_1_27' title="bbox 267 2788 1358 2856; baseline -0.001 -14"><span class='ocrx_word' id='word_1_261' title='bbox 267 2792 336 2843; x_wconf 63' lang='lat' dir='ltr'><strong>mani</strong></span> <span class='ocrx_word' id='word_1_262' title='bbox 356 2794 510 2844; x_wconf 74' lang='lat' dir='ltr'><strong>convortitur</strong></span> <span class='ocrx_word' id='word_1_263' title='bbox 529 2794 596 2845; x_wconf 76' lang='lat' dir='ltr'><strong>orio.</strong></span> <span class='ocrx_word' id='word_1_264' title='bbox 632 2793 703 2856; x_wconf 81' lang='lat' dir='ltr'><strong>virg.</strong></span> <span class='ocrx_word' id='word_1_265' title='bbox 724 2793 790 2843; x_wconf 76' lang='lat' dir='ltr'><strong>Aen.</strong></span> <span class='ocrx_word' id='word_1_266' title='bbox 830 2802 878 2850; x_wconf 76' lang='lat' dir='ltr'><strong>qno</strong></span> <span class='ocrx_word' id='word_1_267' title='bbox 893 2790 983 2851; x_wconf 73' lang='lat' dir='ltr'><strong>affero</strong></span> <span class='ocrx_word' id='word_1_268' title='bbox 1003 2816 1031 2825; x_wconf 89' lang='lat'><em>-</em></span> <span class='ocrx_word' id='word_1_269' title='bbox 1047 2788 1212 2853; x_wconf 74' lang='lat' dir='ltr'><strong>Luctandwu]</strong></span> <span class='ocrx_word' id='word_1_270' title='bbox 1231 2803 1358 2841; x_wconf 83' lang='lat' dir='ltr'><strong>«summo</strong></span> 
     </span>
     <span class='ocr_line' id='line_1_28' title="bbox 268 2862 1358 2931; baseline 0 -16"><span class='ocrx_word' id='word_1_271' title='bbox 268 2866 315 2929; x_wconf 87' lang='lat' dir='ltr'><strong>ll,</strong></span> <span class='ocrx_word' id='word_1_272' title='bbox 340 2866 403 2917; x_wconf 75' lang='lat'>695:</span> <span class='ocrx_word' id='word_1_273' title='bbox 431 2868 516 2917; x_wconf 78' lang='lat' dir='ltr'><strong>Eludit</strong></span> <span class='ocrx_word' id='word_1_274' title='bbox 536 2882 600 2931; x_wconf 71' lang='lat' dir='ltr'><strong>puro</strong></span> <span class='ocrx_word' id='word_1_275' title='bbox 620 2868 735 2918; x_wconf 71' lang='lat' dir='ltr'><strong>inustor.</strong></span> <span class='ocrx_word' id='word_1_276' title='bbox 761 2890 790 2903; x_wconf 87' lang='lat'><strong>··</strong></span> <span class='ocrx_word' id='word_1_277' title='bbox 829 2862 922 2915; x_wconf 83' lang='lat' dir='ltr'><strong>labora</strong></span> <span class='ocrx_word' id='word_1_278' title='bbox 943 2864 1138 2928; x_wconf 82' lang='lat' dir='ltr'><strong>penetrandum</strong></span> <span class='ocrx_word' id='word_1_279' title='bbox 1162 2867 1205 2915; x_wconf 89' lang='lat' dir='ltr'><strong>est</strong></span> <span class='ocrx_word' id='word_1_280' title='bbox 1226 2877 1276 2927; x_wconf 80' lang='lat' dir='ltr'><strong>per</strong></span> <span class='ocrx_word' id='word_1_281' title='bbox 1296 2868 1358 2915; x_wconf 83' lang='lat' dir='ltr'><strong>tur-</strong></span> 
     </span>
     <span class='ocr_line' id='line_1_29' title="bbox 268 2940 1358 3005; baseline 0.001 -14"><span class='ocrx_word' id='word_1_282' title='bbox 268 2942 353 3005; x_wconf 72' lang='lat' dir='ltr'><strong>leoiit]</strong></span> <span class='ocrx_word' id='word_1_283' title='bbox 371 2940 491 3005; x_wconf 79' lang='lat' dir='ltr'><strong>plerique</strong></span> <span class='ocrx_word' id='word_1_284' title='bbox 508 2943 595 2992; x_wconf 87' lang='lat' dir='ltr'><strong>minus</strong></span> <span class='ocrx_word' id='word_1_285' title='bbox 607 2946 732 2993; x_wconf 80' lang='lat' dir='ltr'><strong>accumte</strong></span> <span class='ocrx_word' id='word_1_286' title='bbox 749 2944 792 2992; x_wconf 90' lang='lat' dir='ltr'><strong>in·</strong></span> <span class='ocrx_word' id='word_1_287' title='bbox 828 2940 906 3001; x_wconf 87' lang='lat' dir='ltr'><strong>bam,</strong></span> <span class='ocrx_word' id='word_1_288' title='bbox 924 2941 961 2990; x_wconf 87' lang='lat' dir='ltr'><strong>ita</strong></span> <span class='ocrx_word' id='word_1_289' title='bbox 971 2940 1043 2991; x_wconf 91' lang='lat' dir='ltr'><strong>utin</strong></span> <span class='ocrx_word' id='word_1_290' title='bbox 1060 2940 1191 2991; x_wconf 77' lang='lat' dir='ltr'><strong>tardiores</strong></span> <span class='ocrx_word' id='word_1_291' title='bbox 1208 2941 1358 3004; x_wconf 75' lang='lat' dir='ltr'><strong>impingam</strong></span> 
     </span>
     <span class='ocr_line' id='line_1_30' title="bbox 269 3014 1357 3081; baseline -0.002 -14"><span class='ocrx_word' id='word_1_292' title='bbox 269 3017 450 3081; x_wconf 79' lang='lat' dir='ltr'><strong>terpretentur</strong></span> <span class='ocrx_word' id='word_1_293' title='bbox 478 3016 631 3067; x_wconf 79' lang='lat' dir='ltr'><strong>«contrahit</strong></span> <span class='ocrx_word' id='word_1_294' title='bbox 644 3031 667 3077; x_wconf 68' lang='grc' dir='ltr'>μ</span> <span class='ocrx_word' id='word_1_295' title='bbox 696 3015 792 3068; x_wconf 84' lang='lat' dir='ltr'><strong>melius</strong></span> <span class='ocrx_word' id='word_1_296' title='bbox 829 3028 931 3079; x_wconf 85' lang='lat' dir='ltr'><strong>eosque</strong></span> <span class='ocrx_word' id='word_1_297' title='bbox 957 3014 1075 3079; x_wconf 83' lang='lat' dir='ltr'><strong>pulsem,</strong></span> <span class='ocrx_word' id='word_1_298' title='bbox 1102 3018 1183 3079; x_wconf 80' lang='lat' dir='ltr'><strong>atque</strong></span> <span class='ocrx_word' id='word_1_299' title='bbox 1209 3014 1277 3066; x_wconf 85' lang='lat' dir='ltr'><strong>adeo</strong></span> <span class='ocrx_word' id='word_1_300' title='bbox 1303 3018 1357 3067; x_wconf 84' lang='lat' dir='ltr'><strong>etsi</strong></span> 
     </span>
     <span class='ocr_line' id='line_1_31' title="bbox 266 3089 1357 3155; baseline -0.001 -13"><span class='ocrx_word' id='word_1_301' title='bbox 266 3090 366 3143; x_wconf 86' lang='lat' dir='ltr'><strong>Bothe:</strong></span> <span class='ocrx_word' id='word_1_302' title='bbox 395 3090 484 3141; x_wconf 78' lang='lat' dir='ltr'><strong>«lente</strong></span> <span class='ocrx_word' id='word_1_303' title='bbox 506 3089 580 3141; x_wconf 79' lang='lat' dir='ltr'><strong>ducit</strong></span> <span class='ocrx_word' id='word_1_304' title='bbox 602 3092 680 3154; x_wconf 84' lang='lat' dir='ltr'><strong>quasi</strong></span> <span class='ocrx_word' id='word_1_305' title='bbox 702 3093 793 3155; x_wconf 76' lang='lat' dir='ltr'><strong>ingna-</strong></span> <span class='ocrx_word' id='word_1_306' title='bbox 828 3092 926 3144; x_wconf 85' lang='lat' dir='ltr'><strong>invitus</strong></span> <span class='ocrx_word' id='word_1_307' title='bbox 936 3092 1030 3141; x_wconf 86' lang='lat' dir='ltr'><strong>iniuria</strong></span> <span class='ocrx_word' id='word_1_308' title='bbox 1042 3104 1091 3142; x_wconf 90' lang='lat' dir='ltr'><strong>eos</strong></span> <span class='ocrx_word' id='word_1_309' title='bbox 1101 3090 1242 3142; x_wconf 83' lang='lat' dir='ltr'><strong>alliciam.»</strong></span> <span class='ocrx_word' id='word_1_310' title='bbox 1267 3090 1357 3141; x_wconf 82' lang='lat' dir='ltr'><strong>Plaut.</strong></span> 
     </span>
     <span class='ocr_line' id='line_1_32' title="bbox 268 3164 1359 3230; baseline 0 -13"><span class='ocrx_word' id='word_1_311' title='bbox 268 3168 338 3227; x_wconf 86' lang='lat' dir='ltr'><strong>tum,</strong></span> <span class='ocrx_word' id='word_1_312' title='bbox 365 3166 411 3230; x_wconf 89' lang='lat' dir='ltr'><strong>qui</strong></span> <span class='ocrx_word' id='word_1_313' title='bbox 435 3165 479 3215; x_wconf 85' lang='lat' dir='ltr'><strong>vix</strong></span> <span class='ocrx_word' id='word_1_314' title='bbox 501 3166 541 3215; x_wconf 79' lang='lat' dir='ltr'><strong>ira</strong></span> <span class='ocrx_word' id='word_1_315' title='bbox 563 3164 716 3229; x_wconf 77' lang='lat' dir='ltr'><strong>videatur‚»</strong></span> <span class='ocrx_word' id='word_1_316' title='bbox 742 3168 793 3218; x_wconf 87' lang='lat' dir='ltr'><strong>atsi</strong></span> <span class='ocrx_word' id='word_1_317' title='bbox 829 3168 980 3225; x_wconf 67' lang='lat' dir='ltr'><strong>Ueranii,</strong></span> <span class='ocrx_word' id='word_1_318' title='bbox 999 3167 1028 3226; x_wconf 85' lang='lat' dir='ltr'><strong>l,</strong></span> <span class='ocrx_word' id='word_1_319' title='bbox 1047 3166 1075 3215; x_wconf 84' lang='lat'><strong>9:</strong></span> <span class='ocrx_word' id='word_1_320' title='bbox 1103 3167 1137 3217; x_wconf 80' lang='lat' dir='ltr'><strong>lit</strong></span> <span class='ocrx_word' id='word_1_321' title='bbox 1157 3168 1311 3216; x_wconf 65' lang='lat' dir='ltr'><strong>narrum</strong></span> <span class='ocrx_word' id='word_1_322' title='bbox 1331 3172 1359 3217; x_wconf 80' lang='lat' dir='ltr'><strong>at</strong></span> 
     </span>
     <span class='ocr_line' id='line_1_33' title="bbox 268 3238 1359 3306; baseline 0 -15"><span class='ocrx_word' id='word_1_323' title='bbox 268 3238 352 3291; x_wconf 88' lang='lat' dir='ltr'><strong>multo</strong></span> <span class='ocrx_word' id='word_1_324' title='bbox 368 3239 521 3291; x_wconf 82' lang='lat' dir='ltr'><strong>breviorem</strong></span> <span class='ocrx_word' id='word_1_325' title='bbox 537 3241 648 3291; x_wconf 84' lang='lat' dir='ltr'><strong>aestivo.</strong></span> <span class='ocrx_word' id='word_1_326' title='bbox 826 3242 994 3306; x_wconf 68' lang='lat' dir='ltr'><strong>papnuntius</strong></span> <span class='ocrx_word' id='word_1_327' title='bbox 1009 3245 1034 3291; x_wconf 81' lang='lat' dir='ltr'><strong>ot</strong></span> <span class='ocrx_word' id='word_1_328' title='bbox 1048 3247 1133 3291; x_wconf 66' lang='lat' dir='ltr'><strong>ausin</strong></span> <span class='ocrx_word' id='word_1_329' title='bbox 1149 3242 1304 3305; x_wconf 70' lang='lat' dir='ltr'><strong>iwpoadm</strong></span> <span class='ocrx_word' id='word_1_330' title='bbox 1319 3247 1359 3291; x_wconf 81' lang='lat' dir='ltr'><strong>eat</strong></span> 
     </span>
    </p>

    <p class='ocr_par' dir='ltr' id='par_1_7' title="bbox 267 3314 1360 4276">
     <span class='ocr_line' id='line_1_34' title="bbox 300 3314 924 3380; baseline -0.002 -13"><span class='ocrx_word' id='word_1_331' title='bbox 300 3316 395 3367; x_wconf 60' lang='lat'><em>2228.</em></span> <span class='ocrx_word' id='word_1_332' title='bbox 423 3314 552 3365; x_wconf 70' lang='lat' dir='ltr'><strong>Puduiodo</strong></span> <span class='ocrx_word' id='word_1_333' title='bbox 575 3314 637 3380; x_wconf 79' lang='lat' dir='ltr'><strong>oet]</strong></span> <span class='ocrx_word' id='word_1_334' title='bbox 662 3318 791 3377; x_wconf 82' lang='lat' dir='ltr'><strong>«Statim,</strong></span> <span class='ocrx_word' id='word_1_335' title='bbox 829 3318 924 3369; x_wconf 62' lang='lat' dir='ltr'><strong>loom.</strong></span> 
     </span>
     <span class='ocr_line' id='line_1_35' title="bbox 268 3389 1358 3454; baseline -0.004 -12"><span class='ocrx_word' id='word_1_336' title='bbox 268 3404 331 3443; x_wconf 88' lang='lat' dir='ltr'><strong>oum</strong></span> <span class='ocrx_word' id='word_1_337' title='bbox 348 3404 363 3441; x_wconf 87' lang='lat' dir='ltr'><strong>e</strong></span> <span class='ocrx_word' id='word_1_338' title='bbox 381 3390 437 3441; x_wconf 79' lang='lat' dir='ltr'><strong>loro</strong></span> <span class='ocrx_word' id='word_1_339' title='bbox 454 3390 579 3452; x_wconf 87' lang='lat' dir='ltr'><strong>discessi,</strong></span> <span class='ocrx_word' id='word_1_340' title='bbox 597 3391 715 3442; x_wconf 80' lang='lat' dir='ltr'><strong>incidere</strong></span> <span class='ocrx_word' id='word_1_341' title='bbox 731 3406 792 3442; x_wconf 84' lang='lat' dir='ltr'><strong>rnr-</strong></span> <span class='ocrx_word' id='word_1_342' title='bbox 861 3392 947 3443; x_wconf 71' lang='lat' dir='ltr'><strong>29-3l.</strong></span> <span class='ocrx_word' id='word_1_343' title='bbox 967 3390 1094 3453; x_wconf 78' lang='lat' dir='ltr'><strong>Quidvis,</strong></span> <span class='ocrx_word' id='word_1_344' title='bbox 1112 3390 1209 3454; x_wconf 77' lang='lat' dir='ltr'><strong>insana]</strong></span> <span class='ocrx_word' id='word_1_345' title='bbox 1227 3389 1358 3439; x_wconf 84' lang='lat' dir='ltr'><strong>Vv.haoc</strong></span> 
     </span>
     <span class='ocr_line' id='line_1_36' title="bbox 268 3459 1359 3531; baseline -0.003 -13"><span class='ocrx_word' id='word_1_346' title='bbox 268 3479 315 3519; x_wconf 85' lang='lat' dir='ltr'><strong>sus</strong></span> <span class='ocrx_word' id='word_1_347' title='bbox 342 3466 415 3519; x_wconf 80' lang='lat' dir='ltr'><strong>soleo</strong></span> <span class='ocrx_word' id='word_1_348' title='bbox 444 3468 470 3517; x_wconf 89' lang='lat' dir='ltr'><strong>in</strong></span> <span class='ocrx_word' id='word_1_349' title='bbox 500 3464 607 3518; x_wconf 86' lang='lat' dir='ltr'><strong>turbam</strong></span> <span class='ocrx_word' id='word_1_350' title='bbox 633 3466 792 3519; x_wconf 87' lang='lat' dir='ltr'><strong>molestissi-</strong></span> <span class='ocrx_word' id='word_1_351' title='bbox 829 3459 1097 3531; x_wconf 88' lang='lat' dir='ltr'><strong>quasiinlormulam</strong></span> <span class='ocrx_word' id='word_1_352' title='bbox 1108 3466 1275 3516; x_wconf 81' lang='lat' dir='ltr'><strong>transierant.</strong></span> <span class='ocrx_word' id='word_1_353' title='bbox 1291 3466 1359 3515; x_wconf 81' lang='lat' dir='ltr'><strong>Pso-</strong></span> 
     </span>
     <span class='ocr_line' id='line_1_37' title="bbox 268 3538 1358 3606; baseline -0.005 -13"><span class='ocrx_word' id='word_1_354' title='bbox 268 3554 367 3593; x_wconf 79' lang='lat' dir='ltr'><strong>mam.»</strong></span> <span class='ocrx_word' id='word_1_355' title='bbox 400 3540 486 3593; x_wconf 74' lang='lat' dir='ltr'><strong>Nolim</strong></span> <span class='ocrx_word' id='word_1_356' title='bbox 503 3554 566 3592; x_wconf 89' lang='lat' dir='ltr'><strong>oum</strong></span> <span class='ocrx_word' id='word_1_357' title='bbox 584 3540 641 3593; x_wconf 89' lang='lat' dir='ltr'><strong>aliis</strong></span> <span class='ocrx_word' id='word_1_358' title='bbox 663 3543 791 3606; x_wconf 74' lang='lat' dir='ltr'><strong>iungere:</strong></span> <span class='ocrx_word' id='word_1_359' title='bbox 829 3543 896 3606; x_wconf 81' lang='lat' dir='ltr'><strong>pert.</strong></span> <span class='ocrx_word' id='word_1_360' title='bbox 911 3543 936 3602; x_wconf 84' lang='lat' dir='ltr'><strong>l,</strong></span> <span class='ocrx_word' id='word_1_361' title='bbox 953 3542 979 3603; x_wconf 79' lang='lat' dir='ltr'><strong>d,</strong></span> <span class='ocrx_word' id='word_1_362' title='bbox 997 3540 1026 3591; x_wconf 77' lang='lat'><strong>3:</strong></span> <span class='ocrx_word' id='word_1_363' title='bbox 1046 3540 1112 3603; x_wconf 82' lang='lat' dir='ltr'><strong>(inid</strong></span> <span class='ocrx_word' id='word_1_364' title='bbox 1126 3539 1170 3589; x_wconf 80' lang='lat' dir='ltr'><strong>titi</strong></span> <span class='ocrx_word' id='word_1_365' title='bbox 1185 3541 1233 3602; x_wconf 82' lang='lat' dir='ltr'><strong>uis,</strong></span> <span class='ocrx_word' id='word_1_366' title='bbox 1250 3538 1358 3589; x_wconf 66' lang='lat' dir='ltr'><strong>msa?</strong></span> 
     </span>
     <span class='ocr_line' id='line_1_38' title="bbox 267 3614 1356 3679; baseline -0.003 -13"><span class='ocrx_word' id='word_1_367' title='bbox 267 3616 596 3679; x_wconf 78' lang='lat' dir='ltr'><strong>pnodmipostmodootsit.</strong></span> <span class='ocrx_word' id='word_1_368' title='bbox 615 3617 792 3667; x_wconf 77' lang='lat' dir='ltr'><strong>Cunilamon</strong></span> <span class='ocrx_word' id='word_1_369' title='bbox 829 3616 904 3667; x_wconf 89' lang='lat' dir='ltr'><strong>Coni.</strong></span> <span class='ocrx_word' id='word_1_370' title='bbox 924 3616 979 3665; x_wconf 85' lang='lat' dir='ltr'><strong>Sat.</strong></span> <span class='ocrx_word' id='word_1_371' title='bbox 997 3617 1026 3675; x_wconf 84' lang='lat' dir='ltr'><strong>l,</strong></span> <span class='ocrx_word' id='word_1_372' title='bbox 1052 3616 1083 3675; x_wconf 68' lang='grc' dir='ltr'><strong>ἰ,</strong></span> <span class='ocrx_word' id='word_1_373' title='bbox 1108 3614 1150 3665; x_wconf 83' lang='grc'><strong>69.</strong></span> <span class='ocrx_word' id='word_1_374' title='bbox 1193 3616 1250 3665; x_wconf 92' lang='lat' dir='ltr'><strong>lam</strong></span> <span class='ocrx_word' id='word_1_375' title='bbox 1267 3614 1356 3665; x_wconf 87' lang='lat' dir='ltr'><strong>Codd.</strong></span> 
     </span>
     <span class='ocr_line' id='line_1_39' title="bbox 268 3688 1359 3752; baseline 0 -11"><span class='ocrx_word' id='word_1_376' title='bbox 268 3690 352 3750; x_wconf 88' lang='lat' dir='ltr'><strong>0d.l‚</strong></span> <span class='ocrx_word' id='word_1_377' title='bbox 370 3691 418 3751; x_wconf 75' lang='lat'><strong>28,</strong></span> <span class='ocrx_word' id='word_1_378' title='bbox 438 3690 483 3739; x_wconf 83' lang='lat'><strong>30:</strong></span> <span class='ocrx_word' id='word_1_379' title='bbox 506 3691 650 3741; x_wconf 71' lang='lat' dir='ltr'><strong>neotum</strong></span> <span class='ocrx_word' id='word_1_380' title='bbox 663 3693 792 3741; x_wconf 76' lang='lat' dir='ltr'><strong>Postisodo</strong></span> <span class='ocrx_word' id='word_1_381' title='bbox 829 3690 883 3740; x_wconf 91' lang='lat' dir='ltr'><strong>mei</strong></span> <span class='ocrx_word' id='word_1_382' title='bbox 909 3689 1048 3752; x_wconf 76' lang='lat' dir='ltr'><strong>antiquiss.</strong></span> <span class='ocrx_word' id='word_1_383' title='bbox 1076 3689 1141 3740; x_wconf 84' lang='lat' dir='ltr'><strong>satis</strong></span> <span class='ocrx_word' id='word_1_384' title='bbox 1168 3688 1359 3741; x_wconf 83' lang='lat' dir='ltr'><strong>demonstrant</strong></span> 
     </span>
     <span class='ocr_line' id='line_1_40' title="bbox 267 3762 1359 3827; baseline 0.004 -14"><span class='ocrx_word' id='word_1_385' title='bbox 267 3765 424 3827; x_wconf 66' lang='lat' dir='ltr'><strong>--pondom</strong></span> <span class='ocrx_word' id='word_1_386' title='bbox 444 3765 604 3815; x_wconf 75' lang='lat' dir='ltr'><strong>conmittm.</strong></span> <span class='ocrx_word' id='word_1_387' title='bbox 630 3792 657 3803; x_wconf 88' lang='lat'>—</span> <span class='ocrx_word' id='word_1_388' title='bbox 675 3767 742 3827; x_wconf 78' lang='lat' dir='ltr'><strong>qood</strong></span> <span class='ocrx_word' id='word_1_389' title='bbox 756 3768 793 3816; x_wconf 83' lang='lat' dir='ltr'><strong>mi</strong></span> <span class='ocrx_word' id='word_1_390' title='bbox 829 3777 924 3817; x_wconf 79' lang='lat' dir='ltr'><strong>omnes</strong></span> <span class='ocrx_word' id='word_1_391' title='bbox 939 3763 1019 3815; x_wconf 87' lang='lat' dir='ltr'><strong>huius</strong></span> <span class='ocrx_word' id='word_1_392' title='bbox 1036 3776 1107 3814; x_wconf 81' lang='lat' dir='ltr'><strong>vars.</strong></span> <span class='ocrx_word' id='word_1_393' title='bbox 1123 3765 1212 3815; x_wconf 84' lang='lat' dir='ltr'><strong>varias</strong></span> <span class='ocrx_word' id='word_1_394' title='bbox 1226 3762 1299 3815; x_wconf 83' lang='lat' dir='ltr'><strong>lectt.</strong></span> <span class='ocrx_word' id='word_1_395' title='bbox 1313 3764 1359 3817; x_wconf 91' lang='lat' dir='ltr'><strong>in·</strong></span> 
     </span>
     <span class='ocr_line' id='line_1_41' title="bbox 268 3836 1357 3904; baseline -0.002 -13"><span class='ocrx_word' id='word_1_396' title='bbox 268 3840 343 3901; x_wconf 81' lang='lat' dir='ltr'><strong>nisit,</strong></span> <span class='ocrx_word' id='word_1_397' title='bbox 356 3866 370 3877; x_wconf 94' lang='lat'>-</span> <span class='ocrx_word' id='word_1_398' title='bbox 381 3866 396 3877; x_wconf 96' lang='lat'><em>-</em></span> <span class='ocrx_word' id='word_1_399' title='bbox 406 3839 495 3903; x_wconf 66' lang='lat' dir='ltr'><strong>hudo]</strong></span> <span class='ocrx_word' id='word_1_400' title='bbox 515 3841 600 3891; x_wconf 63' lang='lat' dir='ltr'><strong>:Cum</strong></span> <span class='ocrx_word' id='word_1_401' title='bbox 617 3842 792 3904; x_wconf 75' lang='lat' dir='ltr'><strong>pronuntiare</strong></span> <span class='ocrx_word' id='word_1_402' title='bbox 828 3836 1035 3904; x_wconf 79' lang='lat' dir='ltr'><strong>terpolatoaibus</strong></span> <span class='ocrx_word' id='word_1_403' title='bbox 1051 3836 1158 3899; x_wconf 85' lang='lat' dir='ltr'><strong>deberi,</strong></span> <span class='ocrx_word' id='word_1_404' title='bbox 1182 3839 1229 3901; x_wconf 86' lang='lat' dir='ltr'><strong>qui</strong></span> <span class='ocrx_word' id='word_1_405' title='bbox 1243 3837 1357 3889; x_wconf 88' lang='lat' dir='ltr'><strong>omnino</strong></span> 
     </span>
     <span class='ocr_line' id='line_1_42' title="bbox 268 3910 1360 3979; baseline -0.004 -12"><span class='ocrx_word' id='word_1_406' title='bbox 268 3914 418 3979; x_wconf 84' lang='lat' dir='ltr'><strong>sponsionis</strong></span> <span class='ocrx_word' id='word_1_407' title='bbox 445 3911 600 3975; x_wconf 76' lang='lat' dir='ltr'><strong>formulam,</strong></span> <span class='ocrx_word' id='word_1_408' title='bbox 635 3928 704 3978; x_wconf 86' lang='lat' dir='ltr'><strong>quae</strong></span> <span class='ocrx_word' id='word_1_409' title='bbox 737 3915 793 3965; x_wconf 60' lang='lat' dir='ltr'><strong>ion</strong></span> <span class='ocrx_word' id='word_1_410' title='bbox 827 3930 855 3967; x_wconf 84' lang='lat' dir='ltr'><strong>v.</strong></span> <span class='ocrx_word' id='word_1_411' title='bbox 875 3915 920 3965; x_wconf 83' lang='lat' dir='ltr'><strong>titi</strong></span> <span class='ocrx_word' id='word_1_412' title='bbox 935 3912 1070 3965; x_wconf 72' lang='lat' dir='ltr'><strong>inculeare</strong></span> <span class='ocrx_word' id='word_1_413' title='bbox 1082 3915 1244 3965; x_wconf 76' lang='lat' dir='ltr'><strong>donarentur</strong></span> <span class='ocrx_word' id='word_1_414' title='bbox 1253 3910 1360 3978; x_wconf 82' lang='lat' dir='ltr'><strong>velpa·</strong></span> 
     </span>
     <span class='ocr_line' id='line_1_43' title="bbox 268 3986 1358 4052; baseline -0.003 -13"><span class='ocrx_word' id='word_1_415' title='bbox 268 3990 354 4050; x_wconf 83' lang='lat' dir='ltr'><strong>tasse,</strong></span> <span class='ocrx_word' id='word_1_416' title='bbox 378 3986 424 4038; x_wconf 86' lang='lat' dir='ltr'><strong>uhi</strong></span> <span class='ocrx_word' id='word_1_417' title='bbox 447 3988 571 4039; x_wconf 81' lang='lat' dir='ltr'><strong>creditori</strong></span> <span class='ocrx_word' id='word_1_418' title='bbox 589 4002 666 4041; x_wconf 88' lang='lat' dir='ltr'><strong>ame</strong></span> <span class='ocrx_word' id='word_1_419' title='bbox 686 3990 793 4042; x_wconf 83' lang='lat' dir='ltr'><strong>salisia-</strong></span> <span class='ocrx_word' id='word_1_420' title='bbox 829 4002 890 4040; x_wconf 84' lang='lat' dir='ltr'><strong>rum</strong></span> <span class='ocrx_word' id='word_1_421' title='bbox 902 3988 1079 4052; x_wconf 78' lang='lat' dir='ltr'><strong>intelligerent</strong></span> <span class='ocrx_word' id='word_1_422' title='bbox 1087 4001 1114 4038; x_wconf 84' lang='lat' dir='ltr'><strong>v.</strong></span> <span class='ocrx_word' id='word_1_423' title='bbox 1126 3986 1269 4051; x_wconf 63' lang='lat' dir='ltr'><strong>motai,</strong></span> <span class='ocrx_word' id='word_1_424' title='bbox 1280 3986 1358 4050; x_wconf 82' lang='lat' dir='ltr'><strong>quod</strong></span> 
     </span>
     <span class='ocr_line' id='line_1_44' title="bbox 269 4060 1355 4129; baseline -0.002 -15"><span class='ocrx_word' id='word_1_425' title='bbox 269 4062 395 4115; x_wconf 86' lang='lat' dir='ltr'><strong>claudum</strong></span> <span class='ocrx_word' id='word_1_426' title='bbox 412 4064 474 4123; x_wconf 84' lang='lat' dir='ltr'><strong>erit,</strong></span> <span class='ocrx_word' id='word_1_427' title='bbox 501 4064 523 4114; x_wconf 88' lang='lat' dir='ltr'><strong>si</strong></span> <span class='ocrx_word' id='word_1_428' title='bbox 541 4063 646 4115; x_wconf 83' lang='lat' dir='ltr'><strong>debitor</strong></span> <span class='ocrx_word' id='word_1_429' title='bbox 662 4065 720 4129; x_wconf 86' lang='lat' dir='ltr'><strong>ipsa</strong></span> <span class='ocrx_word' id='word_1_430' title='bbox 738 4063 793 4117; x_wconf 90' lang='lat' dir='ltr'><strong>sol·</strong></span> <span class='ocrx_word' id='word_1_431' title='bbox 829 4065 917 4115; x_wconf 90' lang='lat' dir='ltr'><strong>minus</strong></span> <span class='ocrx_word' id='word_1_432' title='bbox 941 4066 1016 4114; x_wconf 81' lang='lat' dir='ltr'><strong>rente</strong></span> <span class='ocrx_word' id='word_1_433' title='bbox 1041 4075 1057 4111; x_wconf 93' lang='lat' dir='ltr'><strong>a</strong></span> <span class='ocrx_word' id='word_1_434' title='bbox 1080 4060 1213 4113; x_wconf 91' lang='lat' dir='ltr'><strong>nonnullis</strong></span> <span class='ocrx_word' id='word_1_435' title='bbox 1238 4074 1302 4112; x_wconf 87' lang='lat' dir='ltr'><strong>oum</strong></span> <span class='ocrx_word' id='word_1_436' title='bbox 1328 4076 1355 4112; x_wconf 80' lang='lat' dir='ltr'><strong>v.</strong></span> 
     </span>
     <span class='ocr_line' id='line_1_45' title="bbox 268 4136 1360 4203; baseline 0 -16"><span class='ocrx_word' id='word_1_437' title='bbox 268 4138 356 4190; x_wconf 87' lang='lat' dir='ltr'><strong>vando</strong></span> <span class='ocrx_word' id='word_1_438' title='bbox 374 4151 426 4189; x_wconf 90' lang='lat' dir='ltr'><strong>non</strong></span> <span class='ocrx_word' id='word_1_439' title='bbox 445 4138 534 4199; x_wconf 75' lang='lat' dir='ltr'><strong>merit,</strong></span> <span class='ocrx_word' id='word_1_440' title='bbox 557 4138 621 4189; x_wconf 89' lang='lat' dir='ltr'><strong>mihi</strong></span> <span class='ocrx_word' id='word_1_441' title='bbox 639 4151 736 4190; x_wconf 84' lang='lat' dir='ltr'><strong>noxam</strong></span> <span class='ocrx_word' id='word_1_442' title='bbox 753 4141 793 4191; x_wconf 87' lang='lat' dir='ltr'><strong>at-</strong></span> <span class='ocrx_word' id='word_1_443' title='bbox 829 4140 886 4203; x_wconf 83' lang='lat' dir='ltr'><strong>opis</strong></span> <span class='ocrx_word' id='word_1_444' title='bbox 896 4137 1078 4200; x_wconf 68' lang='lat' dir='ltr'><strong>coniungitum</strong></span> <span class='ocrx_word' id='word_1_445' title='bbox 1091 4136 1292 4187; x_wconf 82' lang='lat' dir='ltr'><strong>numerationis</strong></span> <span class='ocrx_word' id='word_1_446' title='bbox 1303 4136 1360 4187; x_wconf 87' lang='lat' dir='ltr'><strong>llo-</strong></span> 
     </span>
     <span class='ocr_line' id='line_1_46' title="bbox 269 4210 1357 4276; baseline -0.003 -12"><span class='ocrx_word' id='word_1_447' title='bbox 269 4214 370 4273; x_wconf 79' lang='lat' dir='ltr'><strong>iaret;·</strong></span> <span class='ocrx_word' id='word_1_448' title='bbox 389 4226 421 4263; x_wconf 87' lang='lat' dir='ltr'><strong>ex</strong></span> <span class='ocrx_word' id='word_1_449' title='bbox 438 4210 554 4264; x_wconf 82' lang='lat' dir='ltr'><strong>Thaletis</strong></span> <span class='ocrx_word' id='word_1_450' title='bbox 570 4212 626 4275; x_wconf 84' lang='lat' dir='ltr'><strong>vel,</strong></span> <span class='ocrx_word' id='word_1_451' title='bbox 645 4216 676 4265; x_wconf 89' lang='lat' dir='ltr'><strong>ut</strong></span> <span class='ocrx_word' id='word_1_452' title='bbox 691 4212 735 4265; x_wconf 88' lang='lat' dir='ltr'><strong>alii</strong></span> <span class='ocrx_word' id='word_1_453' title='bbox 747 4228 793 4265; x_wconf 87' lang='lat' dir='ltr'><strong>vo-</strong></span> <span class='ocrx_word' id='word_1_454' title='bbox 828 4214 947 4265; x_wconf 84' lang='lat' dir='ltr'><strong>ratianae</strong></span> <span class='ocrx_word' id='word_1_455' title='bbox 957 4210 1056 4263; x_wconf 70' lang='lat' dir='ltr'><strong>invitati</strong></span> <span class='ocrx_word' id='word_1_456' title='bbox 1066 4213 1241 4276; x_wconf 71' lang='lat' dir='ltr'><strong>repugnarat:</strong></span> <span class='ocrx_word' id='word_1_457' title='bbox 1255 4211 1357 4268; x_wconf 58' lang='lat' dir='ltr'><strong>hm,</strong></span> 
     </span>
    </p>
   </div>
   <div class='ocr_carea' id='block_1_5' title="bbox 0 0 1474 4892">
    <p class='ocr_par' dir='ltr' id='par_1_8' title="bbox 0 0 1474 4892">
     <span class='ocr_line' id='line_1_47' title="bbox 0 0 1474 4892; baseline 0 0"><span class='ocrx_word' id='word_1_458' title='bbox 0 0 1474 4892; x_wconf 95' lang='lat' dir='ltr'><strong> </strong></span> 
     </span>
    </p>
   </div>
  </div>
 </body>
</html>
