2925 4892
538 390 760 441 4444444444.
1136 390 1198 453 737

148 544 258 611 Lutior
280 543 428 631 amplecti
453 564 564 611 murus
585 546 727 631 vinoque
750 544 865 611 diurno

149 664 274 732 Plecari
298 665 419 732 Genius
442 665 531 732 lestis
554 668 685 753 impune
707 665 839 741 diebus,
1137 666 1200 731 2l0
1254 668 1255 673 ’

149 787 296 853 Accessit
316 786 526 873 numerisque
548 786 719 873 modisque
743 786 870 867 licentia¹
892 788 1010 865 maior3

150 906 304 973 Indoctus
327 906 406 993 quid
427 907 515 973 enim
536 918 668 993 saperet
689 906 837 995 liberque
862 906 1008 973 laborum

148 1029 300 1095 Rusticus
322 1026 446 1093 urbano
469 1027 636 1102 confusus,
661 1029 763 1115 turpis
788 1028 946 1095 honesto?

151 1149 206 1215 Sic
229 1148 356 1235 priscae
380 1158 569 1235 motumque
590 1159 623 1214 et
644 1148 804 1214 luxuriem
827 1148 949 1214 addidit
971 1151 1031 1215 arti

153 1269 283 1335 Tibicen
306 1269 465 1356 traxitque
487 1290 588 1355 vagus
612 1290 671 1355 per
692 1268 815 1355 pulpita
837 1279 978 1347 vestem;
1137 1272 1199 1337 tiit

142 1430 194 1478 teri
207 1429 331 1488 Pultierii,
351 1441 446 1478 omnes
458 1430 526 1478 Fene
538 1432 565 1478 et
581 1430 664 1479 nostri
677 1428 852 1492 nostsscdp.)
870 1452 896 1465 -
911 1431 967 1479 209.
981 1430 1079 1480 444444
1090 1433 1170 1483 Bent-

143 1502 212 1553 leius
229 1505 390 1553 coniectum.
411 1532 437 1538 -
456 1505 564 1565 implenti
581 1506 608 1554 Β,

107 1658 155 1705 ro,
172 1648 261 1705 putero
277 1642 377 1692 44444444,
393 1666 420 1679 -
434 1644 537 1693 Platori
548 1646 641 1695 Genius
678 1645 705 1704 ἰ,
718 1645 743 1703 2,
759 1644 822 1693 449;
842 1658 1043 1707 opmmoucuo,
1065 1648 1165 1711 Eppi,
1179 1651 1201 1705 4,

110 1718 175 1781 cet]
194 1717 233 1767 Ci.
247 1718 313 1780 Epp.
326 1717 355 1777 2,
372 1718 396 1777 4,
412 1718 467 1770 444.
483 1743 510 1753 -
530 1719 639 1783 impone]
678 1717 741 1769 ilo:
761 1720 988 1781 monasterinm
1002 1722 1063 1783 festo
1075 1723 1204 1784 corporet

110 1804 181 1842 «nee
188 1790 639 1855 moreinmneciegeidvetentep
676 1793 759 1855 ipsum
775 1794 896 1843 animum.
917 1794 947 1843 V.
966 1794 1028 1845 liber
1045 1810 1106 1846 cum
1119 1798 1201 1859 genii.

110 1868 192 1916 «sine
209 1866 284 1914 metu
301 1863 412 1915 alieuius
424 1868 639 1916 etreverentien
678 1869 719 1917 est
737 1870 900 1918 constructio
918 1869 973 1919 iere
991 1872 1104 1933 poetico.
1132 1871 1201 1933 virg.

111 1944 200 1991 Conni.
219 1940 299 1995 Ceno.
318 1966 347 1975 -
372 1942 642 2002 numerisquemoois·
678 1945 743 1990 Aen.
758 1942 801 2002 tt,
823 1942 1204 2008 ⁴5t21toorosati‚nittsarn,

110 2013 169 2077 que]
182 2014 331 2075 «rhythmis
344 2028 377 2064 no
389 2013 639 2065 modulationibus·
678 2015 727 2065 sed
739 2014 801 2065 illud
815 2017 903 2065 41444444
911 2019 1069 2076 Mucianum
1085 2019 1205 2069 Lucanus

111 2092 203 2139 Gnoss.
224 2086 330 2137 Codicis
342 2089 370 2137 Τ.
384 2088 570 2153 Ci.i3pp.²,t,
581 2088 638 2139 444.
679 2091 708 2147 6,
727 2090 790 2139 aot:
812 2090 890 2139 libera
908 2091 991 2154 1494444
1008 2094 1101 2151 4144444;
1129 2092 1206 2143 Silius

113 2190 142 2199 -
156 2164 272 2211 1444144444
283 2162 346 2225 cel]
364 2164 435 2212 «iios
446 2176 541 2214 versus
553 2178 640 2227 neque
679 2164 703 2222 5,
717 2164 780 2213 ets:
801 2169 884 2227 erepto
901 2168 1025 2215 eminendi
1041 2166 1121 2215 libero
1137 2168 1206 2217 coelo

112 2236 260 2286 eiiciendos
286 2238 361 2295 icum
387 2235 525 2299 Puldem0)
552 2250 640 2300 neque
679 2238 830 2299 (iuventus).
848 2262 874 2274 -
894 2240 983 2301 turpis]
1006 2240 1127 2290 «infimae
1145 2254 1205 2291 sor-

112 2310 329 2374 trnnsponendos
355 2311 429 2373 (post
448 2325 475 2359 v.
496 2310 554 2361 444.
579 2324 641 2361 oum
679 2310 713 2359 tis
731 2312 880 2363 homiues.»

113 2383 240 2447 Eugeiio)
268 2396 331 2434 esse
360 2382 436 2434 iucile
464 2386 640 2449 perspicitur,
711 2384 770 2435 tii.
784 2387 840 2435 eto.
864 2388 970 2449 motum]
989 2391 1116 2453 κίνησιν,
1136 2389 1206 2439 4444-

113 2458 264 2510 dummodo
280 2458 315 2507 ud
332 2472 378 2516 en.
400 2472 514 2522 quorum
533 2472 642 2509 censum
678 2460 856 2523 tastiyteit.
875 2462 1010 2524 Significat
1025 2464 1102 2525 igitur
1113 2476 1206 2513 nume·

114 2533 248 2592 indicunt,
275 2531 434 2583 referuntur.
475 2534 541 2583 Sunt
565 2534 643 2595 igitur
680 2545 725 2581 ros
749 2533 899 2597 modosque
921 2534 1066 2587 celeriores
1083 2540 1110 2585 et
1127 2536 1206 2586 saliu-

114 2606 307 2666 comunem,
326 2608 372 2669 qui
387 2607 560 2670 praecedunt.
579 2620 642 2655 ver·
679 2606 781 2657 tionem
790 2608 830 2657 his
840 2610 1079 2659 accommodatum:
1091 2624 1122 2660 ex
1132 2614 1207 2673 perte

114 2682 192 2733 sibus
201 2681 393 2744 coniungendi3
406 2681 551 2731 ostendunt
559 2682 641 2741 enim,
681 2680 762 2731 etiem
787 2680 820 2730 de
845 2680 983 2731 tibicinum
1007 2682 1207 2744 gesticulatione

115 2769 167 2806 cur
177 2756 279 2805 musica
290 2756 399 2805 scenice
411 2768 464 2804 non
475 2755 550 2818 prius
561 2768 576 2804 4
587 2756 644 2819 pri·
681 2753 866 2817 accipiendum
891 2754 1008 2815 videtur,
1035 2758 1064 2805 ut
1084 2754 1207 2819 colligere

114 2842 164 2881 sca
172 2828 215 2879 illu
223 2826 390 2893 simplicitate
400 2828 552 2889 desciverit,
563 2839 644 2890 quom
680 2826 742 2878 licei
764 2840 796 2877 ex
815 2827 960 2879 Aristotelis
984 2827 1043 2879 loco
1061 2842 1122 2879 mox
1141 2830 1208 2880 uile-

115 2917 171 2967 quo
189 2905 311 2966 tempore
328 2901 457 2967 populus,
477 2902 576 2966 qnippe
590 2914 645 2951 mn·
681 2902 776 2952 nendo.
799 2930 824 2937 -
847 2902 986 2967 iunnriern]
1006 2902 1069 2953 Plin.
1084 2904 1113 2953 Η.
1128 2904 1207 2963 Nlo,

115 2980 177 3041 gnis
192 2978 311 3028 victoriis
327 2981 436 3041 potens,
455 2975 542 3027 mollis
559 2979 587 3026 et
603 2975 645 3025 lu·
682 2976 723 3037 36,
738 2976 786 3026 66:
801 2982 938 3039 postquem
950 2980 1062 3028 44444144
1073 2979 1209 3028 4444444144

115 3052 242 3103 ruriosus
253 3051 340 3103 luctus
351 3052 409 3102 dies
420 3046 567 3115 noclesque
579 3064 646 3099 con·
681 3054 771 3100 444444
792 3062 890 3113 ermque
908 3052 1039 3101 luxuria
1056 3054 1106 3102 cet.
1138 3054 1209 3103 ilaec

116 3127 192 3177 viriis
215 3128 242 3176 et
265 3124 507 3191 compotationibus
529 3124 644 3188 benigne
683 3138 748 3174 sene
766 3126 918 3176 referuntur
936 3129 1014 3177 etiem
1032 3127 1210 3179 4411444444-

116 3214 147 3252 se
168 3203 283 3251 44444444
305 3201 465 3264 coepisset.»
492 3198 594 3261 Hilgers
616 3201 647 3248 oo
683 3211 745 3248 rum
758 3200 1043 3252 musienmscenicam.
1058 3201 1209 3253 Cl.Cic.de

117 3280 147 3339 0.
162 3276 193 3325 Η.
213 3276 241 3323 41.
253 3275 333 3336 Epist.
346 3276 380 3325 441
396 3275 444 3326 Pis.
457 3287 484 3337 p.
496 3273 537 3324 39.
557 3274 647 3333 «Quo-
685 3274 763 3335 Legg.
777 3274 808 3333 2,
826 3275 866 3334 45,
877 3274 921 3323 39:
943 3276 990 3325 1444
1009 3277 1107 3337 quidem
1126 3277 1210 3337 (theu-

117 3349 200 3401 modo
218 3350 321 3410 enim,»
344 3349 442 3412 inquit,
462 3347 647 3397 «4441444444-
685 3348 749 3407 tro),
775 3360 840 3407 quoe
861 3347 970 3397 solebant
992 3350 1119 3409 qnondam
1141 3363 1210 3398 com-

117 3436 171 3487 que
198 3425 266 3473 444444
290 3423 400 3473 confuse
423 3423 489 3471 44444
506 3420 647 3472 multitudo
680 3422 748 3481 pieri
768 3422 899 3470 4444444444
923 3422 1033 3471 tomeun
1054 3423 1166 3471 lictoris
1188 3428 1211 3472 et

117 3511 200 3549 verne
217 3510 250 3547 nc
267 3496 395 3562 simplicis
406 3498 525 3547 musicae
536 3509 647 3546 sensum
684 3495 822 3544 Naevianis
837 3496 931 3555 modis,
950 3508 1016 3543 nnnc
1031 3499 1059 3543 44
1071 3497 1212 3545 4441444444-

118 3588 151 3625 ec
168 3572 297 3623 iudicium
315 3572 489 3621 retinuisset?
512 3571 649 3619 1444444444-
684 3570 794 3630 4444441,
812 3574 840 3618 ut
857 3570 963 3619 cervices
974 3569 1105 3629 certiorque
1113 3570 1212 3631 paritor

118 3648 191 3711 genti
200 3658 269 3697 sono
277 3646 444 3709 strepituque
454 3644 649 3706 tibiarumguu·
684 3657 742 3693 oren
765 3645 896 3692 modorum
915 3642 1065 3707 pictionibus
1081 3648 1195 3704 torquent
1204 3648 1212 3693 .'

118 3720 204 3771 debat
219 3718 331 3769 turbe.»
351 3748 378 3756 -
397 3719 508 3781 liberque
524 3718 648 3780 1444444444]
688 3746 715 3753 -
734 3718 822 3781 napus]
845 3718 940 3767 amodo
958 3718 1136 3779 dextrorsum,
1157 3730 1213 3767 mo·

118 3808 199 3845 «oum
216 3793 314 3844 diebus
331 3792 403 3843 lestis
420 3792 455 3841 ob
473 3805 553 3856 opere
572 3794 650 3843 rusti·
686 3792 721 3842 do
747 3793 943 3853 sinistrorsum,
971 3794 1082 3842 chorum
1100 3806 1212 3856 proece-

118 3884 152 3921 co
170 3871 346 3933 requiescens
358 3867 610 3931 unicevolupiutem
622 3872 649 3918 et
687 3868 780 3917 denen
794 3866 851 3918 Adi.
870 3882 950 3931 capris
967 3881 1031 3918 sune
1051 3870 1113 3917 κατ’
1132 3870 1213 3937 εἰρω-

119 3943 262 3995 oculorum
273 3944 433 4006 auriumque
443 3941 649 3993 oblectationem
687 3943 778 4002 νεὶαν,
803 3944 832 3991 ul
851 3941 924 3991 incile
943 3940 1095 3992 recorderis
1111 3943 1213 3991 Aristo-

119 4019 265 4083 quuererel
282 4016 388 4067 indocto
401 4010 594 4080 (ἀπαίδευτος)
607 4017 648 4067 illo
687 4016 746 4067 telis
763 4018 835 4065 Poiel.
851 4017 909 4078 (26.)
928 4017 972 4078 27,
990 4016 1020 4066 3:
1043 4012 1152 4080 πολλὴν
1169 4018 1213 4067 κί-

119 4098 149 4144 41
164 4094 298 4157 permixto
316 4106 348 4142 ex
369 4092 493 4142 omnibus
510 4093 649 4143 hominum
687 4106 771 4156 νησιν
789 4086 951 4153 ninnivem,
978 4086 1042 4140 οἷον
1059 4088 1213 4152 οἱφαῦλοι

120 4165 267 4231 generibus
278 4167 446 4217 multitudo.»
462 4166 647 4227 etonem,
687 4161 811 4230 αὐληταὶ
836 4162 1020 4231 monoperae,
1050 4160 1089 4214 ἄν
1113 4163 1214 4215 oleron

122 4244 168 4292 tii:
189 4242 254 4293 044444
263 4240 366 4302 {amulio
375 4254 480 4305 oneum
488 4242 581 4291 4414444.
595 4242 647 4290 Sat.
687 4240 738 4314 δέῃ
755 4242 925 4306 μιμεῖσθαι,
948 4242 997 4291 κα1
1014 4234 1145 4302 ἕλκοντες
1164 4236 1213 4290 τὸν

211 4333 302 4379 444444.
321 4344 376 4378 ron.
393 4332 420 4378 14.
452 4345 490 4379 nn.
509 4346 559 4378 4444.
578 4332 613 4378 ili.
982 4332 1010 4377 47
