2925 4892
523 399 744 452 snsrosrrcn.
1118 393 1180 458 765

134 563 201 626 Nec
226 577 358 644 semper
378 555 471 623 lorict
492 554 711 641 quodcunque
734 553 905 620 minabitur
926 573 1031 620 arcus.
1118 550 1180 616 35⁰

134 682 254 746 Verum
278 678 334 744 ubi
357 676 449 764 plura
473 677 627 742 nitentia
647 675 804 750 carmine,
829 693 893 740 non
915 694 976 761 ego
997 674 1110 760 paucis

135 799 294 866 Offendar
314 795 464 873 maculis,
487 817 570 884 quas
592 806 647 862 aut
667 795 792 862 incuria
813 795 893 862 ludit

135 925 199 985 dut
219 918 362 985 humana
383 937 498 1007 parum
518 917 603 984 cavit
623 927 747 983 natura.
792 916 876 996 Quid
898 937 976 1003 crgo
999 917 1072 984 est?

137 1039 177 1108 Ut
199 1039 338 1126 scriptor
360 1039 386 1106 si
408 1048 523 1125 peccat
545 1036 631 1104 idem
652 1036 802 1103 librarius
827 1057 947 1123 usque,

137 1160 293 1239 Quamvis
316 1169 366 1225 est
387 1159 541 1234 monitus,
565 1159 659 1223 venia
680 1167 787 1236 caret3
810 1169 844 1222 ut
866 1156 1071 1224 citharoedus
1120 1159 1181 1224 355

139 1279 287 1355 Ridetor‚
310 1279 433 1346 chorda
454 1280 510 1366 qui
531 1299 662 1366 semper
683 1278 814 1345 oberrat
835 1277 966 1346 eadem:

127 1450 211 1500 edere
237 1448 344 1499 volebat
369 1449 511 1511 Cruqulus.
532 1475 559 1484 -
578 1447 635 1498 380.
654 1461 800 1510 animmque
815 1449 894 1520 pr,d
911 1451 939 1499 ei
955 1448 996 1499 alil
1015 1451 1098 1500 codd.
1121 1481 1146 1488 -

126 1523 185 1574 353.
203 1527 287 1584 erpost
302 1523 336 1582 B,
354 1535 415 1585 erpo
432 1522 541 1582 (omisso
557 1520 641 1571 verbo
658 1521 833 1584 substantivo]
852 1523 913 1574 Lct.
934 1551 961 1560 -
980 1523 1036 1574 aet.
1054 1525 1087 1574 Et
1103 1539 1149 1576 su-

125 1609 230 1661 perscr.
248 1609 268 1644 e
288 1595 315 1646 b.
336 1623 364 1632 -
383 1596 440 1646 aed.
459 1601 483 1644 et
505 1595 565 1646 libi·
586 1597 613 1644 et
634 1609 703 1646 corr.
723 1609 746 1645 c.
767 1597 802 1657 (ut
819 1597 835 1645 S
854 1599 881 1646 et
897 1610 937 1660 pr.
958 1611 985 1657 c,
1005 1615 1039 1648 ιω
1053 1602 1080 1649 et
1090 1613 1146 1649 ver.

126 1671 188 1720 leci.
207 1671 246 1730 σ.)
267 1697 294 1705 —
314 1669 371 1719 3⁶6.
390 1669 487 1720 oleret
502 1669 541 1718 bT
560 1671 620 1732 (oon
637 1671 728 1733 sscd).

94 1811 122 1858 ti
140 1807 262 1860 evolsum
280 1821 341 1860 esse
358 1810 393 1859 ab
410 1811 456 1871 iis,
474 1811 519 1872 qui
531 1809 623 1860 melio-
659 1808 803 1872 discipulos
824 1809 914 1860 docuit
935 1823 1052 1874 nuperus
1073 1813 1181 1875 quidum

93 1895 156 1934 rem
173 1884 244 1933 Artis
260 1885 381 1946 poeticae
398 1885 520 1934 ordinem
539 1897 621 1947 qoam
660 1883 760 1942 editor,
780 1883 829 1933 sed
841 1883 953 1948 simplex
964 1883 1090 1935 loturum.
1103 1913 1130 1923 -
1143 1889 1183 1951 fn·

95 1958 143 2021 qui
160 1954 261 2020 placuit
277 1959 384 2007 Horatio
399 1959 448 2022 ipsi
460 1960 621 2009 constituere
659 1958 703 2020 dit]
721 1957 862 2008 Continuat
883 1958 1066 2021 metaphoram
1088 1973 1183 2011 mecu-

94 2031 186 2081 eonati
194 2033 278 2080 suoi‘l
294 2032 337 2081 Sic
347 2031 504 2082 bouhierius
512 2045 555 2080 vv.
563 2030 623 2081 iil·
659 2030 713 2090 lae,
741 2041 810 2091 quae
832 2030 937 2081 fortuita
958 2031 1049 2096 liquidi
1072 2033 1183 2086 alicuius

94 2107 155 2156 ³6⁰.
173 2104 313 2156 collocavit
327 2109 389 2169 post
405 2119 431 2155 v.
444 2106 512 2166 itte,
530 2104 623 2156 llolle-
659 2105 814 2167 aspersione
823 2105 914 2154 oritur.
925 2106 1005 2156 simul
1015 2109 1114 2172 optime
1122 2121 1184 2161 con·

94 2182 161 2229 veut
177 2181 239 2243 posi
254 2179 350 2230 uili.
376 2179 430 2230 Sed
452 2181 560 2243 praeter
576 2191 623 2229 su·
658 2179 732 2229 venit
748 2179 869 2228 insaniae.

93 2255 189 2318 perias
205 2254 258 2302 boc
274 2265 358 2303 onum
375 2252 528 2317 exemplum
547 2254 622 2304 istius

93 2328 215 2377 insaniae
232 2327 352 2387 criticae,
370 2340 468 2391 quuea
483 2329 623 2377 Francisco
691 2327 813 2379 353-356.
833 2331 898 2391 Quid
909 2345 967 2396 erpo
979 2334 1039 2398 esti]
1056 2335 1181 2398 avorum,

94 2402 205 2452 Sanctio
217 2402 346 2465 originem
355 2403 442 2464 traxit,
452 2401 534 2452 enimi
543 2415 622 2452 causa
660 2403 689 2449 ut
704 2402 815 2462 videon
833 2405 931 2467 inquit,
958 2407 1115 2459 niustissima
1132 2410 1183 2460 hac

94 2489 265 2528 memorasse
283 2475 403 2527 sufficiet.
432 2477 550 2527 cerritus
567 2477 624 2540 qui-
660 2476 830 2525 excusatione
859 2477 933 2527 abuti
965 2483 1077 2543 possunt
1104 2484 1183 2534 etiam

95 2551 162 2602 dem
188 2547 231 2600 ille
256 2551 408 2600 Praedilroe
428 2550 464 2600 ab
481 2551 532 2601 bac
550 2553 622 2600 certe
660 2547 1184 2612 malipoetao‚quorumdelenslonliem-

95 2623 206 2675 stultiiiu
218 2623 366 2686 sibleavit.)
378 2625 441 2673 Tota
454 2627 623 2675 eutembaec
660 2623 713 2671 ium
733 2633 900 2674 occurram.»
923 2626 1010 2686 Patet,
1032 2629 1061 2678 ut
1080 2630 1182 2694 opinor,

94 2699 220 2749 doctfimr
229 2698 263 2748 de
273 2698 394 2748 modeste
403 2699 625 2750 iudicandisscri-
659 2709 702 2744 vv.
716 2695 764 2746 all
775 2697 859 2747 -353:
884 2698 948 2748 Sunt
958 2725 972 2735 -
981 2725 995 2736 -
1006 2702 1074 2750 cavit
1089 2709 1184 2754 notua

93 2773 221 2840 ptonbos
238 2774 370 2836 primariis
387 2774 493 2836 egregie
505 2773 622 2836 exposite
660 2782 831 2834 nequaquam
843 2783 903 2821 curn
915 2774 1104 2837 lnterpretibus
1116 2790 1185 2828 nou-

95 2850 141 2899 esi
152 2859 169 2897 a
182 2847 309 2910 Dionysio
320 2848 436 2910 Longino
448 2847 488 2897 33.
502 2862 528 2911 p.
543 2847 583 2898 iil.
597 2849 625 2896 ei
660 2842 738 2894 nullis
762 2843 918 2896 tribuendos
936 2860 996 2896 esre
1014 2847 1076 2898 iloto
1092 2851 1183 2901 nescio

94 2921 139 2972 36.
158 2934 186 2984 p.
199 2921 241 2970 52.
258 2921 358 2983 Emer:
376 2919 493 2971 ἐκείνων
504 2918 561 2970 τῶν
572 2914 624 2970 ἀν·
661 2917 704 2966 cui
721 2916 888 2980 edversario¹
908 2920 955 2970 sed
969 2921 1073 2973 intimos
1087 2925 1184 2976 lloratil

95 2993 175 3066 δρῶν
193 2991 251 3042 τῶν
267 2991 298 3044 ἐν
314 2988 412 3059 λόγοις
431 2993 624 3061 μεγαλοφυῶν
662 3003 757 3041 seusus
783 2993 941 3055 exprimere.
979 2997 1035 3044 «at
1059 2997 1081 3046 si
1106 2997 1185 3048 iutilis

96 3062 226 3130 ἕκαστος
239 3061 353 3117 ἅπαντα
362 3065 400 3117 τὰ
409 3065 571 3133 σφάλματα
582 3068 625 3119 ἑνὶ
663 3066 777 3129 scriptor
786 3065 881 3118 eadem
891 3069 1045 3132 purgatione
1054 3073 1184 3134 osmerii,

96 3142 247 3208 ἐξωνεῑται
263 3139 400 3206 πολλάκις
421 3141 625 3215 κατορθώματι
662 3139 731 3189 illico
749 3153 812 3190 eum
830 3141 1005 3194 refutabimus
1017 3145 1096 3208 etque
1108 3148 1185 3197 venia

95 3218 160 3270 κτλ.
175 3243 204 3256 -
217 3231 296 3280 neqtte
311 3219 405 3268 cnordo
420 3218 482 3281 eet]
501 3220 626 3281 Proponit
661 3227 773 3277 prorsus
796 3215 931 3279 iudignum
949 3216 1135 3269 habebimus.»
1156 3247 1184 3258 -

97 3291 200 3358 duplex
218 3290 372 3356 exemplum
385 3292 483 3342 erroris
494 3305 548 3341 non
559 3305 626 3342 coo·
661 3290 960 3352 sapientior-artes]
987 3304 1114 3352 seorsus,
1141 3295 1187 3356 qui

96 3367 170 3421 sulio
180 3369 228 3417 eut
238 3366 327 3418 iudicii
338 3367 466 3430 pravitate
478 3367 624 3426 commissi,
662 3360 745 3412 libros
762 3363 889 3414 describit
899 3363 941 3414 vel
954 3365 1061 3415 domino
1072 3365 1187 3417 litterato

96 3441 151 3494 god
166 3441 257 3504 potius
271 3441 626 3504 imbumentlsminusper-
656 3435 705 3485 'vel
725 3434 919 3501 bibliopolam»
942 3437 975 3487 de
999 3451 1113 3501 quorum
1139 3453 1187 3490 ne-

97 3517 178 3568 lectis
198 3517 246 3564 aut
265 3514 307 3564 elii
324 3516 398 3564 casui
414 3513 562 3564 tribuendi:
589 3513 626 3564 si·
663 3508 785 3572 gligenlia
802 3523 882 3574 saepe
900 3511 1044 3574 scriptores
1067 3525 1187 3576 conqua-

98 3588 181 3640 miles
202 3591 293 3638 auum
315 3590 397 3638 etium
419 3589 446 3637 io
464 3586 627 3638 carminibus
663 3585 766 3634 runtur.
786 3585 839 3634 Cic.
852 3583 885 3633 ad
900 3585 931 3644 Q.
945 3584 1053 3636 fratrem
1065 3585 1093 3648 3,
1113 3589 1142 3646 li,
1156 3587 1185 3637 6:

96 3661 251 3729 pangendis
268 3662 391 3711 accidere
408 3661 627 3712 casusedversos
663 3657 931 3719 bebdomadibus),
959 3671 1008 3720 quo
1024 3673 1064 3710 me
1079 3665 1186 3724 vertam,

97 3736 266 3802 significans,
284 3734 383 3798 quibos
396 3747 458 3784 mox
470 3737 628 3784 annumerat
663 3733 744 3781 nmio
755 3747 763 3780 .·
785 3733 823 3781 tto
838 3733 952 3783 mendose
967 3739 991 3783 et
1006 3733 1149 3785 scnium
1165 3743 1189 3787 el

98 3813 184 3862 etiem
202 3809 331 3860 incuriam
352 3807 468 3872 aliquam
486 3808 627 3858 excusabl·
662 3811 776 3856 menni.
802 3805 912 3856 liertial.
925 3809 950 3870 Ξ,
963 3807 988 3868 8,
1001 3807 1031 3857 3:
1049 3809 1139 3859 Nomii
1156 3811 1188 3860 ll·

97 3886 156 3938 lem
173 3881 217 3932 vel
234 3883 367 3933 humanae
383 3885 494 3932 naturae
505 3883 628 3946 quamvis
664 3880 766 3930 boios
776 3881 825 3929 illis
840 3879 962 3944 (ciariis).
974 3907 1002 3918 -
1013 3889 1100 3945 peccet
1113 3883 1188 3949 iden]

98 3956 629 4025 perfectissimaquacqueallectantisin·
664 3967 714 4019 pro
735 3953 850 4017 volgari:
879 3955 923 4005 «lu
944 3956 1040 4008 eodem
1059 3960 1185 4022 peccat‚n

99 4033 268 4084 firmitatem.
287 4057 315 4066 -
332 4030 480 4093 minobitm]
499 4030 628 4080 «minebi-
666 4029 758 4079 «idern
779 4029 920 4093 peccatum
940 4043 1049 4094 semper
1065 4033 1188 4081 commit-

101 4112 148 4156 tur
164 4105 257 4165 ierim,
275 4115 330 4166 quo
346 4116 410 4154 eum
423 4105 550 4167 sugittmii
567 4117 629 4154 ocu·
665 4105 721 4153 tit.»
748 4103 790 4152 Sic
808 4103 887 4153 eiiam
905 4104 1094 4155 Cicdelll).
1109 4105 1186 4166 ela,

101 4180 146 4230 lus
162 4189 314 4241 manusque
331 4177 443 4241 dirigit.»
457 4206 484 4214 -
501 4177 629 4243 Offendor]
666 4178 694 4228 34
710 4192 715 4225 ;
733 4177 867 4240 Xenophon
877 4201 914 4214 --
925 4179 1011 4228 eodem
1025 4179 1078 4241 sere
1091 4183 1186 4240 peccel.

102 4255 165 4304 lion
181 4253 225 4302 est
241 4250 354 4302 «modus
372 4250 583 4314 coniecturum»
601 4254 631 4302 ui
669 4279 696 4290 -
714 4251 824 4316 derat]
848 4253 912 4314 «qui
933 4253 958 4302 io
976 4251 1072 4304 eedem
1089 4251 1188 4304 chorda
