2925 4892
260 328 322 396 ,138
641 334 770 387 {tonarii
788 335 968 389 SATIRARUM

302 490 438 554 44444444
460 488 613 566 lormid0;
636 510 709 555 nem
734 488 820 555 fures
843 489 955 555 dextra
977 496 1109 557 co'e'rcet

302 610 546 697 Obscoenoque
568 608 667 676 ruber
687 619 857 697 porrectus
880 609 921 676 sb
945 612 1075 698 inguine
1098 609 1206 700 palus;
1330 615 1349 675 5

302 733 358 795 list
380 732 578 820 importunas
600 731 749 799 volucres
776 734 808 797 44
828 732 949 801 vertice
972 731 1096 799 arundo

302 854 414 919 Terret
434 852 499 919 fixa
519 861 672 941 vetatque
694 855 784 920 novis
807 854 979 923 considere
1001 856 1033 920 44
1055 853 1165 922 hortis.

301 976 371 1041 lluc
395 974 484 1062 prius
509 975 653 1061 angustis
675 976 777 1041 eiecta
799 974 960 1043 cadavera
981 973 1071 1042 cellis

325 1186 378 1234 Sat.
396 1184 461 1234 VIII.
496 1183 520 1232 4.
537 1184 597 1245 fimo
613 1182 665 1231 Fea
682 1182 750 1230 coni.
771 1182 809 1242 [Ut
826 1193 889 1241 nos,
909 1182 992 1230 nostri
1010 1183 1037 1231 44
1055 1182 1169 1232 Ρο4444444
1184 1186 1298 1247 omnes.)

260 1362 320 1426 qaid
333 1361 419 1423 puello
434 1359 520 1411 tides?
535 1360 594 1408 Noa
609 1371 649 1409 aas
663 1358 785 1408 Procla-
821 1356 928 1409 bomius
953 1358 1037 1409 Maec.
1058 1370 1086 1423 p.
1106 1358 1163 1411 474.
1182 1359 1247 1411 dicit
1269 1362 1350 1413 0444-

259 1438 293 1487 444
303 1438 428 1497 84444444
442 1435 514 1498 facit,
531 1436 582 1484 Nee
599 1447 655 1483 4444
665 1434 785 1483 Phidiaco
823 1432 933 1482 vinnam
944 1433 970 1482 S.
984 1435 1012 1482 P.
1027 1434 1057 1494 Q.
1072 1434 1100 1485 a.
1114 1447 1246 1485 consensu
1258 1434 1349 1487 Iocum

259 1526 338 1562 muna
350 1510 458 1573 4444444·
483 1510 525 1559 sad
544 1508 641 1573 liparam
656 1508 720 1557 rada
735 1508 785 1557 otl-
822 1518 885 1556 eum
902 1506 1048 1557 Maecenati
1065 1508 1247 1569 concessisse,
1272 1522 1350 1561 mera

259 1586 322 1635 44444
337 1584 431 1635 4444444
447 1585 480 1633 Ia't
494 1584 560 1633 44444
574 1584 647 1645 mitt,
667 1584 786 1633 rabsa-
822 1581 863 1630 est
883 1579 1030 1630 hariolatio.
1067 1581 1119 1631 Clr.
1139 1582 1247 1655 Nardini
1269 1585 1351 1635 444444

255 1665 379 1723 peccato.
414 1658 630 1723 Propert.l,2,
648 1658 692 1708 bil:
713 1658 786 1713 [Ven-
821 1654 915 1704 444444.
955 1654 1003 1705 Ed.
1027 1654 1117 1719 Nibby
1138 1657 1166 1706 Τ.
1191 1658 1210 1707 I.
1235 1670 1263 1722 p.
1287 1660 1346 1709 449.

258 1734 376 1797 tamnus)
393 1735 475 1797 Stipes
490 1746 597 1785 444444
606 1746 678 1783 erosa
689 1746 786 1797 prope-
821 1730 852 1779 II.
865 1742 892 1793 p.
906 1730 947 1779 44.
960 1731 987 1779 44
997 1729 1038 1780 34.
1073 1731 1099 1780 Si
1117 1730 1348 1785 Scholiastisiides

257 1811 328 1859 ronti
342 1810 408 1872 falce
423 1810 530 1859 444444,
545 1835 572 1845 -
588 1809 706 1872 formido]
724 1808 752 1858 h.
765 1807 782 1858 I.
821 1802 962 1854 tribuenda
980 1806 1034 1865 est,
1053 1804 1126 1856 idem
1144 1805 1187 1856 bic
1204 1804 1293 1867 locus,
1312 1806 1348 1857 de

259 1885 343 1948 prima
378 1883 584 1947 significatione,
619 1883 783 1933 Sebeacba.
821 1891 875 1941 quo
901 1878 1023 1929 Horatius
1049 1878 1182 1944 quuItur,
1212 1880 1261 1931 4444
1285 1894 1349 1931 cum

262 1986 288 1994 -
301 1957 401 2021 electra]
415 1971 468 2021 qua
480 1956 561 2008 modo
573 1956 684 2016 instem,
702 1957 784 2008 modo
821 1950 961 2013 Puticulis,
985 1954 1038 2004 4444
1051 1954 1153 2015 publico
1169 1954 1239 2004 altro
1253 1956 1348 2019 Esqui-

259 2032 354 2082 ialcem
371 2031 488 2082 tenebat.
523 2031 593 2094 Virg.
612 2033 658 2081 (Ic.
673 2031 698 2093 4,
717 2033 782 2081 llll:
821 2028 882 2089 llas,
900 2026 943 2077 ubl
958 2029 1144 2091 mancipiorum
1160 2037 1270 2092 corpora
1282 2044 1348 2094 pro-

257 2109 291 2157 Et
312 2112 394 2157 444444
414 2108 502 2169 fram
522 2110 598 2167 44444
619 2107 706 2157 cosam
727 2120 785 2157 4444
821 2102 977 2153 tutabantur.
1017 2103 1078 2166 (Cir.
1097 2104 1181 2154 varro
1207 2106 1236 2155 L.
1258 2107 1286 2157 L.
1312 2107 1346 2167 5,

257 2182 323 2245 falce
335 2182 436 2245 sollpac
450 2180 641 2242 Hellespontiaci
656 2186 737 2231 ramat
747 2186 786 2231 ta·
822 2178 863 2227 at.
878 2179 905 2227 44
923 2178 1015 2229 Festus
1027 2190 1052 2241 p.
1066 2178 1123 2228 200.
1138 2177 1268 2243 Lindem.)
1287 2181 1349 2231 «So-

258 2257 309 2308 4444
330 2257 419 2319 Priapi
441 2254 545 2319 (apes).
569 2255 655 2317 Priap.
680 2254 726 2315 63,
750 2255 783 2304 9;
821 2250 859 2301 4444
877 2252 953 2301 44444
969 2251 1109 2303 carnifices
1121 2254 1148 2302 in
1159 2252 1292 2316 Esquilina
1304 2255 1348 2305 via

258 2332 313 2382 Huc
328 2333 393 2381 addo
413 2330 480 2393 qaod
499 2344 540 2380 aaa
561 2330 696 2379 terribiles
711 2330 785 2380 444444
822 2328 917 2389 puteos
946 2326 1051 2387 lacera,
1083 2327 1109 2377 in
1138 2340 1205 2391 quos
1233 2341 1347 2393 corpora

256 2407 322 2469 tusto
337 2408 429 2457 444444
444 2406 569 2454 assarta
584 2405 695 2454 arctim
710 2405 785 2454 dela-
824 2400 990 2451 mittebant.»
1025 2404 1105 2451 Aeno.
1140 2401 1192 2452 Clr.
1216 2403 1348 2467 imprimis

257 2486 356 2531 444444.
377 2508 405 2517 -
422 2479 545 2529 04444444
562 2506 576 2516 -
592 2505 607 2515 -
624 2478 783 2543 4144494444]
822 2476 926 2527 Becker
951 2475 986 2525 de
1011 2476 1110 2525 Itomse
1136 2479 1190 2527 vet.
1209 2478 1292 2529 muris
1317 2491 1345 2543 p.

259 2555 298 2605 CI.
317 2556 370 2605 Sat.
390 2555 418 2615 4,
440 2555 469 2615 i,
492 2554 539 2603 26:
566 2554 662 2617 144444
682 2554 718 2603 od
739 2554 784 2604 ob-
821 2552 881 2602 4444
913 2550 1161 2612 «Quemadmodum
1181 2554 1275 2617 priscis
1293 2555 1348 2604 iana

258 2644 381 2681 44444444.
401 2655 430 2665 -
449 2628 526 2679 nabar
540 2656 552 2666 -
567 2655 580 2666 ·
591 2629 676 2693 potor]
694 2641 784 2680 mem·
822 2625 989 2692 temporibus
1012 2624 1056 2676 bic
1075 2627 1109 2690 (in
1131 2639 1227 2692 campo
1250 2628 1348 2691 Esqui-

258 2704 339 2755 brum
355 2703 429 2754 uirile
450 2702 589 2768 bipedale,
617 2705 697 2754 minio
715 2701 785 2753 obli·
820 2701 881 2763 lino)
905 2701 1066 2764 praecipuus
1088 2702 1131 2751 hic
1153 2700 1347 2765 suppliciorum

258 2782 332 2840 tum,
358 2776 514 2841 symbolum
531 2778 699 2829 iocunditatis
717 2778 784 2828 sim·
820 2775 896 2827 locus
913 2774 995 2825 luisse
1012 2774 1132 2835 videtur,
1150 2776 1177 2825 in
1194 2789 1247 2839 quo
1260 2777 1347 2827 servis

258 2850 431 2915 plicisslmum
448 2852 519 2916 apud
540 2852 619 2903 buius
635 2851 722 2903 cuitus
738 2866 784 2901 re·
822 2864 886 2900 4444
904 2850 1030 2911 figeretur
1047 2849 1238 2913 damnatique»
1264 2849 1349 2913 (inlel-

258 2928 390 2988 pertores.
411 2952 438 2960 -
457 2928 556 2975 amodo
574 2927 636 2990 444]
658 2926 784 2976 «arundi-
820 2924 871 2989 lige
888 2924 995 2975 infimae
1012 2925 1092 2975 sortis
1109 2923 1246 2975 4441444444
1263 2927 1290 2975 44
1300 2938 1348 2988 pe-

259 3012 324 3049 num
357 2998 499 3049 fasciculus
532 3002 612 3050 vento
640 3003 783 3063 quassatus
821 2999 947 3064 regrinos)
961 3001 1065 3051 «444444
1076 3002 1290 3064 percuterentur,
1309 3000 1346 3049 ila

258 3072 340 3136 abigit
365 3085 455 3123 avesa
476 3100 503 3109 —
520 3074 584 3138 fisa]
607 3076 783 3139 Nequaquam
820 3075 855 3125 ad
881 3075 1017 3125 interitum
1045 3088 1132 3138 usque
1161 3076 1266 3139 imperii
1292 3076 1348 3126 Ilo-

259 3150 368 3212 propter
392 3149 513 3211 Propert.
537 3146 569 3208 I,
596 3149 629 3210 7,
655 3151 704 3200 it:
731 3152 784 3201 Nae
820 3152 906 3209 mani;
933 3150 997 3213 quio
1020 3152 1100 3201 etiam
1122 3152 1184 3214 post
1209 3150 1348 3201 interitum

257 3224 354 3285 crapas
367 3224 476 3285 144444
486 3228 592 3285 propter
601 3226 726 3275 44444444
737 3240 783 3276 44-
819 3226 846 3276 44
863 3224 960 3275 codem
977 3223 1036 3275 loco
1048 3222 1177 3289 supplicia
1194 3224 1251 3273 fieri
1269 3220 1347 3275 solita

256 3304 306 3348 atos
330 3300 381 3348 444.
410 3298 475 3361 (qua
500 3296 623 3349 solebant
650 3301 781 3363 castigare
820 3300 906 3351 sunta
937 3298 1002 3361 (aad
1024 3298 1201 3349 Sessoriuma
1237 3298 1344 3348 Comm.

257 3374 422 3437 importunos
433 3372 541 3435 ostiarii,
556 3374 661 3424 Patron
674 3388 699 3423 c.
713 3374 781 3438 434.)
820 3377 901 3439 Crnq.
914 3374 949 3423 ad
967 3372 1050 3437 Epod.
1064 3375 1093 3433 t,
1112 3374 1170 3423 444.
1184 3374 1212 3423 44
1228 3372 1262 3422 ad
1276 3373 1302 3421 h.
1317 3370 1346 3433 4.)

258 3448 401 3512 legendum
416 3450 485 3512 flato.
520 3450 590 3499 Sane
613 3450 694 3499 etiam
713 3450 782 3499 baec
851 3448 924 3499 8-43.
951 3450 1005 3497 Hoc
1025 3448 1099 3509 prim
1116 3446 1177 3511 444]
1197 3446 1252 3497 «bd
1274 3446 1347 3497 hunc

257 3524 342 3588 I'n'apl
359 3523 462 3574 arundo
477 3525 538 3587 fisso
552 3537 613 3575 esse
630 3527 736 3587 poterat
747 3525 781 3575 ed
818 3522 920 3586 locum,
931 3522 976 3573 ubi
987 3523 1097 3586 Priapus
1105 3521 1202 3581 stabat,
1216 3520 1347 3571 olimser·

256 3600 386 3649 maiorem
425 3598 557 3661 crepitum
592 3599 779 3662 excitandum,
817 3612 912 3649 vorum
941 3597 1071 3647 cadavera
1097 3596 1197 3659 portari
1222 3594 1348 3647 solebant

256 3671 306 3721 sed
322 3673 400 3721 unice
417 3671 446 3721 id
461 3672 514 3722 dici
530 3672 564 3723 ad
582 3686 641 3723 rem
661 3675 781 3737 pertine·
818 3672 985 3739 sepelienda,
1004 3671 1051 3723 ubi
1063 3671 1199 3736 quondam
1211 3671 1346 3721 Thermae

258 3745 316 3806 bat,
334 3744 380 3796 ubi
396 3747 782 3809 accessu-noou--aor-
818 3749 944 3798 Traianae
971 3748 998 3797 el
1023 3747 1120 3797 domus
1145 3746 1344 3797 crescentiae.-

255 3822 296 3881 ta's]
320 3833 421 3883 «nuper
437 3834 453 3869 4
469 3821 623 3871 Maecenate
646 3822 779 3874 institutis.
819 3824 997 3880 (4444414444.
1013 3850 1040 3857 -
1053 3822 1139 3886 444444]
1152 3824 1182 3873 44
1192 3821 1262 3881 vilia,
1275 3832 1347 3883 quo-

255 3922 269 3931 -
280 3920 295 3930 -
306 3896 391 3944 Antea
408 3892 542 3958 Esquilina
560 3896 633 3960 regio
650 3896 781 3961 sepulcrIs
818 3911 879 3947 rum
900 3900 1007 3961 praeter
1027 3910 1173 3947 conservos
1196 3909 1277 3947 nemo
1294 3908 1347 3947 44-

255 3982 396 4019 servorum
412 3970 441 4019 44
457 3969 616 4022 miserorum
634 3974 691 4023 erat
707 3973 782 4024 dedi-
819 3986 876 4023 ram
891 3971 1011 4035 gerebat.
1027 3998 1054 4007 -
1066 3971 1141 4035 444444]
1155 3972 1275 4022 amiseris
1287 3984 1348 4021 me-

256 4044 330 4101 cata;
348 4044 490 4093 Maecenas
504 4046 597 4097 autem
608 4048 780 4100 considerans
819 4048 994 4099 diastinorum
1012 4044 1156 4107 cubiculis,
1183 4044 1345 4111 plerumque

255 4119 325 4169 aeris
347 4116 531 4173 salubritatem
553 4120 646 4173 hortos
671 4137 704 4174 eo
728 4122 780 4174 loci
818 4122 1026 4173 subterraneis.»
1062 4122 1115 4172 Cir.
1135 4124 1196 4173 Seu.
1216 4122 1281 4185 Epp.
1297 4120 1343 4171 ⁴8:

255 4194 390 4245 4444444444
414 4195 498 4245 44444.
519 4195 597 4254 Cano.
626 4197 702 4257 Quod
715 4199 780 4250 Mei·
815 4211 958 4261 pauperum
983 4197 1064 4248 444444.
1100 4197 1180 4247 44444.
1203 4194 1268 4249 DiaI.
1293 4195 1343 4247 28:
