2925 4892
264 344 327 407 550
626 341 755 393 nourrii
773 340 992 393 saisselinus

308 499 370 580 Qui
393 497 539 585 queritur
560 495 710 563 salebras·
726 505 761 563 et
781 493 935 561 acerbum
957 494 1057 581 frigus
1078 504 1112 561 et
1133 495 1272 572 imbres,

307 622 369 686 Aut
390 618 503 685 cistam
524 616 686 683 effractam
709 627 743 683 et
763 615 923 683 subducta
943 616 1060 683 viatica
1080 614 1200 703 plorat,

307 743 388 807 Nota
409 739 507 807 refert
527 738 707 805 meretricis
729 738 890 814 acumina,
914 757 1015 823 saepe
1036 735 1197 812 catellam,
1313 738 1351 801 55

308 864 413 949 Saepe
435 859 662 949 periscelidem
685 868 810 946 raptam
831 855 893 926 sibi
914 857 1036 936 llentis,
1059 859 1104 924 uti
1125 878 1202 925 mox

307 982 399 1051 Nulla
420 982 503 1049 fides
525 980 650 1047 damnis
671 980 825 1068 verisque
846 979 1015 1046 doloribus
1035 978 1129 1045 adsit

332 1154 372 1204 444.
391 1153 423 1219 et]
441 1158 486 1201 cut
503 1152 552 1202 LC.
572 1152 612 1213 (Ut
628 1162 691 1211 uos,
710 1149 822 1211 bSEcd.)

265 1304 364 1353 mutius
370 1312 465 1350 muros.
478 1298 517 1349 Cl.
529 1299 581 1348 Sat.
593 1298 617 1357 4,
626 1296 650 1359 4,
659 1298 699 1347 55.
714 1296 788 1346 ovid.
826 1296 924 1347 bonico
933 1298 985 1346 cet.
1002 1295 1230 1347 Nobisliussltced.
1244 1325 1272 1332 -
1285 1298 1354 1360 moa]

266 1378 327 1429 Met.
342 1374 538 1435 l5,”109sq.-
557 1371 677 1433 salebras]
695 1371 792 1421 «itine-
827 1370 855 1421 h.
873 1368 890 1420 l.
908 1370 994 1430 brevi,
1021 1370 1048 1418 iu
1072 1370 1185 1421 husam
1217 1371 1258 1421 Cl.
1279 1371 1354 1421 ltand

266 1451 302 1501 ris
320 1448 517 1512 asperitatem·
537 1446 621 1495 Coss.
635 1446 715 1501 Cano.
728 1472 755 1481 -
769 1450 793 1493 et
827 1446 903 1495 Ture.
917 1444 958 1494 ill.
975 1457 1002 1508 p.
1016 1444 1073 1493 tto.
1090 1472 1117 1479 —
1135 1444 1209 1507 aeds]
1231 1445 1290 1494 iloc
1306 1444 1354 1495 ad·

265 1522 394 1586 subducte]
412 1518 504 1572 Melius
520 1520 571 1570 hoc
583 1521 625 1569 est
636 1530 717 1581 quam
729 1517 792 1568 alio-
828 1519 955 1568 iectivum
973 1519 1053 1567 etiam
1071 1517 1106 1567 ud
1123 1533 1148 1568 v.
1167 1520 1268 1568 ἀοονιίε
1284 1519 1354 1569 rele-

265 1610 327 1649 rum
344 1601 389 1647 aut
405 1594 539 1653 uddtwtu,
559 1606 621 1644 oum
639 1593 692 1643 duo
711 1593 792 1642 dum·
828 1591 943 1642 rendum
960 1594 1010 1643 est.

266 1675 338 1725 mat
353 1683 450 1735 genera
467 1670 660 1727 memorentur,
678 1665 791 1717 alterum
860 1666 951 1717 es-ea.
966 1667 1082 1730 ptunum]
1100 1662 1224 1727 πλάνον,
1244 1666 1354 1717 circula

266 1745 498 1799 incommodorum
507 1742 617 1801 itineris,
627 1740 741 1791 alterum
751 1754 793 1790 re-
827 1744 923 1799 torem,
936 1742 981 1804 qni
993 1740 1165 1791 multitudinis
1177 1740 1354 1792 detestandae

266 1834 326 1871 rum
339 1820 506 1869 amissarum.
523 1846 548 1853 —
562 1816 666 1878 victua]
676 1814 790 1876 «omnia,
828 1828 910 1865 causa
927 1815 953 1865 iu
971 1816 1055 1865 triviis
1071 1817 1143 1865 artes
1157 1828 1222 1866 sues
1233 1818 1354 1873 exercet,

268 1908 336 1959 quaa
358 1893 443 1943 itineri
468 1891 619 1941 necessaria
637 1892 712 1949 suut,
739 1890 792 1938 im-
828 1888 947 1941 Goultler.
971 1889 1056 1940 Utitur
1071 1888 1169 1938 eodem
1182 1901 1244 1938 voc.
1258 1890 1315 1939 Cic.
1328 1902 1353 1951 p.

266 1968 360 2033 primis
377 1966 516 2031 pecunia.»
531 1992 558 2001 -
578 1964 704 2028 momina]
717 1967 792 2013 astu·
828 1961 932 2013 Cluent.
944 1964 986 2022 26,
998 1964 1038 2013 72.
1052 1962 1150 2013 Arnob.
1163 1964 1189 2021 2,
1199 1962 1246 2012 32:
1259 1963 1355 2024 stultis,

267 2044 333 2102 tias,
350 2039 447 2102 Psisse
463 2039 516 2087 uad
531 2039 655 2100 Karissa,
673 2050 741 2102 quas
752 2051 793 2086 su·
826 2038 920 2087 Marsis
937 2036 1116 2100 [colubrorum
1132 2037 1354 2098 incantatoribus)

266 2116 373 2177 crikqos
381 2114 793 2163 meretricumcrtesvocatexem-
829 2112 1098 2172 udisqueiostitoriius
1108 2112 1287 2172 atqueptonis.
1301 2115 1355 2163 Au·

268 2189 317 2253 plis
343 2186 426 2238 allatis
448 2186 554 2236 Ovidius
578 2190 608 2235 Α.
630 2188 659 2236 A.
684 2188 711 2246 4,
732 2186 790 2235 435.
829 2188 924 2249 gustiu.
944 2185 1106 2245 Confessi,
1124 2185 1152 2235 3:
1178 2186 1235 2235 ittos
1254 2187 1355 2247 piceos,

269 2262 351 2314 Plaut.
368 2259 472 2311 Trucul.
492 2261 518 2319 4,
538 2262 565 2319 4,
585 2260 625 2310 34.
639 2262 742 2309 amator
758 2260 792 2310 de
830 2261 1194 2323 qreosmotiernuticosoocost.
1208 2260 1248 2311 Cl.
1259 2262 1354 2311 Athen.
1445 2313 1446 2318 ,

269 2338 371 2388 amica:
405 2336 557 2395 Priusquam
580 2348 659 2385 uuum
683 2336 791 2395 demtis,
831 2335 871 2395 44,
885 2338 908 2385 s.
922 2348 949 2417 p.
963 2336 1027 2385 otti:
1046 2332 1257 2401 Θεόγνητοςέν
1275 2334 1356 2387 etto
1445 2335 1446 2350 ³

269 2417 382 2472 cautum,
411 2422 476 2473 quae
498 2414 601 2472 poscet,
627 2415 719 2473 porat:
745 2410 794 2460 Aut
830 2405 974 2475 δεσπότῳ·
995 2402 1024 2459 Ὁ
1040 2408 1214 2460 Πανταλέων
1228 2410 1287 2474 μὲν
1303 2404 1357 2463 αὖ·

269 2498 363 2535 aunem
370 2485 461 2547 petiit,
474 2489 519 2534 out
530 2484 792 2547 cmuduopnttutust,
829 2480 880 2546 τὸς
904 2476 1011 2545 αὐτοῦς
1031 2479 1099 2545 τοὺς
1121 2481 1222 2548 ξένους
1239 2480 1318 2547 Τοός
1332 2486 1356 2533 i

268 2560 317 2611 Aut
333 2564 417 2623 surpta
433 2559 542 2621 amito,
567 2564 611 2609 cut
628 2560 730 2622 aliquod
745 2574 794 2609 oo-
829 2552 1007 2624 ἀγνοοῦντας
1015 2552 1105 2608 αὐτὸν
1113 2554 1282 2609 remanat
1292 2574 1357 2619 σχε-

268 2650 324 2687 sum
335 2639 491 2699 arqeuteum,
502 2633 550 2683 Aut
561 2634 703 2683 emutioto
715 2635 794 2684 Grae·
830 2628 881 2680 δὸν
894 2625 1104 2702 {temperentia
1114 2627 1149 2681 τὰ
1161 2630 1292 2691 πλεῖστα,
1304 2627 1357 2683 τοῦ

269 2724 314 2770 cc,
341 2714 386 2759 cut
413 2708 510 2769 aliquid
533 2721 629 2770 semper
647 2714 695 2768 est,
723 2709 794 2769 Quod
830 2702 951 2773 γελάσω
966 2702 1052 2776 χάριν
1063 2700 1146 2757 ’totae
1157 2709 1208 2757 τιν’
1220 2702 1301 2773 αι’·τῷ
1312 2708 1357 2757 de'·

268 2789 369 2846 pereat,
388 2782 520 2843 debeatque
537 2796 627 2833 omaus
641 2789 722 2833 scorto
739 2796 792 2833 uto.
829 2795 917 2845 μενος
925 2776 1107 2841 ἀδολεσχίαν.
1127 2781 1165 2830 ld.
1176 2783 1200 2838 4,
1211 2782 1253 2831 35.
1272 2796 1300 2847 p.
1312 2783 1356 2831 ⁴9:

272 2884 300 2894 —
318 2856 442 2917 caedunt]
469 2856 585 2905 uCntettn
607 2857 793 2907 diminutivum
827 2850 1022 2920 Ἕθαομάζετο
1034 2848 1359 2926 παρ’ἝλλησικοὶῬο·

270 2934 312 2983 est
329 2944 344 2979 a
361 2934 452 2980 couno
468 2929 585 2992 dixitque
605 2932 720 2980 caedum
738 2933 795 2981 imi-
829 2932 929 2996 μαίοις
945 2930 1077 3001 Ματρέας
1093 2925 1112 2981 ὁ
1128 2927 1236 2993 πλάνος
1253 2924 1359 2981 diste

269 3005 368 3053 tatione
380 3000 495 3051 Lucilii»
515 3004 606 3051 Senon.
620 3005 691 3066 apud
704 3006 792 3056 Barth.
830 3001 974 3075 ξανδρνύς.
1001 3007 1050 3056 llic
1066 3007 1157 3069 igitur,
1175 3004 1282 3068 dequo
1300 3006 1357 3055 tlo-

269 3077 353 3128 Advv.
367 3076 407 3131 37.
420 3076 461 3123 22.
481 3076 523 3125 Sic
539 3076 610 3139 apud
626 3078 679 3127 liv.
693 3080 735 3137 39,
747 3080 792 3129 3⁴:
830 3080 913 3130 ratius
924 3082 1023 3139 namot,
1035 3079 1103 3129 saltu
1114 3078 1266 3143 periculoso
1275 3079 1357 3139 lacto,

269 3152 373 3201 Praetu
389 3160 446 3197 suos
462 3150 554 3209 equites
568 3150 663 3199 catellis
673 3152 796 3215 aestiuis
830 3155 905 3205 homi
929 3152 1069 3217 prolapsus
1085 3152 1229 3204 simulabat
1244 3166 1276 3203 se
1293 3166 1357 3203 crus

270 3224 381 3275 deuouit.
413 3224 511 3274 Contra
524 3238 538 3273 o
550 3224 635 3275 verbo
646 3228 795 3279 cmutusest
830 3228 942 3293 fregisse
954 3231 981 3278 et
990 3228 1119 3291 hominis,
1132 3231 1174 3280 cni
1185 3230 1238 3280 hoc
1248 3229 1356 3288 cecidit,

270 3298 590 3367 oportunitatem&
610 3302 718 3353 Delicias
730 3317 795 3367 pon
830 3307 936 3367 gestum
958 3302 1214 3367 lamentationesque
1231 3304 1358 3353 imitaba-

268 3390 316 3429 oee
331 3376 353 3425 si
368 3376 407 3425 ois
423 3375 513 3425 audire
529 3376 633 3425 ceteiice
650 3380 701 3427 cet.
715 3381 794 3429 etiu—
829 3381 881 3427 tur.
926 3377 1025 3437 Quodsi
1048 3378 1107 3440 quis
1132 3392 1148 3427 e
1173 3380 1357 3441 spectatorum

269 3464 331 3501 ven.
346 3450 370 3511 o,
384 3448 445 3499 dil:
464 3451 546 3501 llortc
560 3450 724 3513 uiricopiaut
735 3454 794 3501 oui-
831 3450 909 3503 turba
926 3450 1107 3502 misericordia
1126 3454 1212 3502 tactos
1229 3454 1255 3501 ei
1272 3454 1358 3517 opitu-

269 3538 340 3575 mom
367 3536 468 3573 serame
494 3523 607 3573 cotetae.
653 3525 794 3577 catenulas
830 3526 878 3575 lari
894 3525 985 3585 vellet,
1010 3523 1053 3575 ille
1069 3524 1159 3576 subito
1176 3540 1192 3575 e
1208 3525 1268 3577 solo
1284 3527 1358 3577 exsi-

270 3598 326 3649 illas
351 3598 513 3649 muraenulas
529 3596 642 3649 vocabat
662 3600 795 3664 posterior
830 3598 920 3659 tiebat,
933 3600 1356 3663 novaspraestigiasincepturus

271 3674 352 3723 aetas
380 3673 486 3721 Hieron.
501 3673 547 3735 Ep.
561 3672 601 3723 at.
615 3686 641 3736 p.
657 3673 713 3723 ⁴29.
731 3673 795 3723 Vel·
829 3675 899 3725 adeo
911 3678 947 3735 ut,
962 3675 1006 3738 qni
1018 3677 1172 3725 accurrerat
1182 3674 1217 3723 ad
1229 3674 1357 3725 auxilium

270 3746 332 3797 lars.
348 3770 375 3781 -
392 3746 568 3810 periodicas]
586 3747 679 3797 isidor.
694 3748 793 3809 49,34,
831 3748 1029 3813 praebendum,
1054 3749 1142 3800 abiret
1157 3750 1273 3799 derisus.
1302 3750 1357 3797 ve·

270 3820 316 3869 ts:
343 3818 497 3869 Periscetides
520 3826 577 3869 suut
593 3834 697 3870 crunam
714 3836 795 3871 orna·
830 3837 903 3882 rum,
919 3836 981 3874 cum
992 3822 1251 3887 aliquandorevera
1263 3822 1357 3873 tibiam

268 3898 354 3943 meato
368 3892 514 3953 medorum,
534 3894 622 3955 quidus
638 3908 738 3957 qreuus
753 3910 795 3945 eo·
831 3898 967 3961 fregisset,
986 3911 1067 3949 nemo
1084 3898 1137 3949 iam
1154 3898 1179 3947 ei
1195 3910 1357 3947 succurrere

268 3980 327 4017 eum
345 3972 482 4027 uueutur,
501 3967 590 4018 circuli
608 3970 682 4019 aurei
699 3970 741 4021 vel
753 3984 795 4019 an-
830 3971 924 4032 voluit,
943 3982 1038 4023 omnes
1055 3985 1117 4023 cum
1133 3970 1293 4030 crederent,
1310 3970 1358 4021 de-

270 4041 357 4105 gentei
375 4052 456 4103 supra
476 4040 555 4103 talos,
574 4056 689 4105 quorum
707 4044 793 4094 torma
831 4060 884 4097 uuo
901 4059 964 4097 eum
984 4044 1120 4097 ludificare
1138 4046 1356 4096 circumstantes.

269 4110 792 4182 exhibeturaVisc‘ontioltouum.Borpt.
832 4120 912 4182 (eliac
936 4120 1040 4171 slvere
1057 4132 1119 4171 crus
1136 4120 1245 4182 tregerit
1261 4117 1357 4183 planus

270 4204 296 4255 p.
312 4191 367 4241 484.
381 4193 408 4241 et
425 4188 563 4254 aliquoties
581 4194 607 4243 in
620 4194 711 4245 Museo
728 4195 795 4245 Bor·
832 4196 864 4255 ts,
891 4193 1017 4245 crederet
1040 4192 1151 4245 ulterius
1172 4191 1231 4250 ille,
1258 4192 1304 4255 qui
1321 4191 1357 4241 ab
