2925 4892
523 370 582 421 uu.
602 370 622 420 4.
656 372 724 422 444.
743 372 808 422 vin.
1148 372 1211 439 4444

158 525 266 611 thue
292 522 360 612 lupi
382 522 516 592 4444444444
536 526 647 593 variae
668 548 743 593 eum
765 525 861 593 deute
884 527 1036 595 colubrae

156 644 352 711 Abdideriut
377 644 487 712 furtim
505 646 616 723 terris,
639 656 672 713 et
692 647 831 735 imagine
853 668 949 715 cerea

157 766 297 854 Largior
316 766 432 834 arserit
452 767 550 855 ignis,
580 777 613 834 et
633 778 670 833 ut
690 789 755 836 44044
776 770 868 836 testis
891 768 1008 837 inuitus

157 888 351 954 Horruerim
370 908 471 955 44044
491 890 661 956 Furiarum
681 900 715 957 et
736 890 817 957 44044
839 891 996 959 duarum:
1171 896 1212 961 45

156 1011 257 1087 Nam,
280 1008 424 1096 displosa
444 1019 538 1076 404444
560 1020 717 1098 quantum
738 1012 861 1089 vesica,
887 1014 1006 1100 pepedi

184 1262 228 1314 te.
253 1267 285 1311 44
306 1262 418 1326 maen
441 1274 511 1313 444444
535 1264 604 1313 Fene
626 1274 642 1312 4
667 1276 723 1314 440.
749 1276 830 1315 mauu
852 1269 880 1316 et
905 1266 1123 1330 cuninghumius.
1146 1297 1173 1306 -

152 1336 194 1388 445.
214 1338 366 1387 Hernici-im
385 1336 477 1400 bscdp
495 1339 522 1386 44
537 1350 633 1387 omues
650 1338 779 1398 Pottierii,
802 1340 854 1390 LCt
870 1352 902 1390 40
919 1341 1067 1403 4404444444,
1087 1344 1179 1393 (iente

148 1412 202 1460 44444
230 1424 264 1460 ex
291 1424 345 1460 4440
375 1410 430 1471 (vr.
457 1410 496 1471 G.)
523 1411 574 1460 Fen
600 1414 628 1460 et
651 1413 686 1462 44.
714 1440 740 1448 -
769 1426 799 1462 ac
822 1414 892 1477 [4444
909 1412 978 1466 444444
995 1418 1063 1467 Fene
1081 1419 1107 1468 et
1125 1419 1179 1469 Cu·

149 1484 332 1548 ninghemius.

114 1690 237 1748 4444444444,
264 1701 352 1752 equo
374 1701 437 1739 eum
459 1688 647 1754 deprehensus
684 1704 780 1743 04444444
799 1692 902 1755 furtiue,
929 1706 1009 1757 quum
1027 1696 1143 1746 4444444444
1164 1710 1211 1747 44-

115 1766 202 1826 44444,
220 1761 494 1826 quidemeuhridenr,
510 1762 592 1823 Belle,
606 1764 649 1814 iu-
684 1765 768 1827 cutte,
788 1766 955 1830 peragendos
967 1767 1057 1819 4444444.
1074 1770 1211 1835 -4444441

114 1840 189 1903 quit,
217 1838 241 1888 si
264 1839 292 1887 te
313 1850 366 1888 uon
387 1836 568 1900 4444444444,
593 1840 648 1889 4440
685 1839 890 1891 :maculosam
924 1844 1008 1893 044444.
1032 1844 1112 1903 ciue.
1143 1872 1169 1882 -
1188 1850 1213 1897 et

114 1917 172 1974 444,
198 1912 362 1963 verberibus
380 1916 519 1978 tamquam
535 1925 583 1963 444
600 1925 647 1963 44-
682 1914 802 1979 incapite]
820 1916 910 1967 Lectio
921 1922 948 1965 44
965 1917 1075 1980 44440444
1085 1918 1211 1971 destitute

114 1988 214 2049 cudat,
227 1986 351 2038 alludens
360 1986 396 2037 ud
406 1986 539 2038 calceos.»
559 1988 644 2039 cour.
684 1992 725 2041 444
746 1990 895 2041 sufficiente
913 1993 1069 2043 44040444444
1086 1994 1114 2043 ct
1130 1994 1209 2045 nimie

115 2064 199 2120 Cure,
684 2067 803 2129 reperet,
828 2078 898 2129 quae
921 2066 1053 2117 unissime
1075 2068 1212 2119 coniunxit

147 2137 243 2189 44-43.
270 2137 431 2202 manarent]
456 2138 647 2202 imperiectum
684 2140 826 2199 Horatius,
854 2143 884 2190 ut
910 2142 997 2191 44444444
1024 2154 1109 2206 pueue
1132 2142 1212 2194 simul

114 2217 192 2264 44044
209 2224 242 2263 ee
259 2212 357 2263 habet:
377 2226 442 2276 «per
457 2215 541 2263 totum
558 2214 649 2263 4440444-
684 2215 751 2265 iacta
765 2226 825 2264 4444
839 2214 1009 2278 accipiemus.
1025 2242 1052 2251 -
1065 2216 1146 2282 ceree]
1159 2218 1213 2269 die-

113 2290 284 2346 tatieuem·
302 2290 395 2337 0044444
410 2287 464 2352 tupi
480 2287 593 2337 hurbem
605 2300 648 2337 44-
683 2288 817 2353 eyttubum
834 2302 883 2353 per
899 2290 1046 2352 eyuizesin,
1066 2292 1095 2340 444
1110 2293 1163 2343 Set.
1178 2293 1208 2354 t,

113 2362 170 2414 44444
198 2361 373 2412 abdiderunt.
420 2365 563 2413 Praeterea
594 2361 648 2412 du·
683 2366 711 2425 2,
730 2365 775 2415 ut:
795 2368 885 2413 444444.
903 2364 973 2427 virg.
993 2366 1058 2415 Aen.
1078 2366 1122 2427 444,
1141 2366 1207 2416 titi:

114 2438 161 2487 b'n
178 2440 223 2487 444
239 2435 491 2487 iormuBeutieiuuu
504 2438 649 2487 4440444444
684 2450 770 2489 auree.

114 2524 166 2577 pro
183 2512 355 2562 4440444444.
373 2511 536 2575 (4444444444
550 2510 648 2577 probat
716 2513 821 2563 444-4444.
851 2512 1019 2575 Hormi-im]
1049 2514 1116 2563 Fene
1145 2513 1209 2565 titud

115 2587 198 2636 etiem
216 2586 308 2647 Reisig
323 2586 379 2635 444.
392 2586 523 2649 84404440.
536 2600 562 2650 p.
575 2585 644 2643 23t„
683 2588 822 2647 obruerint,
849 2588 898 2636 etsi
916 2598 1011 2650 perse
1029 2588 1209 2640 rectissimum

115 2661 163 2725 qui
179 2658 328 2723 aliquando
345 2660 417 2710 haud
434 2662 513 2711 nimie
536 2657 647 2710 ieiieiter
684 2664 820 2725 (arepente
838 2661 961 2720 fecerim,
988 2663 1018 2711 444
1039 2663 1065 2711 ct
1082 2661 1210 2713 obmute-

115 2736 320 2785 eouicetuverut
334 2741 454 2785 44444444
468 2740 492 2785 et
507 2734 597 2799 444440.)
616 2759 644 2771 -
683 2739 792 2787 suerent
809 2737 837 2784 et
853 2746 921 2797 opus
937 2746 1016 2783 suum
1034 2734 1211 2801 interrumpe·

2 2831 3 2834 ¹
115 2810 214 2859 «eim.
226 2807 344 2871 lugutue
352 2812 381 2859 et
389 2809 574 2860 metuendum.
587 2824 648 2860 404-
684 2809 784 2871 44444),
812 2807 926 2858 debetur
950 2810 1039 2858 temen
1066 2810 1210 2874 interpola-

2 2887 3 2890 ’
114 2889 177 2934 m.
195 2886 295 2944 tenue,
313 2882 424 2945 subtile,
442 2886 505 2948 quie
516 2886 573 2935 etue
585 2898 647 2936 404-
682 2885 745 2946 tori,
764 2896 796 2933 40
812 2880 889 2945 longe
907 2882 1096 2946 significantior
1112 2888 1154 2934 eet
1170 2885 1210 2935 dt·

114 2972 183 3023 pore
206 2957 403 3008 emittebantur
422 2972 531 3011 40044.»
559 2960 644 3011 Coun.
682 2970 762 3009 44444
786 2958 884 3008 44044444
907 2959 1046 3009 sententie.
1083 2960 1209 3024 «Priapus

117 3035 197 3092 cruc.
218 3030 357 3082 iieiiodor.
370 3033 399 3094 6,
412 3035 453 3083 tc.
463 3047 490 3098 p.
501 3034 558 3083 25⁴.
572 3034 645 3085 Ceu:
682 3046 759 3084 44044
776 3030 818 3081 iliu
835 3033 937 3095 magice
954 3034 1125 3098 conspicatus
1143 3034 1209 3085 hor·

117 3102 259 3178 ὄνειρός
274 3135 293 3145 -
309 3134 324 3145 -
339 3104 415 3179 βαρύ
437 3122 466 3159 τι
486 3108 536 3158 nat
556 3106 647 3173 δυση-
683 3120 745 3158 4444
756 3106 935 3171 pertunditur,
952 3120 1016 3171 pree
1029 3120 1083 3171 quo
1095 3108 1208 3159 horrore

117 3182 167 3246 χὲς
183 3178 349 3253 §turpiter
365 3211 380 3223 ·
390 3210 406 3220 -
421 3176 480 3249 ἔφη
497 3180 557 3233 κτλ.
579 3184 646 3246 sega
684 3183 709 3233 et
725 3180 823 3231 eccidit
839 3180 878 3243 td,
897 3180 969 3245 quod
981 3194 1062 3233 versu
1075 3194 1133 3246 seq.
1147 3196 1208 3233 4444-

117 3256 467 3320 municipiorum,
482 3260 515 3309 t:
533 3254 648 3325 ἐπῳδήν
683 3259 769 3315 retur,
797 3255 870 3319 quod
891 3268 954 3306 cum
974 3257 1040 3319 ipris
1061 3256 1131 3319 segis
1149 3256 1210 3307 4444-

118 3346 182 3383 τινα
191 3334 324 3399 mecca
331 3329 473 3403 ἐπιτρόχῳ
482 3331 517 3403 τῇ
526 3331 646 3405 γλώττῃ,
684 3335 742 3382 tum
759 3332 901 3381 horrorem
918 3330 1063 3390 incuteret,
1081 3332 1111 3379 444
1127 3330 1154 3379 iu
1167 3330 1210 3381 444-

118 3403 290 3481 βαρβαρικὰ
310 3408 361 3457 444
379 3404 511 3479 φρικώδη
537 3403 649 3473 ὀνόμα-
684 3418 746 3469 gum
772 3418 833 3456 4444
859 3404 967 3465 darem,
994 3406 1072 3467 poete
1098 3402 1209 3453 ridicule

119 3498 162 3534 ru.
177 3512 207 3520 -
227 3482 413 3546 4444444404]
431 3483 495 3533 Ptin.
509 3484 540 3533 44.
554 3484 585 3533 N.
599 3483 647 3544 28,
684 3482 736 3531 4400
754 3478 898 3530 ulciscendi
916 3477 1033 3528 horroris
1046 3490 1139 3537 044444,
1158 3490 1212 3541 quo

120 3557 163 3610 ii:
192 3558 324 3623 7044440444
339 3563 451 3608 44444444
466 3558 520 3621 tupi
535 3560 649 3609 44444440
685 3556 795 3618 Priapus
811 3551 950 3619 perculsus
969 3553 1053 3613 esset,
1073 3550 1153 3601 ub·ee
1170 3551 1212 3601 44-

119 3634 290 3684 matum
306 3633 378 3683 44444
393 3633 424 3683 cb
439 3634 515 3694 idque
528 3633 649 3683 4444444444
685 3632 759 3680 ctum
777 3630 876 3693 tingit.»
904 3630 1101 3679 Mrrscuururcu.
1123 3652 1150 3663 -
1163 3627 1213 3677 Fu-

117 3710 368 3771 4444444444444444.
397 3708 455 3757 4400
475 3708 553 3771 igitur
574 3708 649 3758 4404-
682 3705 793 3769 44444444]
816 3716 949 3767 sugurum.
986 3703 1028 3751 Sic
1051 3700 1212 3753 4140440444-

118 3784 194 3843 ruut,
220 3784 253 3832 ut
273 3782 361 3833 4444444
383 3781 530 3832 redderent
549 3782 648 3833 adver·
685 3781 790 3845 quoties
808 3780 836 3830 P.
856 3778 977 3830 Clodium
995 3776 1101 3827 Furiam
1116 3778 1210 3837 vocet,

119 3860 206 3908 444444
228 3856 342 3908 alicuius
364 3857 565 3908 44044444404444.
607 3856 648 3907 Ad
684 3857 723 3907 440
732 3852 1004 3919 Euripidesor.t389.
1013 3850 1140 3903 Helenam
1150 3866 1214 3923 περ·

118 3933 203 3984 verba
219 3934 341 3983 Diiutzer
355 3934 430 3983 44044
442 3933 581 3995 comparet
594 3932 647 3980 Set.
684 3921 1114 3998 γάμωνἏπολλωνίωνἙρινύν.
1126 3954 1153 3962 -
1163 3926 1214 3975 4444-

120 4008 650 4072 4,4,44;444444444044-4440444444444
680 4005 772 4069 44044]
807 4015 891 4053 ccum
925 4003 1027 4066 impetu
1059 4000 1212 4064 disrupte.»

120 4088 146 4132 44
158 4084 222 4133 ueni
242 4084 344 4133 4444444444
359 4084 457 4147 44440444
472 4082 589 4132 4444444444
605 4082 649 4131 444-
685 4083 777 4129 84404.
807 4077 943 4127 Dueierius
960 4076 1021 4139 epte
1034 4073 1144 4125 eontulit
1159 4075 1212 4123 Lu-

118 4162 303 4218 pomtm.
327 4158 454 4208 Ceterum
471 4156 524 4206 4400
541 4166 649 4219 quoquc
685 4156 754 4203 eret.
777 4152 805 4213 c,
830 4151 893 4201 430:
917 4150 996 4213 picea
1024 4150 1126 4199 animae
1146 4147 1212 4198 4444-

122 4230 203 4293 tuest,
228 4231 417 4283 huiuscemodi
441 4232 509 4282 444444
533 4229 649 4281 4444444404
685 4227 744 4278 ceta
756 4240 843 4290 parua
860 4226 940 4289 Saepe
955 4226 994 4275 444
1005 4225 1049 4275 det
1062 4222 1163 4286 pariter
1173 4234 1212 4271 44-

178 4322 273 4371 440444.
288 4334 344 4370 404.
359 4322 387 4369 44.
416 4334 457 4369 tu.
473 4333 525 4369 4444.
541 4320 578 4368 ut
952 4319 980 4363 40
