2925 4892
269 311 331 378 781
750 314 879 366 nontin

311 467 441 536 Insiluit.
485 469 533 535 Sit
554 469 605 536 ius
626 467 786 557 liceatque
808 469 916 558 perire
939 470 1061 557 politis;

312 591 447 657 invitum
468 590 524 676 qui
546 598 669 666 servu,
693 589 780 656 idem
801 589 875 656 iecit
896 591 1065 658 occidenti.

310 713 378 778 Nec
398 708 499 778 semel
524 709 586 777 hoc
606 710 699 787 iecit,
724 731 797 788 neo,
821 710 848 776 si
872 721 1029 779 retractus
1051 711 1126 789 erit,
1150 712 1214 778 iam

311 832 381 900 Fiet
401 831 499 900 homo
521 841 555 897 et
575 841 675 918 ponet
693 831 838 898 [annosae
861 833 973 899 mortis
995 853 1147 898 amorem.

311 955 378 1020 Nec
399 953 477 1019 sutis
499 960 646 1040 apparet,
669 972 729 1018 cur
751 971 865 1018 versus
887 953 1021 1028 lectitet,
1044 963 1152 1019 utrum
1295 953 1366 1018 tte

310 1075 457 1141 llinxerit
477 1075 511 1140 in
531 1075 653 1160 patrios
674 1074 817 1148 cineres,
841 1093 882 1140 an
906 1074 997 1140 triste
1018 1071 1159 1140 bidental

336 1252 392 1303 iio.
405 1253 443 1302 Ne
453 1253 481 1301 T.
497 1279 524 1287 —
537 1252 631 1300 dictitet
640 1251 736 1313 Regius
748 1264 829 1312 unus,
850 1250 902 1300 dno
920 1251 1002 1312 Fece,
1022 1251 1240 1314 Cuninglremius.
1262 1251 1332 1314 (Fir-

302 1328 377 1376 mani
390 1326 487 1388 soctiut
503 1324 594 1375 hSTcd
612 1324 772 1389 plurimique
784 1323 845 1386 ulii.)
866 1349 893 1360 -
912 1325 970 1375 tit.
988 1325 1032 1390 eo]
1058 1331 1103 1374 out
1119 1324 1154 1375 hc
1172 1327 1232 1388 (non
1246 1327 1331 1389 Si'd).

303 1427 332 1436 -
344 1397 402 1449 tit,
414 1399 544 1448 indoctus
553 1398 653 1448 ἀοσωω
666 1399 742 1463 Μαι
758 1400 786 1459 Τ,
798 1400 976 1460 iudocusuipue
984 1399 1058 1462 nepot
1068 1399 1167 1449 murno
1178 1398 1204 1448 d.
1220 1429 1249 1436 —
1263 1399 1330 1451 tie.

300 1474 369 1540 ouo]
384 1472 459 1523 reniet
474 1472 501 1522 d.
520 1471 684 1537 singularem
704 1473 774 1522 hanc
797 1472 940 1524 lectionem
959 1485 1005 1522 nex
1024 1473 1071 1524 ils.
1090 1473 1117 1522 in
1134 1485 1180 1522 ora
1196 1472 1245 1523 Ed.
1264 1472 1332 1524 Aldi

268 1644 335 1682 uero
352 1631 482 1695 nonnulli,
501 1634 679 1697 ooperetiam
690 1631 792 1694 Gonod‚
832 1631 907 1682 liend
924 1632 999 1681 iure.
1017 1630 1059 1680 lii.
1078 1643 1105 1693 p.
1119 1629 1174 1679 tto.
1194 1657 1220 1666 ·-
1240 1631 1297 1680 rio
1316 1632 1367 1682 lio-

269 1705 402 1771 erplicate
413 1709 549 1772 potuerint
559 1706 680 1765 eiciens,
699 1708 793 1769 suapte
830 1705 879 1769 oio]
898 1707 942 1755 «nt
958 1717 1052 1754 sumus
1070 1717 1118 1754 nos
1134 1701 1241 1766 reliqui,
1261 1705 1298 1756 ad
1317 1720 1367 1756 sa-

269 1783 381 1844 sponte,
398 1783 429 1832 do
443 1795 536 1844 propos
552 1781 672 1840 Mutet,
691 1782 795 1842 dosoop
831 1793 893 1831 nam
909 1781 1028 1830 mentem
1043 1778 1162 1837 rediens3
1181 1779 1265 1828 immo
1282 1780 1312 1829 in
1326 1780 1368 1830 fo·

267 1856 368 1919 {roidn
384 1857 512 1920 equidem
527 1870 571 1907 me
582 1869 635 1906 non
647 1853 793 1916 intelligere
831 1867 892 1904 rore
906 1852 1300 1918 perseveranspropterlamne
1317 1868 1367 1906 ou-

268 1929 364 1982 iateor.
383 1931 448 1982 llire
464 1929 500 1980 ad
511 1931 568 1980 eius
579 1928 727 1979 doctrinam
743 1928 794 1978 hoe
831 1929 969 1994 piditetem
980 1930 1150 1978 monstruoso
1161 1925 1250 1988 aliquo
1263 1929 1365 1988 modo,

268 2004 352 2054 refert
364 2005 565 2054 commentator
575 2003 699 2066 Cmquii:
719 2003 795 2052 iiim·
831 2001 1050 2066 utEmpcdocles,
1061 2002 1148 2066 perire
1157 2001 1365 2053 rursusvolet·

268 2075 396 2142 pedocles
412 2077 520 2128 dicebat
536 2076 610 2126 tnrda
631 2077 735 2140 ingenie
752 2075 796 2126 iri·
864 2077 994 2128 itu-tto.
1018 2077 1069 2126 Neo
1089 2077 1150 2125 sotir
1166 2076 1227 2139 cet]
1252 2078 1364 2138 «Quid,

268 2151 331 2213 pido
356 2151 457 2200 circum
483 2150 640 2214 praecordis
665 2151 793 2214 sanguine
831 2150 903 2213 quud
948 2150 1059 2200 tortasse
1099 2149 1208 2200 sceleris
1245 2145 1366 2201 alicuius

269 2225 420 2288 impediri.»
439 2225 492 2274 Clr.
505 2225 598 2286 ileyne
615 2224 650 2274 ad
661 2225 732 2287 Virg.
746 2225 793 2272 Ge.
832 2225 954 2288 expiandi
971 2237 1070 2285 ceusu,
1095 2223 1208 2275 deomm
1232 2224 1271 2272 ira
1292 2238 1365 2276 coa-

268 2299 298 2358 2,
315 2295 372 2347 tut.
388 2323 420 2344 —s
434 2297 472 2346 stt
488 2297 540 2359 ire]
558 2299 619 2346 noir
637 2298 793 2366 εἰρωνείαν.
832 2301 902 2358 ctus,
940 2311 1036 2348 versus
1069 2296 1216 2348 identidem
1250 2297 1363 2348 iacit‘l»

270 2372 415 2432 «Quoniam
430 2371 576 2431 insaniunt,
595 2371 794 2422 hociuresune
832 2373 887 2424 lioc
909 2371 972 2422 dicit
994 2373 1019 2422 ln
1040 2371 1197 2422 facetissime
1217 2371 1364 2437 hyperbo-

269 2445 336 2496 sint»
349 2445 400 2495 cet.
419 2446 552 2496 &oneres
564 2445 794 2508 comporatspar·
831 2446 855 2497 le
876 2459 985 2510 semper
1001 2446 1183 2510 progrediens.
1204 2473 1233 2483 -
1250 2447 1363 2511 lectitet]

268 2523 394 2572 unorum
410 2519 563 2570 coorstum:
589 2517 795 2584 κλαζομενιοις
832 2521 907 2581 ouon
924 2519 967 2570 riu
984 2519 1086 2570 nauem
1101 2521 1205 2580 uase,
1229 2521 1256 2570 n.
1275 2521 1293 2572 ι.
1305 2525 1363 2574 na-
1458 2511 1459 2518 ’

268 2591 375 2658 ἐξέστω
385 2589 576 2659 ἀσχημονεῖν.
591 2594 795 2654 -iuuitumqui
831 2596 915 2647 tinum
939 2609 991 2646 non
1014 2599 1070 2656 sst;
1100 2595 1262 2658 signiticaret
1284 2599 1362 2650 enim

268 2675 353 2720 mot
369 2669 432 2732 cet]
450 2669 587 2720 Contraria
605 2672 646 2719 est
662 2668 794 2719 sententie
831 2683 932 2733 «saepe
960 2669 1067 2730 dicut»,
1100 2683 1153 2720 non
1182 2683 1287 2734 asaepe
1316 2671 1361 2721 di-

269 2744 389 2794 Senecae
407 2743 441 2793 de
458 2743 573 2794 Beneiic.
586 2743 616 2803 2,
629 2741 674 2803 ll,
688 2741 717 2792 l:
734 2740 794 2803 prti-
831 2747 915 2804 ciet,-
934 2757 985 2794 nec
1003 2744 1142 2806 «redtetp
1169 2747 1199 2793 ut
1215 2742 1362 2796 voluerunt

269 2817 420 2866 currimus
444 2830 506 2878 opus
533 2821 569 2866 est
595 2815 673 2866 etiem
704 2814 795 2864 inuitur
831 2817 1039 2880 cuningnemius
1073 2819 1100 2868 et
1128 2817 1296 2870 sanndonus.
1329 2846 1359 2856 -

267 2891 424 2952 nouumque
439 2903 548 2940 seruere.
563 2915 591 2926 -
605 2891 671 2940 iden
680 2890 743 2953 (ocu
755 2902 794 2938 oc
829 2893 952 2944 tiiwm't
963 2892 1025 2956 cet]
1038 2890 1247 2942 contumeliosus
1258 2893 1359 2946 modus

268 2963 367 3027 ddmu]
394 2965 559 3025 «Utrumque
581 2965 653 3014 enim
676 2966 718 3014 est
740 2965 793 3012 vim
830 2964 947 3017 tumulos
963 2963 1092 3026 violandi,
1115 2967 1142 3015 et
1163 2965 1275 3029 quidem
1292 2969 1318 3016 h.
1337 2967 1356 3018 l.

268 3037 393 3088 inferre.»
411 3039 543 3086 (inmotus.
573 3037 676 3088 Seneca
692 3038 791 3088 Phoen.
831 3041 911 3090 etlam
928 3040 1019 3103 putris.
1041 3039 1079 3089 Cl.
1097 3041 1181 3089 inscr.
1198 3052 1235 3090 m.
1254 3041 1308 3090 Lat.
1322 3043 1354 3090 N.

269 3111 332 3160 tou:
361 3110 477 3160 Occidere
498 3116 535 3159 ert
555 3115 640 3160 ustura
655 3111 794 3173 cupienten
830 3114 908 3166 liet:
929 3114 1034 3176 Hospes,
1054 3113 1089 3162 ed
1103 3114 1169 3164 lueto
1186 3114 1307 3164 mulum
1322 3129 1358 3164 ras

267 3187 342 3238 mori.
361 3189 462 3236 Graeca
472 3189 573 3238 constr.
585 3180 603 3236 ὁ
614 3179 726 3237 ἄκοντα
735 3184 793 3239 ool-
828 3189 920 3250 melos,
938 3201 995 3238 osso
1007 3193 1147 3250 precantur
1161 3188 1235 3238 Tecto
1250 3189 1356 3238 lumime

267 3266 323 3326 ζων
339 3253 429 3312 ταύτὸ
446 3265 526 3312 ποιεῖ
533 3257 573 3326 τῷ
584 3255 791 3312 damnemini.
831 3265 893 3321 cet..
904 3275 984 3326 quam
996 3260 1158 3312 subditivum
1171 3275 1226 3314 non
1238 3275 1296 3314 esse
1305 3261 1356 3312 do·

268 3337 374 3388 Lucret.
384 3335 410 3397 3,
421 3336 494 3386 tutu.
508 3335 626 3386 Luciam:
640 3337 726 3386 eudem
737 3338 794 3386 eliis
830 3337 884 3386 cuit
901 3337 930 3386 0.
949 3336 1013 3386 lehn
1029 3335 1065 3386 ad
1082 3337 1154 3386 Pers.
1173 3349 1200 3400 p.
1219 3337 1275 3387 ild.
1295 3337 1353 3385 iri-

267 3412 357 3474 sopitu'
370 3410 472 3473 puiotett
483 3410 642 3474 (Homerus).
666 3411 793 3461 Ceterum
830 3407 945 3461 malchio
967 3411 1071 3460 Pctron.
1087 3410 1132 3459 ll:
1156 3409 1216 3460 Erit
1231 3412 1289 3460 mili
1302 3424 1353 3460 ru-

268 3488 363 3536 unicus
379 3488 422 3536 est
432 3498 527 3536 versus
543 3486 705 3549 spondeicus
721 3485 793 3550 apud
829 3497 889 3543 rue.
906 3489 936 3533 ut
951 3489 1095 3534 testamento
1105 3497 1224 3545 coum,
1242 3497 1352 3534 moror-

268 3561 414 3610 liorutium.
829 3564 886 3610 turis
901 3558 1023 3608 iniurium
1039 3557 1178 3619 (rccipiunt,¹
1194 3572 1350 3620 praeponens

829 3634 896 3683 enim
914 3646 994 3682 uuum
1012 3645 1046 3682 ec
1062 3631 1155 3682 libertis
1171 3634 1281 3696 sepulcro
1295 3647 1350 3684 tneo

301 3706 359 3757 tes.
372 3705 430 3757 tou.
447 3707 793 3772 Necumelltoctocitletiec
829 3707 955 3758 custodiae
970 3719 1072 3767 cumae,
1090 3718 1121 3754 oe
1132 3706 1350 3758 turnourrrnsrtur

268 3778 354 3830 semel
370 3782 486 3830 mortem
502 3779 554 3831 sibi
565 3782 734 3832 consciscere
746 3795 794 3832 co·
829 3793 911 3830 meren
929 3780 1039 3842 populus
1054 3785 1170 3830 cocum
1186 3785 1278 3830 cieret
1305 3779 1347 3828 Cl.

269 3857 348 3906 natus
365 3856 420 3913 est,
438 3857 793 3920 sempertamenretrectus
830 3857 882 3905 Sel.
902 3857 930 3916 l,
948 3854 977 3915 8,
996 3854 1037 3904 38.
1058 3879 1085 3888 -
1112 3853 1350 3918 bidentollillits-

267 3929 303 3980 ab
328 3929 374 3990 iis,
401 3931 445 3992 qul
468 3929 549 3980 invito
571 3929 791 3980 succurrebant.»
828 3929 904 3990 mol,
925 3927 1014 3982 locum
1031 3928 1065 3979 de
1082 3927 1157 3980 caelo
1173 3932 1280 3990 tactum,
1299 3931 1348 3991 qui

269 4003 372 4054 Festive
392 3997 523 4069 ἀβλεψίᾳ
543 4003 672 4054 Baxterus
688 4005 750 4067 post
766 4017 791 4052 v.
830 4005 915 4056 caesis
931 4002 1085 4055 bidentibus
1105 4007 1133 4055 et
1152 4017 1198 4055 eru
1217 4005 1346 4054 exsuucta

266 4078 325 4140 tecit
340 4076 485 4142 supplevit:
503 4081 589 4128 iuteo
601 4077 755 4130 demitteret
766 4079 792 4128 ln
829 4077 999 4144 expiabatur.
1027 4081 1174 4143 posteaque
1193 4079 1349 4129 circumsec-

267 4153 427 4204 craterem.»
445 4177 472 4188 -
491 4150 553 4216 ium}
576 4152 675 4217 «pidet
690 4153 791 4204 scinu·
829 4155 891 4218 ptus
910 4151 1055 4216 mmonu,
1082 4165 1115 4202 ue
1135 4153 1194 4218 quis
1213 4163 1269 4202 eum
1288 4151 1349 4200 lan-
