2925 4892
561 381 620 431 un
640 381 659 431 1.
695 381 795 432 nrrsr.
814 383 833 432 ι.
1182 383 1245 449 373

193 534 344 622 Popillia,
370 556 453 624 quos
476 535 558 604 dura
580 538 697 625 premit
719 537 868 605 custodia
890 551 1042 606 matrum:

194 657 250 724 Sic
272 656 349 722 mibi
372 657 464 724 tarda
484 657 589 725 lluunt
608 659 800 748 ingrataque
822 671 985 750 tempora,
1010 683 1096 749 quae
1111 684 1204 752 spem

196 778 442 868 Consiliumque
464 791 631 847 morantur
652 779 770 868 agendi
793 782 917 849 naviter
939 781 988 860 id,
1017 783 1106 872 quod

192 903 308 988 Aeque
335 901 535 990 pauperibus
557 902 706 990 prodest,
731 901 947 992 locupletibus
970 925 1090 994 aeque,
1202 910 1243 975 25

194 1023 308 1108 Aeque
333 1021 513 1110 neglectum
535 1027 645 1112 pueris
668 1025 869 1114 senibusque
890 1028 1037 1094 nocebit:

217 1192 259 1243 ti.
277 1194 378 1243 umriter
393 1193 494 1254 bS,LC:
512 1195 630 1258 puuuiwr
645 1195 770 1260 opimo
788 1197 816 1246 et
831 1195 974 1248 Bentleius.
990 1224 1018 1234 —
1031 1200 1073 1249 te.
1085 1200 1215 1263 locupleti·

182 1267 230 1318 bur
246 1273 324 1330 utque
340 1267 425 1319 Codd.
444 1268 545 1332 aliquot
561 1269 656 1322 nullius
673 1271 836 1321 auctoritatis
853 1271 925 1336 apud
947 1271 1092 1325 Obbarium
1105 1276 1133 1324 et
1143 1274 1210 1325 Edd.

184 1342 332 1394 nonnullae
349 1345 465 1395 veteres.

148 1483 301 1543 eiusmodi,
328 1485 358 1533 ut
379 1495 411 1533 ex
429 1497 476 1543 ea,
504 1486 554 1536 etsi
572 1484 680 1536 diverso
716 1487 866 1550 miprureut.
888 1487 950 1549 (Cic.
964 1500 1014 1551 pro
1032 1488 1121 1539 Caelio
1138 1491 1169 1550 7,
1194 1490 1244 1552 ie.)
1322 1485 1326 1493 '

149 1557 248 1617 modo,
267 1559 349 1607 etiam
361 1558 486 1622 Aristippi
503 1558 624 1624 discipuli
639 1561 680 1610 vi·
716 1561 860 1610 Praeterea
878 1573 940 1610 cum
958 1574 1019 1611 raro
1037 1561 1126 1621 fleret,
1150 1565 1179 1612 ut
1201 1567 1245 1613 tu-

149 1637 206 1684 tam
225 1633 360 1683 moderari
372 1635 515 1696 potuerint.
538 1635 618 1684 Recte
630 1636 680 1698 igi·
717 1635 791 1684 tores
820 1635 871 1698 ipsi
901 1633 1063 1700 pupillorum
1093 1637 1245 1688 educationi

148 1709 257 1758 turiam
267 1708 601 1771 CommentatorCruquii:
616 1711 681 1760 «lte-
717 1721 749 1758 ac
766 1708 920 1773 disciplinae
938 1708 1104 1760 domesticae
1125 1711 1245 1774 invigila-

148 1783 202 1833 bus
220 1784 282 1832 utor
299 1784 349 1842 ita,
368 1783 397 1831 ut
409 1783 447 1832 eis
460 1783 606 1846 imperem,
625 1797 679 1834 non
716 1785 789 1843 rent,
803 1782 1034 1847 quemadmodum
1046 1784 1167 1835 lecerunt
1179 1787 1245 1837 Catu

149 1861 259 1917 autern,
277 1859 308 1907 ut
324 1857 363 1908 eis
376 1857 492 1907 serviam
510 1860 540 1908 ut
555 1872 678 1910 avarus.»
717 1859 862 1918 atemere,
881 1856 982 1908 Luculli
999 1860 1074 1922 pueri
1087 1861 1189 1911 tutores
1201 1861 1243 1924 (de

148 1932 216 1981 Tota
228 1934 320 1981 autem
333 1930 374 1981 illa
386 1931 568 1996 interpretatio
581 1934 677 1995 Stoica,
717 1934 789 1984 Fiun.
803 1933 834 1994 3,
853 1933 899 1996 2.),
919 1946 950 1982 ea
969 1947 1034 1984 cura
1050 1935 1194 1998 praecipue
1209 1935 1245 1986 ad

149 2006 285 2056 cuinunc
302 2004 423 2069 pictique
441 2005 542 2066 latent,
570 2007 678 2058 linxisse
716 2010 818 2058 matres
845 2006 1006 2072 pertinebat.
1051 2009 1118 2059 Cod.
1140 2009 1243 2060 bibli.

149 2081 258 2132 videtur
278 2095 311 2130 aa
333 2081 420 2131 Vossii
443 2082 677 2146 interpretatione:
715 2082 764 2132 Tit.
777 2081 824 2142 te,
838 2083 865 2131 t:
884 2083 1010 2132 Educatio
1023 2083 1180 2144 upilionum
1191 2088 1245 2132 tuo-

151 2156 269 2206 Trucirt'
288 2156 333 2205 icb
349 2156 407 2204 mir
423 2156 577 2206 rotberdie
591 2157 677 2219 Wett,
715 2169 774 2204 rum
790 2155 852 2205 uuiti
868 2158 1039 2220 mepirqucm
1054 2159 1133 2207 urotri
1145 2171 1241 2219 eorum,

148 2231 242 2281 uicbt
258 2232 314 2280 der
332 2230 411 2280 li'elt
427 2231 508 2280 mici
528 2236 680 2282 uuteruu·
715 2232 804 2280 uueu
817 2232 936 2281 uiuum
952 2233 987 2282 eir
1007 2233 1148 2294 iuducerit,
1174 2246 1244 2282 coru-

149 2306 267 2370 biepeu.
715 2306 836 2356 mutando
858 2311 901 2356 est.
944 2308 992 2357 Est
1015 2307 1110 2370 igitur:
1137 2309 1244 2358 «Omnis

715 2393 801 2431 annus
820 2381 882 2444 (non
899 2381 1001 2443 solum,
1024 2383 1055 2431 ut
1078 2381 1121 2432 alii
1137 2381 1242 2442 volunt,

183 2456 272 2506 20-26.
291 2470 345 2505 uoe
355 2456 581 2521 toupu--diesque
592 2458 680 2520 leupo
715 2453 859 2519 papillatus
883 2454 999 2518 ultimus)
1025 2455 1242 2507 adolescentibus

147 2531 258 2594 uidetur]
276 2530 403 2582 Eiusdem
415 2531 537 2582 vocabuli
554 2532 678 2596 repetitio
715 2528 820 2580 lascivis
837 2528 906 2579 solet
921 2530 1007 2580 videri
1023 2529 1130 2593 longus,
1155 2531 1243 2581 donec

149 2606 345 2671 impatientiam
354 2607 525 2668 etamatoris,
536 2607 578 2657 cui
591 2605 678 2670 puella
715 2617 828 2654 severae
859 2605 953 2654 metris
982 2603 1120 2655 custodiae
1149 2605 1245 2669 {Aui-

149 2681 314 2745 promissum
335 2682 441 2730 noctem
467 2694 520 2731 uon
545 2683 676 2745 praestat,
714 2677 810 2740 eicit)
833 2677 944 2727 taudem
960 2690 990 2727 se
1007 2677 1192 2728 subtrahant.»
1213 2707 1240 2715 -

148 2757 178 2806 et
195 2755 312 2819 operarii
329 2753 406 2818 longe
424 2753 519 2806 melius
540 2756 676 2820 exprimit,
713 2751 804 2818 {luunt}
821 2751 848 2802 b.
861 2750 879 2801 l.
896 2751 930 2801 da
948 2750 1020 2802 leuto
1037 2753 1124 2814 motu,
1147 2754 1177 2802 ut
1198 2755 1244 2803 lu·

148 2841 235 2894 quam
251 2827 344 2894 putida
367 2827 409 2878 illa
431 2830 542 2880 variatio
559 2830 679 2894 tonna„
714 2839 777 2877 ven.
799 2827 829 2888 7,
857 2826 902 2877 32:
933 2827 1019 2891 defluit
1042 2832 1120 2878 uetur.
1147 2855 1175 2863 -
1199 2829 1241 2888 id,

147 2905 238 2954 Lentu.
267 2905 299 2952 Α.
313 2904 341 2953 Ρ.
355 2903 417 2954 292:
435 2917 537 2954 carmen
548 2904 679 2966 reprebeu-
715 2902 868 2964 cundoet]
892 2915 992 2952 «rarae
1015 2903 1161 2967 sapientiae
1184 2905 1244 2954 stu-

149 2979 213 3040 dita,
239 2979 306 3040 quod
327 2992 378 3028 uou
393 2979 477 3030 liutto
492 2980 543 3029 dies
560 2985 582 3029 et
598 2980 679 3030 multo
716 2976 803 3036 dium,
821 2976 894 3040 quod
911 2980 985 3027 omni
1003 2977 1088 3028 ordini
1106 2979 1187 3042 atque
1199 2989 1244 3028 ec-

147 3055 232 3104 tituru
253 3055 372 3103 coirucu.
400 3081 427 3090 -
446 3067 508 3116 opus
530 3054 678 3119 debentibus]
715 3051 762 3101 tuli
785 3063 872 3114 aeque
895 3051 1008 3116 prodest
1032 3056 1101 3103 cet.»
1132 3053 1244 3116 Propter

146 3128 310 3193 praesertim
323 3126 437 3190 uncsslis,
454 3126 552 3192 mribus
564 3141 678 3192 pensum
714 3127 770 3176 vim
787 3128 950 3189 sententiae,
977 3141 1047 3191 quae
1071 3126 1170 3178 nullam
1193 3127 1243 3176 ad-

148 3203 279 3252 diurnum
292 3202 455 3266 assignatum
468 3205 517 3265 est,
533 3203 597 3253 item
609 3216 679 3254 mer·
715 3201 794 3252 mittit
811 3204 1011 3267 exceptionem,
1039 3206 1080 3254 ter
1100 3215 1180 3264 oeque
1196 3215 1242 3252 re-

148 3277 509 3339 cenariisinopererustico.
524 3305 552 3314 -
565 3278 679 3328 crutodio
713 3277 820 3340 petitur.
864 3277 989 3328 Similiter
1012 3278 1144 3341 Diogenes
1166 3277 1238 3340 apud

147 3351 279 3413 mutium]
303 3351 390 3402 Probe
413 3353 481 3402 baec
498 3351 618 3403 custodia
636 3353 678 3402 dl·
714 3353 789 3416 Diog.
807 3353 894 3403 baert.
909 3354 938 3413 6,
956 3353 1004 3402 68:
1032 3349 1091 3416 Τήν
1109 3348 1241 3402 παιδείαν

147 3425 310 3490 stinguenda
329 3440 344 3475 a
362 3425 455 3488 tutela,
475 3440 571 3491 quaea
589 3427 679 3477 matri·
714 3421 776 3476 εἶπε
802 3427 946 3490 (Diogenes
973 3427 1072 3490 Sinop.)
1097 3431 1160 3487 τοῖς
1184 3425 1240 3489 μὲν

147 3501 201 3552 bus
219 3499 305 3550 aliena
324 3503 388 3552 erat.
424 3503 524 3552 Seneca
544 3501 578 3551 ad
595 3503 675 3552 liare.
713 3502 791 3564 νέοις
807 3496 1019 3572 σωφροσύνην,
1042 3505 1104 3563 τοῖς
1123 3498 1155 3550 cli
1175 3512 1241 3571 upe-

147 3575 198 3626 2i:
217 3575 331 3638 Pupillus
345 3575 445 3626 relictus
457 3575 534 3640 (lilius
551 3577 621 3640 tuus)
633 3577 678 3628 autb
714 3575 866 3647 οβοιέροις
878 3575 1075 3647 παραμυθίαν,
1084 3573 1186 3639 terget
1195 3577 1242 3626 πέ-

147 3653 593 3715 tulorumcuruuequeuddecimruu
600 3667 678 3715 quur-
713 3666 781 3717 νησι
798 3649 940 3714 πλοῦτον,
965 3657 1025 3714 τοῖς
1041 3649 1073 3702 dt
1090 3649 1241 3715 πλουσίοις

147 3732 203 3778 tun
220 3728 391 3790 quemfecit,
410 3727 677 3778 subumtriacrutodiu
713 3724 828 3793 κόσμον
840 3723 921 3778 εἶναι.
950 3728 1243 3793 Clr.Epicuripraece-

148 3815 258 3865 rerum·
282 3815 340 3852 cum
360 3801 461 3854 baberet
480 3815 537 3852 utor
557 3808 675 3866 peuutes,
714 3804 790 3867 ptum
808 3803 871 3854 ibid.
890 3804 934 3865 tii,
954 3805 1010 3853 tae.
1032 3831 1059 3840 -
1082 3803 1243 3866 locupletibus

146 3877 455 3939 rutuqmretuoruoiuit.
491 3878 583 3942 ltaque
596 3879 676 3928 etiam
714 3877 805 3942 oeque]
834 3877 890 3928 Noli
918 3877 1042 3932 dubitare
1069 3878 1103 3928 de
1129 3879 1242 3928 veritate

148 3965 213 4003 urm
236 3953 271 4002 od
290 3965 365 4002 utem
385 3953 490 4002 tutelam
508 3953 678 4015 perucuissurt
714 3952 793 4003 huius
822 3952 956 4014 lectionis,
986 3966 1068 4017 quam
1097 3955 1169 4004 tecte
1193 3967 1242 4004 ne·

149 4027 214 4090 [Cic.
233 4026 267 4076 de
286 4027 329 4076 Or.
344 4029 372 4088 l,
391 4026 437 4086 39,
458 4027 524 4090 teo.)
543 4028 599 4078 sive
616 4041 677 4078 suec
713 4029 771 4080 scic
783 4029 919 4091 quomodo
931 4028 1095 4079 infirmatum
1107 4029 1153 4078 ivit
1164 4029 1241 4079 Hand

147 4101 242 4153 tutum
256 4102 319 4165 [oeli
336 4106 413 4151 cuent
431 4103 499 4164 (Seu.
517 4103 599 4166 Epist.
613 4103 675 4168 33),
714 4104 790 4154 Turs.
804 4105 823 4154 l.
836 4117 863 4166 p.
884 4103 940 4154 tili.
967 4103 1034 4155 Nihil
1053 4108 1125 4155 certe
1144 4103 1188 4152 bic
1199 4105 1242 4156 in-

147 4177 327 4228 remanebant
343 4176 394 4227 sub
412 4179 527 4228 matrum
545 4178 675 4241 custodia,
713 4177 803 4230 utilius
829 4192 861 4229 ac
886 4178 1000 4230 debilius
1025 4192 1107 4243 quam
1132 4179 1242 4240 iocuple-

148 4265 245 4316 saepe,
266 4255 294 4302 ut
311 4253 417 4317 opinor,
437 4251 524 4304 donec
541 4253 576 4303 ab
594 4255 625 4305 iis
642 4267 678 4304 se·
714 4255 880 4316 illusorque,
898 4255 980 4317 Aeque
991 4257 1043 4305 cet.
1069 4254 1144 4304 Conl.
1158 4255 1239 4304 Tacit.
