2925 4892
283 340 346 408 360
666 342 796 395 llOliA'lll
813 343 994 396 salmantini

326 502 428 575 Tene,
451 508 487 564 ut
509 518 570 586 ego
593 498 735 587 accipiar
755 497 856 575 laute,
882 498 1066 586 torquerier
1087 498 1174 563 omui

325 618 545 687 Sollicitudine
568 619 761 697 districtum,
785 640 826 686 ne
847 620 941 706 panis
962 619 1110 695 adustus,

322 742 369 807 Ne
392 740 476 807 male
499 741 662 808 conditum
686 741 736 806 ius
759 748 955 828 apponatur,
984 749 1020 806 ut
1041 760 1155 807 omnes

323 861 502 927 Praecincti
526 870 614 928 recte
635 862 729 948 pueri
751 862 937 949 comptique
954 862 1149 927 ministrent!
1320 862 1356 925 70

323 980 414 1048 Adde
437 980 497 1047 hos
519 990 688 1067 praeterea
710 1001 820 1058 casus,
844 981 960 1048 aulaea
980 990 1075 1047 ruant
1096 982 1140 1059 si,

323 1103 363 1171 Ut
384 1102 499 1181 mod0;
523 1102 550 1169 si
572 1102 714 1189 patinam
736 1102 821 1189 pede
842 1100 954 1189 lapsus
975 1101 1100 1187 frangat
1121 1123 1229 1190 agaso.

324 1222 390 1289 Sed
413 1222 627 1290 convivatoris
648 1223 694 1289 uti
716 1222 809 1289 ducis
830 1224 993 1310 ingenium
1014 1244 1068 1289 res

321 1343 486 1410 Adversas
513 1342 637 1410 nudare
659 1343 779 1421 solent,
802 1344 909 1411 celare
932 1343 1106 1411 secundae.

321 1464 514 1531 Nasidienus
537 1463 695 1531 adhaec:
719 1463 788 1531 Tibi
810 1464 857 1541 di,
881 1484 1098 1554 quaecuuque
1120 1467 1283 1552 preceris,
1320 1466 1357 1530 75

322 1585 498 1653 Commoda
522 1584 614 1653 denti
636 1586 683 1652 lta
704 1584 881 1651 virbonus
903 1606 940 1653 es
962 1586 1163 1673 convivaque
1186 1588 1298 1653 comis.

344 1756 385 1805 67.
406 1756 453 1805 Ten
469 1770 515 1819 eqo
530 1760 559 1805 et
575 1756 601 1805 S.
622 1780 649 1791 —
670 1756 709 1806 68.
729 1756 873 1805 detrictmn
883 1757 908 1806 S.
924 1781 951 1792 -
966 1756 1006 1806 is.
1019 1758 1133 1818 meroris
1144 1770 1159 1807 e
1171 1760 1198 1806 et
1210 1770 1243 1807 ex
1254 1758 1331 1807 Bent-

310 1828 402 1881 leianis
420 1830 552 1893 quinque,
572 1830 636 1879 «sed
653 1830 843 1880 recentiores.»

278 1970 405 2020 incerta.»
433 1970 541 2019 Bursa.
572 1969 720 2020 «Putabam
743 1981 802 2019 ser·
840 1970 903 2034 cet]
927 1982 960 2019 ex
983 1969 1175 2020 cousuetudine
1198 1970 1359 2033 quotidiana.

277 2056 387 2094 monem
404 2042 536 2105 directum
552 2042 587 2092 ad
603 2044 800 2094 Nasidienum.»
839 2042 915 2094 Plaut
929 2046 1001 2095 Asin.
1023 2046 1047 2105 i,
1067 2045 1090 2101 i,
1115 2044 1156 2093 32.
1175 2047 1202 2093 et
1224 2044 1278 2094 liii.
1297 2043 1359 2107 glor.

278 2120 353 2167 Gran.
381 2118 449 2167 Sane
467 2117 519 2166 hoc
530 2114 676 2180 simplicius
687 2116 729 2167 vel
741 2130 802 2179 pro-
839 2117 868 2177 i,
886 2119 917 2178 i,
936 2117 981 2168 li:
998 2119 1034 2167 Di
1050 2118 1094 2168 tili
1105 2120 1174 2177 dent,
1193 2132 1361 2181 quaeeunque

276 2191 800 2255 ptervv.seqq.-Tens·-iorqocrier]
838 2196 914 2253 optes.
950 2191 1118 2252 sirenas,
1140 2194 1181 2242 is:
1206 2194 1363 2254 Berisum

277 2266 423 2315 infinitivus
440 2264 637 2327 indignationis,
656 2266 685 2314 ut
702 2266 799 2323 Sati,
838 2268 1002 2316 emicedieis.
1038 2268 1145 2317 Didoni
1161 2269 1312 2328 comestis.
1333 2290 1359 2301 ·-

278 2340 306 2401 9,
326 2339 371 2389 is:
399 2340 510 2389 Huncine
526 2340 601 2389 solem
620 2340 680 2388 Tam
698 2340 802 2402 niqrrrm
835 2342 954 2402 preceris]
971 2340 1102 2391 Balatroni
1120 2343 1207 2404 optat,
1227 2356 1282 2392 non
1295 2354 1362 2405 quae

276 2426 383 2464 memes
400 2414 479 2463 miti!
503 2441 530 2449 —
555 2413 706 2477 districtum]
732 2410 798 2463 Plin.
839 2427 910 2463 nuno
935 2416 1023 2478 ipsum
1048 2414 1114 2463 deos
1135 2421 1261 2476 masmar
1286 2413 1362 2479 (nihil

276 2490 308 2538 ll.
322 2490 351 2539 N.
365 2489 410 2550 18,
427 2489 472 2549 26,
491 2489 534 2539 65:
554 2490 687 2538 innascere
697 2487 803 2537 rusticor
838 2490 910 2538 enim
928 2490 1008 2538 certis
1030 2487 1121 2538 verbis
1145 2490 1295 2552 precatur),
1315 2489 1363 2541 sed

275 2576 341 2612 cura
365 2564 507 2627 dominpol.
536 2592 562 2599 —
586 2576 617 2611 ne
638 2564 714 2625 ponis
737 2560 799 2624 cet]
838 2576 1014 2627 quaecunque
1040 2560 1091 2611 alio
1116 2564 1211 2625 quovis
1239 2566 1363 2628 tempore

276 2636 423 2688 Particulae
444 2652 475 2688 ns
498 2641 524 2688 ei
547 2643 575 2687 ei
596 2638 716 2701 pendent
739 2650 798 2685 av.
837 2638 947 2687 forsitan
961 2637 1065 2698 procori
1078 2638 1165 2699 possit.
1200 2639 1271 2688 iiiuc
1288 2639 1315 2688 h.
1334 2636 1362 2691 1..

274 2712 445 2761 sollicitudine.
460 2738 488 2748 —
502 2712 578 2774 ponis
594 2710 704 2774 muros]
722 2710 800 2759 Vide-
837 2714 867 2761 ut
887 2713 1037 2762 monstrant
1059 2712 1140 2761 eiiam
1161 2710 1212 2761 loci
1234 2711 1362 2770 Plautini,

275 2785 338 2836 licet
355 2788 381 2835 in
398 2787 439 2836 his
457 2785 581 2837 omnibus
599 2789 724 2850 peccarat
747 2786 800 2834 Na·
837 2787 1020 2837 coniunctivae
1031 2785 1225 2850 praeferendus
1237 2786 1363 2837 esthaud

276 2862 407 2920 sidienus,
434 2873 503 2924 pane
527 2860 622 2910 adusto
647 2856 800 2931 (ἡνθρακι-
837 2874 985 2925 paucorum
1002 2860 1086 2911 Codd.
1099 2860 1251 2910 indicativo.

276 2934 392 3000 σμένῳ),
412 2934 468 2983 iure
485 2934 798 2997 praveconditoerucis,
871 2936 911 2984 77.
930 2935 971 2985 is.
1000 2934 1079 2984 scices
1097 2933 1186 2997 possit]
1209 2935 1286 2985 Foris
1309 2932 1365 2985 cal-

275 3007 367 3069 inulis,
388 3006 467 3057 illutis
485 3008 600 3067 echinis,
620 3010 746 3060 ministris
763 3012 800 3059 ri·
837 3013 909 3070 ceis,
936 3009 1008 3059 domi
1033 3007 1112 3060 soleis
1134 3008 1283 3059 utebantur
1299 3010 1361 3065 viri;

276 3081 364 3133 dicule
385 3081 478 3131 cinctis
495 3083 522 3131 at
546 3082 673 3145 comptis,
701 3082 800 3134 aulaeis
837 3085 948 3135 easdem
971 3086 998 3133 in
1022 3083 1218 3135 discumbendo
1239 3085 1365 3149 depone-

276 3170 371 3221 parum
395 3154 465 3206 iuliis
482 3158 533 3207 cei.
569 3158 607 3205 lta
624 3159 646 3207 si
667 3159 797 3221 accipias,
837 3161 914 3219 hant3
933 3160 1068 3224 depositas
1085 3171 1194 3209 servum
1210 3161 1302 3222 poscit
1312 3161 1365 3209 Na·

275 3232 352 3295 louge
382 3229 476 3281 salsior
504 3232 641 3294 magisque
669 3232 799 3285 malitiosa
836 3234 971 3295 sidienus,
990 3236 1020 3283 ut
1036 3233 1166 3283 deeoeua
1179 3237 1274 3296 surgat
1290 3234 1365 3283 iube-

274 3307 321 3356 flet
338 3305 483 3356 Balatronis
501 3303 658 3366 consolatio,
678 3320 759 3370 quam
777 3310 799 3359 si
836 3312 917 3372 atque
926 3309 1079 3372 praeparari
1089 3320 1290 3368 mazonomum,
1301 3321 1363 3371 quc,

274 3383 300 3432 iu
324 3382 480 3431 uuiversum
503 3394 565 3430 eum
587 3380 620 3431 de
642 3381 799 3433 calamitati-
836 3383 975 3448 deperdita
998 3382 1108 3446 pulvere
1126 3382 1270 3444 muraena,
1299 3394 1365 3431 con-

273 3456 338 3517 bus,
373 3455 472 3520 quibus
505 3456 656 3506 convivium
685 3457 798 3520 quodvis
835 3460 909 3508 vivas
925 3456 1034 3508 soletur.
1069 3451 1194 3520 Sicapiid
1212 3458 1366 3508 Pherecra-

274 3532 341 3582 iorie
364 3531 432 3581 affici
457 3532 555 3595 possit,
583 3531 626 3580 hic
648 3531 720 3596 loqui
742 3534 798 3581 sta-
835 3534 890 3583 tem
907 3532 1028 3583 lieinekii
1049 3534 1089 3582 Fr.
1108 3532 1183 3581 Com.
1202 3533 1233 3580 11.
1252 3544 1282 3595 p.
1305 3532 1363 3581 3311.

273 3608 341 3655 tuas.
363 3633 390 3641 -
412 3606 502 3669 opusc]
528 3618 655 3667 «servus,
683 3607 728 3669 qui
756 3608 798 3656 iu·
834 3607 916 3657 homo
933 3606 1053 3656 convivio
1070 3605 1190 3656 abiturus
1202 3598 1364 3665 ὑποδεῖται,

274 3681 365 3729 menia
388 3680 495 3730 curat.»
525 3682 584 3729 Aen.
624 3681 795 3741 Nasidienus,
834 3680 939 3732 calceos
957 3682 1049 3731 induit.
1080 3680 1163 3731 Plaut.
1177 3680 1285 3731 Trucul.
1299 3682 1326 3739 2,
1340 3681 1364 3739 1,

274 3756 303 3803 ut
330 3765 469 3802 servorum
499 3765 641 3803 numerum
671 3758 794 3818 augeret,
834 3756 880 3805 ii:
898 3756 1367 3817 cmmemmitqemperatqas·

273 3828 362 3890 ipsum
388 3839 495 3888 quoque
521 3840 679 3890 agasonem,
707 3830 796 3879 homi·
832 3831 894 3892 ferte
909 3842 1029 3879 maworn.
1043 3844 1068 3879 v.
1082 3829 1129 3879 ⁴6:
1147 3831 1203 3879 lam
1218 3828 1366 3879 reditium

272 3913 335 3950 uem
357 3900 424 3949 adeo
447 3912 587 3961 scaevum,
613 3907 643 3953 ut
667 3916 796 3955 amovens
832 3918 903 3963 mim
921 3907 990 3955 denis
1005 3906 1097 3966 misas,
1115 3906 1174 3954 cedo
1185 3905 1279 3954 bibam
1294 3933 1324 3941 -
1338 3906 1366 3953 irs

272 3971 378 4031 aulaea,
403 3986 472 4036 quus
490 3976 655 4034 ceciderant,
677 3979 795 4041 patinam
832 3981 894 4029 iacto
910 3979 1015 4044 qiroqne]
1038 3981 1151 4029 Remoto
1167 3979 1279 4028 domino
1298 3992 1366 4028 coe-

271 4047 417 4112 irangeret,
441 4047 488 4098 illis
514 4054 680 4113 aggregarnt;
714 4053 795 4116 idque
833 4066 883 4103 rrae
901 4068 955 4104 non
966 4053 1052 4105 solum
1063 4054 1223 4104 Maecenatis
1234 4054 1365 4111 comites,

271 4119 397 4174 Servilius
415 4122 541 4175 odoratus
559 4126 622 4175 erat.
643 4154 669 4161 —
689 4129 794 4192 nudare]
833 4140 927 4178 varum
945 4129 1026 4178 etiam
1042 4128 1088 4179 imi
1105 4128 1166 4178 lecti
1187 4128 1300 4191 parasiti
1325 4129 1368 4176 io·

272 4198 450 4262 «patefacere,
477 4197 630 4261 detegere.»
651 4229 677 4237 -
700 4202 750 4251 Tibi
769 4204 796 4252 ιιι
833 4215 879 4253 eos
891 4203 925 4253 de
942 4202 1053 4254 ridiculo
1065 4216 1130 4255 casu
1146 4204 1172 4253 in
1190 4214 1286 4253 aurem
1302 4214 1368 4266 pro-
