2925 4892
288 340 350 404 766
768 341 896 392 llOltATll

326 496 379 564 Sic
401 494 493 570 mihi,
516 496 573 582 qui
595 493 729 561 multum
752 505 874 570 cessat,
897 495 933 561 lit
954 493 1122 562 Choerilus
1145 495 1215 570 ille,

325 619 431 696 Quem
454 616 505 682 his
526 627 616 682 terve
638 615 759 682 honum
782 636 857 682 cum
879 617 946 681 risu
970 617 1086 694 miron
1108 627 1140 682 et
1163 617 1248 684 idem

327 737 494 824 indignor,
517 735 715 824 quandoque
739 737 846 804 bonus
869 736 1021 804 dormitat
1041 738 1211 804 llomerus.

327 860 444 924 Verum
467 860 559 946 operi
582 856 679 946 longo
700 858 748 923 ias
773 867 822 924 est
843 856 1005 944 obrepere
1028 877 1186 924 somnum.
1308 857 1362 922 ooo

351 1019 408 1068 aar.
427 1019 469 1068 Sic
484 1017 591 1068 mother
605 1017 667 1068 44444
682 1019 726 1078 qui
744 1019 771 1068 B.
789 1047 814 1052 —
835 1017 960 1068 0444444444
975 1016 1117 1067 4444444444.
1139 1045 1166 1054 -
1185 1017 1244 1068 358.
1264 1020 1334 1080 (iuer

319 1092 364 1155 hir]
382 1093 497 1154 (44444444
513 1093 543 1142 Β.
563 1116 590 1128 -
611 1097 696 1154 terque
712 1090 818 1150 445444,
843 1091 919 1142 LCtl.
945 1093 1021 1154 (terve
1036 1091 1066 1150 Β,
1085 1093 1121 1154 τ.)
1136 1119 1164 1128 -
1177 1097 1201 1142 et
1217 1094 1282 1142 4444
1297 1093 1336 1141 444-

317 1167 416 1230 dipnor.
445 1167 599 1228 Quandoque
614 1167 692 1216 bouus
707 1167 827 1216 domitat
848 1167 985 1226 llornerue,·
1018 1168 1106 1216 Veron
1129 1168 1165 1230 (Τ)
1189 1168 1291 1217 Gouod.
1310 1193 1334 1202 -

317 1241 375 1291 344.
393 1253 467 1302 opere
482 1241 510 1289 io
526 1239 600 1304 termo
616 1238 665 1300 bl,
684 1255 712 1298 κ,
730 1241 783 1291 th
800 1240 862 1301 (non
877 1239 952 1290 Bscd
969 1241 1126 1304 Cmquieni,
1144 1237 1166 1299 β
1183 1241 1212 1290 et
1229 1254 1268 1305 pr.
1286 1243 1319 1306 γ).

286 1370 382 1436 pollice
407 1369 540 1433 tangenda
563 1369 679 1421 eundem
702 1382 812 1434 semper
849 1369 969 1432 Odyssea
986 1370 1179 1434 posterioribus
1195 1371 1366 1422 aetatibusin

286 1457 407 1495 errorem
425 1439 744 1508 committit;»'fellprei!t.
848 1443 955 1494 tendum
973 1442 1114 1494 molestam
1136 1445 1299 1508 reprehendi
1315 1445 1365 1508 opi-

318 1517 439 1568 eor-360.
459 1518 566 1568 44444444
582 1518 669 1581 cerem]
687 1519 812 1582 «propter
849 1519 934 1567 44444.
968 1519 1021 1581 Ego
1043 1519 1131 1582 potius
1155 1517 1245 1568 relero
1263 1519 1296 1568 ed
1312 1515 1365 1568 444-

287 1591 471 1658 uegligentiam
489 1593 576 1645 olliclo
593 1607 643 1644 suo
663 1605 716 1643 non
732 1594 812 1644 sotis-
848 1593 961 1654 φωνιας
978 1604 1010 1642 44
1028 1592 1109 1642 miras
1127 1589 1184 1642 illas
1195 1591 1365 1650 difficultates,

286 1670 378 1729 lacit,»
395 1671 426 1718 ut
440 1669 507 1732 Epp.
519 1669 550 1728 2,
567 1669 599 1728 4,
612 1667 657 1718 tl:
677 1669 757 1718 Serrei
773 1669 812 1717 hic
848 1679 917 1729 quae
930 1663 1031 1717 λύσεσι
1048 1665 1207 1729 pmesertim
1221 1665 1367 1716 Alexandri-

285 1744 443 1794 carnot.-
462 1741 596 1805 04444444]
614 1741 653 1792 Cl.
666 1743 732 1807 Epp.
746 1743 772 1802 4,
786 1743 809 1804 4,
848 1751 943 1790 norum
966 1739 1095 1824 originem
1119 1738 1270 1802 dederunt,
1296 1743 1366 1802 etque

286 1817 334 1868 434
344 1830 436 1881 sqq
425 1815 578 1866 reboet-ilus
586 1829 652 1878 qur
663 1819 737 1878 gesta
749 1779 812 1866 Ale-¹
848 1813 883 1863 ad
894 1827 926 1863 44
941 1813 1043 1872 44444,
1063 1825 1132 1875 quae
1144 1817 1258 1878 pmpter
1269 1827 1367 1865 444444

286 1890 381 1940 444444
401 1889 558 1940 describens
581 1891 688 1966 septem
707 1891 810 1940 4444444
848 1886 951 1939 scilicet
975 1885 1173 1950 simplicitatem
1199 1886 1243 1938 vel
1269 1891 1369 1953 propter

286 1977 382 2016 versus
398 1963 545 2014 laudabiles
562 1965 662 2023 44444ς-
669 1965 737 2014 -cui
750 1961 812 2014 tle-
850 1973 955 2011 morum
973 1975 1005 2010 ac
1022 1960 1154 2010 sentiendi
1168 1961 1368 2026 discrepantiam

286 2037 389 2088 xauder
396 2037 480 2088 444444
487 2038 594 2097 dixisse,
604 2036 683 2089 44414
691 2051 722 2088 44
730 2039 812 2088 Ther
849 2033 1026 2098 displicebant
1041 2033 1226 2086 Alexandrinis
1241 2040 1270 2086 et
1281 2037 1368 2086 Roma-

286 2111 812 2175 4444444444444444444444444444444-
849 2109 890 2158 uis
906 2109 1003 2158 444444
1021 2109 1147 2158 iudicium
1164 2108 1369 2174 plerumquesc·

285 2184 349 2234 lem.
368 2184 518 2234 Alexander
535 2188 625 2235 autem
642 2190 811 2249 pectuscum
849 2182 924 2232 cutis.
948 2181 1106 2232 Incredibile
1124 2185 1216 2233 autem
1234 2187 1290 2245 est,
1307 2195 1368 2246 quac
1439 2179 1440 2218 ἕ

285 2272 333 2316 44,
358 2260 388 2308 44
408 2259 430 2308 44
452 2258 553 2308 bonum
575 2259 675 2310 laceret
690 2272 809 2320 444444,
849 2258 876 2306 44
891 2254 978 2319 qualia
990 2256 1215 2320 reprehenderint
1226 2269 1280 2307 non
1291 2255 1368 2308 solum

285 2344 367 2382 aureo
379 2333 539 2382 numismate
550 2331 709 2394 donaretur
722 2334 812 2384 sime·
848 2331 1028 2393 grammatici,
1053 2331 1102 2382 sed
1124 2331 1205 2382 etiam
1226 2330 1368 2395 philosophi

285 2404 354 2465 lum,
369 2405 481 2470 colapho
493 2405 628 2457 feriretur
647 2421 694 2471 qur
704 2421 812 2472 saepius
849 2406 875 2456 in
893 2405 1018 2463 Homero,
1035 2401 1116 2454 veluti
1129 2402 1303 2456 Philodemus
1314 2403 1368 2472 erpi

286 2477 356 2530 male
384 2479 529 2531 scribendo
556 2480 675 2546 colaphis
700 2484 811 2532 necatus
849 2473 1062 2543 κοιημάτωνρ.
1081 2478 1122 2527 44.
1141 2477 1246 2528 44444444
1266 2475 1307 2528 Τὰ
1323 2473 1369 2542 τὴν

231 2571 235 2580 ·
287 2555 354 2605 est.»
372 2553 457 2604 Coun.
470 2555 549 2612 Cano.
585 2554 637 2605 sed
654 2555 688 2606 de
706 2555 812 2608 insulsis
848 2552 903 2617 μὲν
920 2545 1091 2602 44444444
1077 2565 1184 2612 exorsu
1204 2550 1439 2612 4444444444,1

286 2627 548 2680 hisscholiastarum
564 2629 766 2680 narratiunculis
783 2633 811 2680 tu
848 2623 902 2692 τὴν
927 2624 958 2678 dt
983 2623 1114 2677 διάνοιαν
1139 2620 1302 2678 ἀλλόκοτον
1325 2627 1368 2676 444
1438 2617 1439 2634 ’

286 2701 380 2752 444444
393 2703 484 2753 Naekii
495 2702 685 2768 choerilump.
698 2704 738 2754 36
752 2705 810 2756 4444.
849 2700 1102 2788 rapexdedpaoiav
1118 2697 1170 2752 edu
1188 2699 1291 2754 κοινὸν
1307 2699 1368 2754 νοῦν

285 2777 345 2826 207.
363 2777 812 2829 CetemmChoerilusaGramma·
847 2775 927 2828 rarii
945 2775 1025 2827 ἐστὶν
1042 2769 1163 2847 desputa,
1190 2773 1323 2860 καθάπερ
1338 2773 1368 2826 rui

287 2850 344 2900 ticis
362 2849 477 2900 llomem
493 2850 620 2903 tralaticio
631 2867 707 2916 queat
718 2865 811 2904 exem
849 2848 1036 2917 Κνημῑὸας
1059 2849 1126 2914 μὲν
1151 2847 1275 2920 πρῶτα
1299 2851 1367 2920 περὶ

287 2921 680 2986 plooppositusessevidetur.
707 2927 811 2978 Siceti-
848 2919 1175 2996 κνήμῃσινὲθηκαν.
1184 2923 1268 2986 444444.
1275 2925 1367 2992 γ,.33(44
1437 2929 1438 2950 ¹

286 2995 464 3046 4414444444
473 2996 506 3046 44
517 2997 580 3050 Plut
591 3001 704 3051 Phaedr.
713 3015 741 3065 p.
750 3001 808 3050 rte:
848 2999 936 3052 schol
953 2997 1023 3063 volg.
1040 2998 1074 3048 ad
1091 2996 1234 3061 044444
1253 2999 1365 3052 tet-tet:

287 3069 321 3120 m
345 3063 400 3138 γὰρ
427 3062 575 3134 ὅμοιον’
556 3089 575 3136 η
596 3073 736 3144 Χοιρίλου
761 3075 811 3124 καὶ
844 3067 1026 3136 naemu,-
1036 3067 1114 3122 τὸν
1130 3065 1230 3135 οὔπως
1248 3067 1310 3124 ἔστι
1324 3086 1367 3123 xe·

287 3137 478 3206 Καλλιμάχου
515 3145 631 3209 ποίησις
659 3159 679 3196 x
679 3141 731 3217 ρὸς
758 3142 812 3211 τὴν
849 3146 938 3220 ρῆσαι
959 3143 1051 3211 Πεζὸν
1068 3142 1170 3198 ἐόντα·
1195 3140 1366 3200 ’.4444444444

284 3213 710 3289 ὉμήρουκαὶΠινδάρουμ-
735 3223 810 3284 urus]
849 3229 939 3291 τρεῖς·
958 3221 1072 3289 γέλοιον
1088 3219 1119 3272 dl
1136 3216 1364 3284 444ζὸ4444444
1436 3269 1437 3274 ,

288 3290 813 3354 Quidiutersitiuterlormulasbieterue
850 3297 963 3349 Lucilius
986 3297 1051 3347 4444.
1068 3309 1095 3360 p.
1112 3295 1169 3346 334.
1190 3295 1271 3360 (cert.
1285 3311 1309 3362 p.
1321 3296 1364 3354 34.)

288 3371 314 3419 44
330 3367 367 3417 444
382 3373 476 3430 terque,
496 3365 617 3418 lacithme
633 3370 812 3431 persentisces
850 3371 990 3422 extlonio:
1003 3369 1364 3431 memnonem

287 3441 382 3493 collato
399 3455 424 3491 v.
444 3442 501 3493 tto.
521 3441 559 3492 Cl.
579 3442 703 3506 Epod.tt,
720 3444 810 3494 33.-
848 3447 968 3507 Perpetm
992 3444 1077 3506 malpel
1103 3455 1196 3506 neque,
1227 3447 1294 3506 quod
1318 3443 1365 3492 diri

288 3518 656 3581 144494444444444444444
669 3518 733 3569 item
745 3518 811 3580 4444,
849 3524 920 3579 nete,
943 3519 1032 3582 poesin
1056 3519 1157 3570 Versum
1177 3531 1259 3570 44444
1274 3519 1361 3580 mtpnt.

289 3591 504 3654 quandocunque
529 3593 557 3642 iu
580 3592 696 3642 llomero
719 3593 812 3642 444444
848 3593 964 3654 emtum,
993 3593 1159 3655 monerem,
1190 3594 1282 3644 4444444.
1308 3594 1362 3644 Mire

289 3663 396 3727 aliquod
408 3665 605 3727 animadverto,
623 3666 686 3729 quia
697 3679 760 3716 cum
771 3666 812 3716 his
850 3667 968 3718 distinxit
984 3667 1093 3718 Gonod:
1120 3673 1144 3718 et
1164 3668 1231 3718 idere
1246 3669 1361 3731 lediprer.

288 3749 398 3801 prorsus
415 3741 569 3800 exemptum
581 3751 720 3801 cuperem.
738 3742 812 3789 Atta·
850 3741 1004 3802 Quandoque
1021 3739 1171 3803 (interdum)
1189 3741 1268 3792 444444
1282 3739 1364 3791 m

287 3823 349 3860 mco
368 3811 404 3858 ita
415 3811 562 3861 Homerum
577 3825 683 3864 mecum
695 3814 752 3876 ipse
765 3827 812 3864 44·
850 3819 886 3866 444
902 3816 1040 3866 Homeris:
1069 3817 1112 3877 eje
1126 3817 1178 3875 ris,
1197 3819 1227 3878 je
1242 3819 1362 3872 44444444,

288 3897 367 3944 cuso,
380 3884 499 3945 cogitans
510 3885 663 3936 mirandum
675 3899 727 3936 non
741 3899 810 3946 csse.
849 3895 873 3940 et
889 3903 919 3940 eri
935 3893 1016 3940 mone
1026 3895 1103 3951 temps
1113 3892 1142 3952 je
1152 3893 1205 3941 4444
1215 3893 1320 3956 iodim
1336 3891 1364 3939 te

287 3959 310 4008 si
327 3956 368 4008 vel
394 3969 517 4006 summus
536 3962 614 4022 pocta
636 3961 662 4010 in
679 3962 812 4024 poematis
849 3963 918 4012 44444
935 3962 1041 4014 44444444
1054 3965 1362 4028 mmdtbquetmefoim

287 4035 341 4083 tam
359 4031 442 4095 longis
454 4032 596 4094 interdum,
610 4034 658 4084 sed
669 4048 741 4094 4444,
755 4047 812 4086 ces·
850 4039 979 4088 Provocat
1000 4039 1091 4089 autem
1110 4039 1144 4088 ad
1163 4040 1266 4099 Quintil.
1284 4042 1325 4098 44,
1342 4039 1361 4093 4.

287 4110 352 4156 set.»
373 4105 458 4168 illirici
473 4107 567 4170 priech.
579 4109 669 4160 Pocrie.
681 4109 701 4158 1.
714 4108 809 4172 pilli.
849 4111 895 4162 444
921 4125 978 4162 cum
995 4112 1363 4164 ticerunidomiitereteten'n
1433 4143 1434 4156 .

285 4179 328 4228 bis
345 4179 434 4231 verbis
452 4180 603 4234 tarditatem
615 4183 772 4233 narrationis
785 4183 811 4234 in
849 4185 1036 4248 Demosthenes,
1054 4187 1161 4238 Horatio
1171 4200 1230 4239 vero
1240 4183 1363 4238 444444444-
