<?xml version="1.0" encoding="UTF-8"?>
<!DOCTYPE html PUBLIC "-//W3C//DTD XHTML 1.0 Transitional//EN"
    "http://www.w3.org/TR/xhtml1/DTD/xhtml1-transitional.dtd">
<html xmlns="http://www.w3.org/1999/xhtml" xml:lang="en" lang="en">
 <head>
  <title>
</title>
<meta http-equiv="Content-Type" content="text/html;charset=utf-8" />
  <meta name='ocr-system' content='tesseract 3.04.00' />
  <meta name='ocr-capabilities' content='ocr_page ocr_carea ocr_par ocr_line ocrx_word'/>
</head>
<body>
  <div class='ocr_page' id='page_1' title='image "./qhoratiusflaccu03baitgoog/qhoratiusflaccu03baitgoog_0082.png"; bbox 0 0 2925 4892; ppageno 0'>
   <div class='ocr_carea' id='block_1_1' title="bbox 273 354 979 419">
    <p class='ocr_par' dir='ltr' id='par_1_1' title="bbox 273 354 979 419">
     <span class='ocr_line' id='line_1_1' title="bbox 273 354 979 419; baseline -0.02 0"><span class='ocrx_word' id='word_1_1' title='bbox 273 354 313 419; x_wconf 81' lang='lat' dir='ltr'><strong>tit</strong></span> <span class='ocrx_word' id='word_1_2' title='bbox 652 358 780 406; x_wconf 80' lang='lat' dir='ltr'><strong>ttoaartt</strong></span> <span class='ocrx_word' id='word_1_3' title='bbox 797 356 979 408; x_wconf 72' lang='lat' dir='ltr'><strong>sinnaaon</strong></span> 
     </span>
    </p>
   </div>
   <div class='ocr_carea' id='block_1_2' title="bbox 273 509 1360 1081">
    <p class='ocr_par' dir='ltr' id='par_1_2' title="bbox 273 509 1360 718">
     <span class='ocr_line' id='line_1_2' title="bbox 273 509 1360 599; baseline -0.006 -20"><span class='ocrx_word' id='word_1_4' title='bbox 273 512 421 599; x_wconf 82' lang='lat' dir='ltr'><strong>Optimus</strong></span> <span class='ocrx_word' id='word_1_5' title='bbox 444 522 494 577; x_wconf 87' lang='lat' dir='ltr'><strong>est</strong></span> <span class='ocrx_word' id='word_1_6' title='bbox 515 509 712 591; x_wconf 87' lang='lat' dir='ltr'><strong>modulator;</strong></span> <span class='ocrx_word' id='word_1_7' title='bbox 735 521 771 576; x_wconf 91' lang='lat' dir='ltr'><strong>ut</strong></span> <span class='ocrx_word' id='word_1_8' title='bbox 792 510 933 577; x_wconf 77' lang='lat' dir='ltr'><strong>Aiicnius</strong></span> <span class='ocrx_word' id='word_1_9' title='bbox 955 510 1058 587; x_wconf 83' lang='lat' dir='ltr'><strong>veser,</strong></span> <span class='ocrx_word' id='word_1_10' title='bbox 1082 511 1169 576; x_wconf 88' lang='lat' dir='ltr'><strong>omni</strong></span> <span class='ocrx_word' id='word_1_11' title='bbox 1296 511 1360 575; x_wconf 82' lang='grc'><strong>430</strong></span> 
     </span>
     <span class='ocr_line' id='line_1_3' title="bbox 273 630 1109 718; baseline -0.005 -19"><span class='ocrx_word' id='word_1_12' title='bbox 273 633 404 699; x_wconf 73' lang='lat' dir='ltr'><strong>Abiecto</strong></span> <span class='ocrx_word' id='word_1_13' title='bbox 427 632 637 698; x_wconf 86' lang='lat' dir='ltr'><strong>instrumento</strong></span> <span class='ocrx_word' id='word_1_14' title='bbox 661 632 738 698; x_wconf 88' lang='lat' dir='ltr'><strong>artis</strong></span> <span class='ocrx_word' id='word_1_15' title='bbox 761 631 937 718; x_wconf 82' lang='lat' dir='ltr'><strong>clausaque</strong></span> <span class='ocrx_word' id='word_1_16' title='bbox 960 630 1109 706; x_wconf 84' lang='lat' dir='ltr'><strong>taberna,</strong></span> 
     </span>
    </p>

    <p class='ocr_par' dir='ltr' id='par_1_3' title="bbox 273 751 1125 839">
     <span class='ocr_line' id='line_1_4' title="bbox 273 751 1125 839; baseline -0.001 -21"><span class='ocrx_word' id='word_1_17' title='bbox 273 754 369 819; x_wconf 91' lang='lat' dir='ltr'><strong>Sutor</strong></span> <span class='ocrx_word' id='word_1_18' title='bbox 391 763 477 827; x_wconf 86' lang='lat' dir='ltr'><strong>erat,</strong></span> <span class='ocrx_word' id='word_1_19' title='bbox 502 756 632 838; x_wconf 84' lang='lat' dir='ltr'><strong>sapiens</strong></span> <span class='ocrx_word' id='word_1_20' title='bbox 655 751 765 838; x_wconf 88' lang='lat' dir='ltr'><strong>operis</strong></span> <span class='ocrx_word' id='word_1_21' title='bbox 788 752 835 818; x_wconf 88' lang='lat' dir='ltr'><strong>sic</strong></span> <span class='ocrx_word' id='word_1_22' title='bbox 857 751 998 839; x_wconf 85' lang='lat' dir='ltr'><strong>optimus</strong></span> <span class='ocrx_word' id='word_1_23' title='bbox 1021 753 1125 817; x_wconf 90' lang='lat' dir='ltr'><strong>omnis</strong></span> 
     </span>
    </p>

    <p class='ocr_par' dir='ltr' id='par_1_4' title="bbox 274 871 1148 960">
     <span class='ocr_line' id='line_1_5' title="bbox 274 871 1148 960; baseline -0.002 -21"><span class='ocrx_word' id='word_1_24' title='bbox 274 875 328 939; x_wconf 86' lang='lat' dir='ltr'><strong>Est</strong></span> <span class='ocrx_word' id='word_1_25' title='bbox 349 872 456 960; x_wconf 80' lang='lat' dir='ltr'>opifex</span> <span class='ocrx_word' id='word_1_26' title='bbox 478 871 580 945; x_wconf 88' lang='lat' dir='ltr'><strong>solus,</strong></span> <span class='ocrx_word' id='word_1_27' title='bbox 605 872 653 939; x_wconf 87' lang='lat' dir='ltr'><strong>sic</strong></span> <span class='ocrx_word' id='word_1_28' title='bbox 676 893 743 938; x_wconf 83' lang='lat' dir='ltr'><strong>rex.</strong></span> <span class='ocrx_word' id='word_1_29' title='bbox 788 872 913 938; x_wconf 88' lang='lat' dir='ltr'><strong>Veliunt</strong></span> <span class='ocrx_word' id='word_1_30' title='bbox 934 872 990 939; x_wconf 88' lang='lat' dir='ltr'><strong>tibi</strong></span> <span class='ocrx_word' id='word_1_31' title='bbox 1013 872 1148 939; x_wconf 84' lang='lat' dir='ltr'>barbam</span> 
     </span>
    </p>

    <p class='ocr_par' dir='ltr' id='par_1_5' title="bbox 273 993 1055 1081">
     <span class='ocr_line' id='line_1_6' title="bbox 273 993 1055 1081; baseline -0.004 -19"><span class='ocrx_word' id='word_1_32' title='bbox 273 995 396 1063; x_wconf 83' lang='lat' dir='ltr'><strong>Lascivi</strong></span> <span class='ocrx_word' id='word_1_33' title='bbox 419 994 528 1081; x_wconf 75' lang='lat' dir='ltr'><strong>pueri3</strong></span> <span class='ocrx_word' id='word_1_34' title='bbox 551 1014 635 1079; x_wconf 87' lang='lat' dir='ltr'><strong>quos</strong></span> <span class='ocrx_word' id='word_1_35' title='bbox 659 1003 692 1057; x_wconf 90' lang='lat' dir='ltr'><strong>tu</strong></span> <span class='ocrx_word' id='word_1_36' title='bbox 715 993 776 1058; x_wconf 92' lang='lat' dir='ltr'><strong>nisi</strong></span> <span class='ocrx_word' id='word_1_37' title='bbox 798 993 881 1059; x_wconf 82' lang='lat' dir='ltr'><strong>iuste</strong></span> <span class='ocrx_word' id='word_1_38' title='bbox 905 1001 1055 1068; x_wconf 69' lang='lat' dir='ltr'><strong>coerceo,</strong></span> 
     </span>
    </p>
   </div>
   <div class='ocr_carea' id='block_1_3' title="bbox 304 1161 1330 1675">
    <p class='ocr_par' dir='ltr' id='par_1_6' title="bbox 304 1161 1330 1675">
     <span class='ocr_line' id='line_1_7' title="bbox 340 1161 1328 1228; baseline -0.002 -13"><span class='ocrx_word' id='word_1_39' title='bbox 340 1164 396 1215; x_wconf 87' lang='grc'>430.</span> <span class='ocrx_word' id='word_1_40' title='bbox 415 1164 524 1227; x_wconf 76' lang='lat' dir='ltr'><strong>Aisanios</strong></span> <span class='ocrx_word' id='word_1_41' title='bbox 546 1161 670 1213; x_wconf 84' lang='lat' dir='ltr'><strong>Oreliius=</strong></span> <span class='ocrx_word' id='word_1_42' title='bbox 696 1163 798 1225; x_wconf 76' lang='lat' dir='ltr'><strong>Alsenos</strong></span> <span class='ocrx_word' id='word_1_43' title='bbox 814 1163 885 1213; x_wconf 79' lang='lat' dir='ltr'><strong>Libri</strong></span> <span class='ocrx_word' id='word_1_44' title='bbox 905 1167 932 1213; x_wconf 89' lang='lat' dir='ltr'><strong>et</strong></span> <span class='ocrx_word' id='word_1_45' title='bbox 953 1164 1018 1213; x_wconf 89' lang='lat' dir='ltr'><strong>Edd.</strong></span> <span class='ocrx_word' id='word_1_46' title='bbox 1037 1166 1145 1228; x_wconf 86' lang='lat' dir='ltr'><strong>praeter</strong></span> <span class='ocrx_word' id='word_1_47' title='bbox 1162 1163 1195 1222; x_wconf 82' lang='lat' dir='ltr'><strong>C,</strong></span> <span class='ocrx_word' id='word_1_48' title='bbox 1220 1166 1266 1228; x_wconf 89' lang='lat' dir='ltr'><strong>qui</strong></span> <span class='ocrx_word' id='word_1_49' title='bbox 1283 1165 1328 1215; x_wconf 77' lang='grc'>,44-</span> 
     </span>
     <span class='ocr_line' id='line_1_8' title="bbox 304 1237 1329 1304; baseline 0 -17"><span class='ocrx_word' id='word_1_50' title='bbox 304 1240 388 1304; x_wconf 72' lang='lat' dir='ltr'><strong>Jininr.</strong></span> <span class='ocrx_word' id='word_1_51' title='bbox 409 1267 436 1274; x_wconf 93' lang='lat'>—</span> <span class='ocrx_word' id='word_1_52' title='bbox 457 1237 512 1287; x_wconf 75' lang='lat' dir='ltr'><strong>ton.</strong></span> <span class='ocrx_word' id='word_1_53' title='bbox 532 1238 608 1285; x_wconf 80' lang='lat' dir='ltr'><strong>Sutor</strong></span> <span class='ocrx_word' id='word_1_54' title='bbox 625 1238 708 1285; x_wconf 80' lang='lat' dir='ltr'><strong>nostri</strong></span> <span class='ocrx_word' id='word_1_55' title='bbox 727 1239 754 1286; x_wconf 86' lang='lat' dir='ltr'><strong>et</strong></span> <span class='ocrx_word' id='word_1_56' title='bbox 777 1237 893 1286; x_wconf 87' lang='lat' dir='ltr'><strong>Pettierii</strong></span> <span class='ocrx_word' id='word_1_57' title='bbox 910 1250 1017 1297; x_wconf 87' lang='lat' dir='ltr'><strong>ornnes,</strong></span> <span class='ocrx_word' id='word_1_58' title='bbox 1045 1239 1110 1287; x_wconf 86' lang='lat' dir='ltr'><strong>item</strong></span> <span class='ocrx_word' id='word_1_59' title='bbox 1126 1238 1206 1287; x_wconf 85' lang='lat' dir='ltr'><strong>LCtJ:</strong></span> <span class='ocrx_word' id='word_1_60' title='bbox 1235 1238 1329 1287; x_wconf 77' lang='lat' dir='ltr'><strong>Tonsor</strong></span> 
     </span>
     <span class='ocr_line' id='line_1_9' title="bbox 306 1310 1329 1374; baseline -0.002 -11"><span class='ocrx_word' id='word_1_61' title='bbox 306 1329 320 1363; x_wconf 85' lang='lat' dir='ltr'><strong>e</strong></span> <span class='ocrx_word' id='word_1_62' title='bbox 339 1313 438 1364; x_wconf 85' lang='lat' dir='ltr'><strong>Codice</strong></span> <span class='ocrx_word' id='word_1_63' title='bbox 460 1310 579 1361; x_wconf 87' lang='lat' dir='ltr'><strong>Blandin.</strong></span> <span class='ocrx_word' id='word_1_64' title='bbox 602 1312 787 1374; x_wconf 89' lang='lat' dir='ltr'><strong>antiquissimo</strong></span> <span class='ocrx_word' id='word_1_65' title='bbox 811 1313 902 1374; x_wconf 82' lang='lat' dir='ltr'><strong>(erasis</strong></span> <span class='ocrx_word' id='word_1_66' title='bbox 923 1310 1130 1373; x_wconf 74' lang='lat' dir='ltr'><strong>characteribus)</strong></span> <span class='ocrx_word' id='word_1_67' title='bbox 1149 1310 1283 1362; x_wconf 84' lang='lat' dir='ltr'><strong>Bentleius</strong></span> <span class='ocrx_word' id='word_1_68' title='bbox 1302 1316 1329 1361; x_wconf 84' lang='lat' dir='ltr'><strong>et</strong></span> 
     </span>
     <span class='ocr_line' id='line_1_10' title="bbox 308 1384 1330 1448; baseline -0.004 -9"><span class='ocrx_word' id='word_1_69' title='bbox 308 1390 360 1439; x_wconf 84' lang='lat' dir='ltr'><strong>FM.</strong></span> <span class='ocrx_word' id='word_1_70' title='bbox 382 1414 409 1423; x_wconf 88' lang='lat'><em>-</em></span> <span class='ocrx_word' id='word_1_71' title='bbox 428 1391 483 1435; x_wconf 85' lang='lat' dir='ltr'><strong>arat</strong></span> <span class='ocrx_word' id='word_1_72' title='bbox 507 1388 605 1448; x_wconf 70' lang='lat' dir='ltr'><strong>sapim</strong></span> <span class='ocrx_word' id='word_1_73' title='bbox 630 1388 726 1448; x_wconf 79' lang='lat' dir='ltr'><strong>operis:</strong></span> <span class='ocrx_word' id='word_1_74' title='bbox 753 1387 788 1435; x_wconf 74' lang='lat' dir='ltr'><strong>tic</strong></span> <span class='ocrx_word' id='word_1_75' title='bbox 812 1387 836 1435; x_wconf 89' lang='lat' dir='ltr'><strong>J.</strong></span> <span class='ocrx_word' id='word_1_76' title='bbox 861 1412 889 1421; x_wconf 91' lang='lat'>-</span> <span class='ocrx_word' id='word_1_77' title='bbox 907 1392 1023 1448; x_wconf 76' lang='lat' dir='ltr'><strong>optemus</strong></span> <span class='ocrx_word' id='word_1_78' title='bbox 1047 1384 1075 1435; x_wconf 92' lang='lat' dir='ltr'><strong>b.</strong></span> <span class='ocrx_word' id='word_1_79' title='bbox 1099 1412 1126 1420; x_wconf 78' lang='lat'>—</span> <span class='ocrx_word' id='word_1_80' title='bbox 1146 1386 1202 1435; x_wconf 83' lang='grc'>433.</span> <span class='ocrx_word' id='word_1_81' title='bbox 1221 1387 1256 1433; x_wconf 79' lang='lat' dir='ltr'><strong>sic</strong></span> <span class='ocrx_word' id='word_1_82' title='bbox 1280 1400 1330 1435; x_wconf 80' lang='lat' dir='ltr'><strong>rec</strong></span> 
     </span>
     <span class='ocr_line' id='line_1_11' title="bbox 306 1456 1328 1523; baseline -0.004 -12"><span class='ocrx_word' id='word_1_83' title='bbox 306 1463 372 1511; x_wconf 74' lang='lat' dir='ltr'><strong>sotus</strong></span> <span class='ocrx_word' id='word_1_84' title='bbox 389 1464 423 1509; x_wconf 89' lang='lat' dir='ltr'><strong>ct.</strong></span> <span class='ocrx_word' id='word_1_85' title='bbox 453 1460 507 1523; x_wconf 80' lang='lat' dir='ltr'><strong>(Est</strong></span> <span class='ocrx_word' id='word_1_86' title='bbox 523 1456 622 1523; x_wconf 61' lang='lat' dir='ltr'><strong>cinisem</strong></span> <span class='ocrx_word' id='word_1_87' title='bbox 643 1461 710 1510; x_wconf 77' lang='lat' dir='ltr'><strong>sciris</strong></span> <span class='ocrx_word' id='word_1_88' title='bbox 725 1462 761 1510; x_wconf 82' lang='lat' dir='ltr'><strong>sic</strong></span> <span class='ocrx_word' id='word_1_89' title='bbox 776 1475 824 1510; x_wconf 74' lang='lat' dir='ltr'><strong>rec</strong></span> <span class='ocrx_word' id='word_1_90' title='bbox 842 1472 904 1510; x_wconf 86' lang='lat' dir='ltr'><strong>curn</strong></span> <span class='ocrx_word' id='word_1_91' title='bbox 923 1460 987 1509; x_wconf 80' lang='lat' dir='ltr'><strong>cto.</strong></span> <span class='ocrx_word' id='word_1_92' title='bbox 1005 1460 1163 1509; x_wconf 87' lang='lat' dir='ltr'><strong>Bersmanni</strong></span> <span class='ocrx_word' id='word_1_93' title='bbox 1180 1459 1328 1518; x_wconf 73' lang='lat' dir='ltr'><strong>iiii-choen.)</strong></span> 
     </span>
     <span class='ocr_line' id='line_1_12' title="bbox 310 1532 1329 1601; baseline -0.004 -16"><span class='ocrx_word' id='word_1_94' title='bbox 310 1567 335 1573; x_wconf 78' lang='lat'>-</span> <span class='ocrx_word' id='word_1_95' title='bbox 366 1536 455 1586; x_wconf 82' lang='lat' dir='ltr'><strong>Vcttent</strong></span> <span class='ocrx_word' id='word_1_96' title='bbox 479 1548 613 1601; x_wconf 87' lang='lat' dir='ltr'><strong>superscr.</strong></span> <span class='ocrx_word' id='word_1_97' title='bbox 632 1550 650 1586; x_wconf 82' lang='lat' dir='ltr'><em>u</em></span> <span class='ocrx_word' id='word_1_98' title='bbox 667 1538 691 1585; x_wconf 92' lang='lat' dir='ltr'><strong>S.</strong></span> <span class='ocrx_word' id='word_1_99' title='bbox 719 1563 746 1571; x_wconf 94' lang='lat'>—</span> <span class='ocrx_word' id='word_1_100' title='bbox 767 1534 823 1585; x_wconf 83' lang='grc'>434.</span> <span class='ocrx_word' id='word_1_101' title='bbox 845 1534 872 1583; x_wconf 90' lang='lat' dir='ltr'><strong>ni</strong></span> <span class='ocrx_word' id='word_1_102' title='bbox 895 1535 973 1583; x_wconf 89' lang='lat' dir='ltr'><strong>tacite</strong></span> <span class='ocrx_word' id='word_1_103' title='bbox 994 1533 1137 1584; x_wconf 84' lang='lat' dir='ltr'><strong>Bentleius.</strong></span> <span class='ocrx_word' id='word_1_104' title='bbox 1169 1532 1281 1594; x_wconf 80' lang='lat' dir='ltr'><strong>iiiabent</strong></span> <span class='ocrx_word' id='word_1_105' title='bbox 1301 1536 1329 1582; x_wconf 89' lang='lat' dir='ltr'><strong>ni</strong></span> 
     </span>
     <span class='ocr_line' id='line_1_13' title="bbox 307 1608 1028 1675; baseline -0.006 -14"><span class='ocrx_word' id='word_1_106' title='bbox 307 1611 390 1662; x_wconf 88' lang='lat' dir='ltr'><strong>Codd.</strong></span> <span class='ocrx_word' id='word_1_107' title='bbox 410 1610 510 1675; x_wconf 81' lang='lat' dir='ltr'><strong>aliquot</strong></span> <span class='ocrx_word' id='word_1_108' title='bbox 527 1610 612 1673; x_wconf 81' lang='lat' dir='ltr'><strong>Fene.)</strong></span> <span class='ocrx_word' id='word_1_109' title='bbox 641 1612 713 1661; x_wconf 92' lang='lat' dir='ltr'><strong>inv.</strong></span> <span class='ocrx_word' id='word_1_110' title='bbox 733 1608 790 1660; x_wconf 85' lang='grc'>434.</span> <span class='ocrx_word' id='word_1_111' title='bbox 809 1608 899 1659; x_wconf 87' lang='lat' dir='ltr'><strong>deficit</strong></span> <span class='ocrx_word' id='word_1_112' title='bbox 916 1608 981 1658; x_wconf 75' lang='lat' dir='ltr'><strong>(iod.</strong></span> <span class='ocrx_word' id='word_1_113' title='bbox 1000 1609 1028 1659; x_wconf 86' lang='lat' dir='ltr'><strong>B.</strong></span> 
     </span>
    </p>
   </div>
   <div class='ocr_carea' id='block_1_4' title="bbox 275 1756 1373 4262">
    <p class='ocr_par' dir='ltr' id='par_1_7' title="bbox 275 1756 1368 1972">
     <span class='ocr_line' id='line_1_14' title="bbox 276 1756 1365 1825; baseline -0.005 -14"><span class='ocrx_word' id='word_1_114' title='bbox 276 1759 403 1825; x_wconf 82' lang='lat' dir='ltr'><strong>particule</strong></span> <span class='ocrx_word' id='word_1_115' title='bbox 428 1766 504 1822; x_wconf 80' lang='lat' dir='ltr'><strong>atque</strong></span> <span class='ocrx_word' id='word_1_116' title='bbox 528 1773 590 1811; x_wconf 88' lang='lat' dir='ltr'><strong>cum</strong></span> <span class='ocrx_word' id='word_1_117' title='bbox 616 1761 667 1810; x_wconf 88' lang='lat' dir='ltr'><strong>hoo</strong></span> <span class='ocrx_word' id='word_1_118' title='bbox 691 1771 799 1822; x_wconf 86' lang='lat' dir='ltr'><strong>qnoque</strong></span> <span class='ocrx_word' id='word_1_119' title='bbox 838 1757 959 1815; x_wconf 78' lang='lat' dir='ltr'><strong>Nummi.</strong></span> <span class='ocrx_word' id='word_1_120' title='bbox 983 1756 1080 1819; x_wconf 85' lang='lat' dir='ltr'><strong>quihus</strong></span> <span class='ocrx_word' id='word_1_121' title='bbox 1103 1757 1236 1820; x_wconf 84' lang='lat' dir='ltr'><strong>Craquius</strong></span> <span class='ocrx_word' id='word_1_122' title='bbox 1252 1757 1286 1806; x_wconf 85' lang='lat' dir='ltr'><strong>nd</strong></span> <span class='ocrx_word' id='word_1_123' title='bbox 1304 1762 1365 1807; x_wconf 86' lang='lat' dir='ltr'><strong>sta-</strong></span> 
     </span>
     <span class='ocr_line' id='line_1_15' title="bbox 275 1830 1368 1897; baseline -0.003 -13"><span class='ocrx_word' id='word_1_124' title='bbox 275 1834 369 1885; x_wconf 78' lang='lat' dir='ltr'><strong>rocnb.</strong></span> <span class='ocrx_word' id='word_1_125' title='bbox 382 1836 460 1897; x_wconf 79' lang='lat' dir='ltr'><strong>iunge</strong></span> <span class='ocrx_word' id='word_1_126' title='bbox 472 1849 497 1883; x_wconf 83' lang='lat' dir='ltr'><strong>v.</strong></span> <span class='ocrx_word' id='word_1_127' title='bbox 510 1836 625 1896; x_wconf 72' lang='lat' dir='ltr'><strong>opiinus.</strong></span> <span class='ocrx_word' id='word_1_128' title='bbox 645 1834 731 1895; x_wconf 81' lang='lat' dir='ltr'>Reisig</span> <span class='ocrx_word' id='word_1_129' title='bbox 743 1835 798 1881; x_wconf 81' lang='lat' dir='ltr'><strong>Lat.</strong></span> <span class='ocrx_word' id='word_1_130' title='bbox 837 1830 982 1882; x_wconf 88' lang='lat' dir='ltr'><strong>biiiendam</strong></span> <span class='ocrx_word' id='word_1_131' title='bbox 998 1844 1075 1882; x_wconf 84' lang='lat' dir='ltr'><strong>sunm</strong></span> <span class='ocrx_word' id='word_1_132' title='bbox 1087 1832 1247 1894; x_wconf 80' lang='lat' dir='ltr'><strong>scripturam</strong></span> <span class='ocrx_word' id='word_1_133' title='bbox 1259 1832 1368 1894; x_wconf 55' lang='lat' dir='ltr'><strong>Atticus</strong></span> 
     </span>
     <span class='ocr_line' id='line_1_16' title="bbox 275 1904 1367 1972; baseline -0.003 -14"><span class='ocrx_word' id='word_1_134' title='bbox 275 1908 407 1972; x_wconf 80' lang='lat' dir='ltr'><strong>Sprachw.</strong></span> <span class='ocrx_word' id='word_1_135' title='bbox 426 1921 452 1970; x_wconf 89' lang='lat' dir='ltr'><strong>p.</strong></span> <span class='ocrx_word' id='word_1_136' title='bbox 469 1908 525 1957; x_wconf 86' lang='grc'>448.</span> <span class='ocrx_word' id='word_1_137' title='bbox 838 1907 939 1967; x_wconf 78' lang='lat' dir='ltr'><strong>nititur,</strong></span> <span class='ocrx_word' id='word_1_138' title='bbox 953 1904 1079 1955; x_wconf 83' lang='lat' dir='ltr'><strong>Goitzieni</strong></span> <span class='ocrx_word' id='word_1_139' title='bbox 1090 1908 1167 1964; x_wconf 82' lang='lat' dir='ltr'><strong>sont,</strong></span> <span class='ocrx_word' id='word_1_140' title='bbox 1181 1905 1207 1955; x_wconf 94' lang='lat' dir='ltr'><strong>id</strong></span> <span class='ocrx_word' id='word_1_141' title='bbox 1219 1908 1273 1964; x_wconf 87' lang='lat' dir='ltr'><strong>est,</strong></span> <span class='ocrx_word' id='word_1_142' title='bbox 1285 1904 1367 1955; x_wconf 84' lang='lat' dir='ltr'><strong>adui-</strong></span> 
     </span>
    </p>

    <p class='ocr_par' dir='ltr' id='par_1_8' title="bbox 276 1978 1373 4262">
     <span class='ocr_line' id='line_1_17' title="bbox 309 1978 1368 2049; baseline 0 -19"><span class='ocrx_word' id='word_1_143' title='bbox 309 1982 429 2049; x_wconf 67' lang='lat' dir='ltr'><strong>too-tan</strong></span> <span class='ocrx_word' id='word_1_144' title='bbox 454 1980 571 2043; x_wconf 76' lang='lat' dir='ltr'><strong>disertior]</strong></span> <span class='ocrx_word' id='word_1_145' title='bbox 598 1979 717 2031; x_wconf 75' lang='lat' dir='ltr'><strong>«Urbane</strong></span> <span class='ocrx_word' id='word_1_146' title='bbox 736 1980 800 2029; x_wconf 84' lang='lat' dir='ltr'><strong>setis</strong></span> <span class='ocrx_word' id='word_1_147' title='bbox 837 1981 922 2031; x_wconf 85' lang='lat' dir='ltr'><strong>ierini.</strong></span> <span class='ocrx_word' id='word_1_148' title='bbox 951 2008 977 2015; x_wconf 90' lang='lat'>-</span> <span class='ocrx_word' id='word_1_149' title='bbox 1003 1980 1083 2042; x_wconf 83' lang='lat' dir='ltr'><strong>valer]</strong></span> <span class='ocrx_word' id='word_1_150' title='bbox 1109 1981 1202 2043; x_wconf 85' lang='lat' dir='ltr'><strong>apium</strong></span> <span class='ocrx_word' id='word_1_151' title='bbox 1225 1982 1277 2029; x_wconf 86' lang='lat' dir='ltr'><strong>iCti</strong></span> <span class='ocrx_word' id='word_1_152' title='bbox 1302 1978 1368 2030; x_wconf 73' lang='grc' dir='ltr'><strong>ἐπί-</strong></span> 
     </span>
     <span class='ocr_line' id='line_1_18' title="bbox 276 2053 1368 2117; baseline -0.002 -12"><span class='ocrx_word' id='word_1_153' title='bbox 276 2054 397 2105; x_wconf 75' lang='grc' dir='ltr'>ΑΙῐευιιιη</span> <span class='ocrx_word' id='word_1_154' title='bbox 421 2054 535 2103; x_wconf 72' lang='lat' dir='ltr'><strong>Varum»</strong></span> <span class='ocrx_word' id='word_1_155' title='bbox 555 2055 601 2117; x_wconf 80' lang='lat' dir='ltr'><strong>[sic</strong></span> <span class='ocrx_word' id='word_1_156' title='bbox 619 2053 702 2105; x_wconf 81' lang='lat' dir='ltr'><strong>ctdd.</strong></span> <span class='ocrx_word' id='word_1_157' title='bbox 720 2054 801 2117; x_wconf 80' lang='lat' dir='ltr'><strong>Bien—</strong></span> <span class='ocrx_word' id='word_1_158' title='bbox 836 2055 936 2114; x_wconf 75' lang='grc' dir='ltr'><strong>θετον,</strong></span> <span class='ocrx_word' id='word_1_159' title='bbox 961 2057 990 2102; x_wconf 88' lang='lat' dir='ltr'><strong>ut</strong></span> <span class='ocrx_word' id='word_1_160' title='bbox 1012 2056 1065 2103; x_wconf 85' lang='lat' dir='ltr'><strong>Sat.</strong></span> <span class='ocrx_word' id='word_1_161' title='bbox 1084 2055 1114 2111; x_wconf 75' lang='lat'><strong>2,</strong></span> <span class='ocrx_word' id='word_1_162' title='bbox 1133 2056 1161 2113; x_wconf 77' lang='lat'><strong>2,</strong></span> <span class='ocrx_word' id='word_1_163' title='bbox 1188 2054 1244 2105; x_wconf 83' lang='grc'>434.</span> <span class='ocrx_word' id='word_1_164' title='bbox 1266 2055 1368 2117; x_wconf 71' lang='lat' dir='ltr'><strong>cosni-</strong></span> 
     </span>
     <span class='ocr_line' id='line_1_19' title="bbox 276 2126 1367 2193; baseline 0.001 -15"><span class='ocrx_word' id='word_1_165' title='bbox 276 2130 329 2179; x_wconf 87' lang='lat' dir='ltr'><strong>din.</strong></span> <span class='ocrx_word' id='word_1_166' title='bbox 349 2131 376 2178; x_wconf 88' lang='lat' dir='ltr'><strong>et</strong></span> <span class='ocrx_word' id='word_1_167' title='bbox 392 2128 439 2177; x_wconf 87' lang='lat' dir='ltr'><strong>Ed.</strong></span> <span class='ocrx_word' id='word_1_168' title='bbox 455 2126 573 2178; x_wconf 63' lang='grc'>448444.</span> <span class='ocrx_word' id='word_1_169' title='bbox 586 2128 699 2193; x_wconf 67' lang='lat' dir='ltr'><strong>vastent)</strong></span> <span class='ocrx_word' id='word_1_170' title='bbox 718 2130 801 2178; x_wconf 78' lang='lat' dir='ltr'><strong>«Cre-</strong></span> <span class='ocrx_word' id='word_1_171' title='bbox 836 2131 908 2179; x_wconf 73' lang='lat' dir='ltr'><strong>iuris.</strong></span> <span class='ocrx_word' id='word_1_172' title='bbox 944 2128 1018 2178; x_wconf 85' lang='lat' dir='ltr'><strong>Ovid.</strong></span> <span class='ocrx_word' id='word_1_173' title='bbox 1039 2129 1100 2177; x_wconf 85' lang='lat' dir='ltr'><strong>Her.</strong></span> <span class='ocrx_word' id='word_1_174' title='bbox 1119 2129 1165 2187; x_wconf 77' lang='lat'><strong>20,</strong></span> <span class='ocrx_word' id='word_1_175' title='bbox 1184 2128 1229 2178; x_wconf 75' lang='lat'><strong>32:</strong></span> <span class='ocrx_word' id='word_1_176' title='bbox 1257 2129 1367 2179; x_wconf 63' lang='lat' dir='ltr'><strong>anna-</strong></span> 
     </span>
     <span class='ocr_line' id='line_1_20' title="bbox 276 2201 1369 2265; baseline 0 -12"><span class='ocrx_word' id='word_1_177' title='bbox 276 2214 435 2253; x_wconf 83' lang='lat' dir='ltr'><strong>moncasem</strong></span> <span class='ocrx_word' id='word_1_178' title='bbox 463 2201 585 2262; x_wconf 86' lang='lat' dir='ltr'><strong>deridet,</strong></span> <span class='ocrx_word' id='word_1_179' title='bbox 621 2203 667 2264; x_wconf 90' lang='lat' dir='ltr'><strong>qni</strong></span> <span class='ocrx_word' id='word_1_180' title='bbox 695 2202 800 2252; x_wconf 85' lang='lat' dir='ltr'><strong>abiecta</strong></span> <span class='ocrx_word' id='word_1_181' title='bbox 837 2210 910 2265; x_wconf 75' lang='lat' dir='ltr'><strong>toenia</strong></span> <span class='ocrx_word' id='word_1_182' title='bbox 925 2204 964 2265; x_wconf 78' lang='lat' dir='ltr'><strong>sni</strong></span> <span class='ocrx_word' id='word_1_183' title='bbox 979 2203 1044 2250; x_wconf 70' lang='lat' dir='ltr'><strong>iniis</strong></span> <span class='ocrx_word' id='word_1_184' title='bbox 1060 2202 1151 2251; x_wconf 68' lang='lat' dir='ltr'><strong>Amne</strong></span> <span class='ocrx_word' id='word_1_185' title='bbox 1165 2203 1246 2263; x_wconf 78' lang='lat' dir='ltr'><strong>vafer.</strong></span> <span class='ocrx_word' id='word_1_186' title='bbox 1281 2206 1369 2253; x_wconf 84' lang='lat' dir='ltr'><strong>Cete-</strong></span> 
     </span>
     <span class='ocr_line' id='line_1_21' title="bbox 276 2276 1368 2339; baseline 0 -12"><span class='ocrx_word' id='word_1_187' title='bbox 276 2276 394 2336; x_wconf 86' lang='lat' dir='ltr'><strong>sutrina‚</strong></span> <span class='ocrx_word' id='word_1_188' title='bbox 422 2288 503 2338; x_wconf 88' lang='lat' dir='ltr'><strong>quam</strong></span> <span class='ocrx_word' id='word_1_189' title='bbox 528 2276 555 2326; x_wconf 93' lang='lat' dir='ltr'><strong>in</strong></span> <span class='ocrx_word' id='word_1_190' title='bbox 582 2276 725 2339; x_wconf 85' lang='lat' dir='ltr'><strong>municipio</strong></span> <span class='ocrx_word' id='word_1_191' title='bbox 751 2290 801 2326; x_wconf 93' lang='lat' dir='ltr'><strong>suo</strong></span> <span class='ocrx_word' id='word_1_192' title='bbox 837 2290 899 2327; x_wconf 87' lang='lat' dir='ltr'><strong>rum</strong></span> <span class='ocrx_word' id='word_1_193' title='bbox 920 2277 1049 2327; x_wconf 83' lang='lat' dir='ltr'><strong>innocens</strong></span> <span class='ocrx_word' id='word_1_194' title='bbox 1071 2278 1098 2324; x_wconf 88' lang='lat' dir='ltr'><strong>et</strong></span> <span class='ocrx_word' id='word_1_195' title='bbox 1121 2276 1230 2325; x_wconf 86' lang='lat' dir='ltr'><strong>minime</strong></span> <span class='ocrx_word' id='word_1_196' title='bbox 1247 2276 1368 2327; x_wconf 76' lang='lat' dir='ltr'><strong>aceritus</strong></span> 
     </span>
     <span class='ocr_line' id='line_1_22' title="bbox 276 2349 1369 2414; baseline -0.001 -14"><span class='ocrx_word' id='word_1_197' title='bbox 276 2351 448 2409; x_wconf 73' lang='lat' dir='ltr'><strong>exercuerat,</strong></span> <span class='ocrx_word' id='word_1_198' title='bbox 479 2350 590 2399; x_wconf 87' lang='lat' dir='ltr'><strong>Romam</strong></span> <span class='ocrx_word' id='word_1_199' title='bbox 618 2352 691 2400; x_wconf 84' lang='lat' dir='ltr'><strong>venit</strong></span> <span class='ocrx_word' id='word_1_200' title='bbox 716 2351 801 2412; x_wconf 80' lang='lat' dir='ltr'><strong>magi-</strong></span> <span class='ocrx_word' id='word_1_201' title='bbox 838 2355 880 2401; x_wconf 88' lang='lat' dir='ltr'><strong>est</strong></span> <span class='ocrx_word' id='word_1_202' title='bbox 896 2353 980 2402; x_wconf 87' lang='lat' dir='ltr'><strong>iocus.</strong></span> <span class='ocrx_word' id='word_1_203' title='bbox 996 2379 1024 2387; x_wconf 92' lang='lat'>—</span> <span class='ocrx_word' id='word_1_204' title='bbox 1038 2351 1123 2414; x_wconf 82' lang='lat' dir='ltr'><strong>Sutor]</strong></span> <span class='ocrx_word' id='word_1_205' title='bbox 1141 2352 1214 2400; x_wconf 88' lang='lat' dir='ltr'><strong>Haec</strong></span> <span class='ocrx_word' id='word_1_206' title='bbox 1230 2349 1307 2400; x_wconf 86' lang='lat' dir='ltr'><strong>lectio</strong></span> <span class='ocrx_word' id='word_1_207' title='bbox 1320 2351 1369 2399; x_wconf 86' lang='lat' dir='ltr'><strong>tir-</strong></span> 
     </span>
     <span class='ocr_line' id='line_1_23' title="bbox 277 2423 1366 2487; baseline 0.001 -14"><span class='ocrx_word' id='word_1_208' title='bbox 277 2425 385 2487; x_wconf 83' lang='lat' dir='ltr'><strong>stroque</strong></span> <span class='ocrx_word' id='word_1_209' title='bbox 413 2436 478 2474; x_wconf 83' lang='lat' dir='ltr'><strong>usus</strong></span> <span class='ocrx_word' id='word_1_210' title='bbox 506 2426 562 2473; x_wconf 89' lang='lat' dir='ltr'><strong>Ser.</strong></span> <span class='ocrx_word' id='word_1_211' title='bbox 592 2423 706 2487; x_wconf 84' lang='lat' dir='ltr'><strong>Sulpicio</strong></span> <span class='ocrx_word' id='word_1_212' title='bbox 734 2424 801 2474; x_wconf 84' lang='lat' dir='ltr'><strong>Ruio</strong></span> <span class='ocrx_word' id='word_1_213' title='bbox 839 2427 927 2475; x_wconf 91' lang='lat' dir='ltr'><strong>matur</strong></span> <span class='ocrx_word' id='word_1_214' title='bbox 943 2438 959 2474; x_wconf 97' lang='lat' dir='ltr'><strong>a</strong></span> <span class='ocrx_word' id='word_1_215' title='bbox 975 2424 1044 2474; x_wconf 89' lang='lat' dir='ltr'><strong>meis</strong></span> <span class='ocrx_word' id='word_1_216' title='bbox 1063 2424 1147 2475; x_wconf 88' lang='lat' dir='ltr'><strong>Codd.</strong></span> <span class='ocrx_word' id='word_1_217' title='bbox 1161 2427 1189 2474; x_wconf 88' lang='lat' dir='ltr'><strong>et</strong></span> <span class='ocrx_word' id='word_1_218' title='bbox 1205 2423 1292 2474; x_wconf 84' lang='lat' dir='ltr'><strong>Schoi.</strong></span> <span class='ocrx_word' id='word_1_219' title='bbox 1306 2426 1366 2474; x_wconf 89' lang='lat' dir='ltr'><strong>iarn</strong></span> 
     </span>
     <span class='ocr_line' id='line_1_24' title="bbox 277 2497 1369 2562; baseline 0.002 -15"><span class='ocrx_word' id='word_1_220' title='bbox 277 2497 462 2549; x_wconf 72' lang='lat' dir='ltr'><strong>iurisconsulti&gt;</strong></span> <span class='ocrx_word' id='word_1_221' title='bbox 490 2498 524 2548; x_wconf 88' lang='lat' dir='ltr'><strong>ad</strong></span> <span class='ocrx_word' id='word_1_222' title='bbox 551 2502 651 2549; x_wconf 87' lang='lat' dir='ltr'><strong>tantam</strong></span> <span class='ocrx_word' id='word_1_223' title='bbox 679 2500 803 2562; x_wconf 78' lang='lat' dir='ltr'><strong>pervenit</strong></span> <span class='ocrx_word' id='word_1_224' title='bbox 839 2512 901 2548; x_wconf 90' lang='lat' dir='ltr'><strong>cum</strong></span> <span class='ocrx_word' id='word_1_225' title='bbox 921 2499 948 2547; x_wconf 92' lang='lat' dir='ltr'><strong>in</strong></span> <span class='ocrx_word' id='word_1_226' title='bbox 965 2500 1076 2549; x_wconf 71' lang='lat' dir='ltr'><strong>neronis</strong></span> <span class='ocrx_word' id='word_1_227' title='bbox 1094 2498 1159 2548; x_wconf 92' lang='lat' dir='ltr'><strong>Cod.</strong></span> <span class='ocrx_word' id='word_1_228' title='bbox 1179 2497 1269 2548; x_wconf 87' lang='lat' dir='ltr'><strong>Biand.</strong></span> <span class='ocrx_word' id='word_1_229' title='bbox 1288 2501 1316 2547; x_wconf 88' lang='lat' dir='ltr'><strong>et</strong></span> <span class='ocrx_word' id='word_1_230' title='bbox 1337 2500 1369 2549; x_wconf 89' lang='lat' dir='ltr'><strong>in</strong></span> 
     </span>
     <span class='ocr_line' id='line_1_25' title="bbox 277 2572 1368 2636; baseline -0.002 -14"><span class='ocrx_word' id='word_1_231' title='bbox 277 2573 428 2633; x_wconf 85' lang='lat' dir='ltr'><strong>scientiam,</strong></span> <span class='ocrx_word' id='word_1_232' title='bbox 457 2576 485 2622; x_wconf 92' lang='lat' dir='ltr'><strong>ut</strong></span> <span class='ocrx_word' id='word_1_233' title='bbox 506 2572 672 2624; x_wconf 83' lang='lat' dir='ltr'><strong>consulatum</strong></span> <span class='ocrx_word' id='word_1_234' title='bbox 694 2575 803 2636; x_wconf 78' lang='lat' dir='ltr'><strong>gereret</strong></span> <span class='ocrx_word' id='word_1_235' title='bbox 839 2572 886 2622; x_wconf 86' lang='lat' dir='ltr'><strong>Ed.</strong></span> <span class='ocrx_word' id='word_1_236' title='bbox 908 2572 1011 2621; x_wconf 83' lang='lat' dir='ltr'><strong>Veneta</strong></span> <span class='ocrx_word' id='word_1_237' title='bbox 1037 2572 1109 2622; x_wconf 86' lang='grc'>4484.</span> <span class='ocrx_word' id='word_1_238' title='bbox 1134 2572 1169 2622; x_wconf 88' lang='lat' dir='ltr'><strong>sit</strong></span> <span class='ocrx_word' id='word_1_239' title='bbox 1191 2573 1291 2621; x_wconf 75' lang='lat' dir='ltr'><strong>ostrina</strong></span> <span class='ocrx_word' id='word_1_240' title='bbox 1315 2585 1368 2635; x_wconf 87' lang='lat' dir='ltr'><strong>pro</strong></span> 
     </span>
     <span class='ocr_line' id='line_1_26' title="bbox 278 2644 1369 2711; baseline 0.001 -16"><span class='ocrx_word' id='word_1_241' title='bbox 278 2645 800 2711; x_wconf 74' lang='lat' dir='ltr'><strong>etpubiicoiuncreetierretur.naenon.</strong></span> <span class='ocrx_word' id='word_1_242' title='bbox 837 2647 952 2706; x_wconf 78' lang='lat' dir='ltr'><strong>nitrien,</strong></span> <span class='ocrx_word' id='word_1_243' title='bbox 987 2644 1056 2695; x_wconf 85' lang='lat' dir='ltr'><strong>maie</strong></span> <span class='ocrx_word' id='word_1_244' title='bbox 1092 2648 1244 2695; x_wconf 88' lang='lat' dir='ltr'><strong>correctum</strong></span> <span class='ocrx_word' id='word_1_245' title='bbox 1277 2649 1320 2694; x_wconf 87' lang='lat' dir='ltr'><strong>est</strong></span> <span class='ocrx_word' id='word_1_246' title='bbox 1350 2660 1369 2696; x_wconf 89' lang='lat' dir='ltr'><strong>a</strong></span> 
     </span>
     <span class='ocr_line' id='line_1_27' title="bbox 277 2719 1369 2779; baseline -0.002 -8"><span class='ocrx_word' id='word_1_247' title='bbox 277 2722 330 2771; x_wconf 88' lang='lat' dir='ltr'><strong>Cir.</strong></span> <span class='ocrx_word' id='word_1_248' title='bbox 349 2722 457 2771; x_wconf 90' lang='lat' dir='ltr'><strong>omnino</strong></span> <span class='ocrx_word' id='word_1_249' title='bbox 482 2722 619 2772; x_wconf 88' lang='lat' dir='ltr'><strong>Weichert</strong></span> <span class='ocrx_word' id='word_1_250' title='bbox 641 2724 723 2772; x_wconf 84' lang='lat' dir='ltr'><strong>Lectt.</strong></span> <span class='ocrx_word' id='word_1_251' title='bbox 748 2721 802 2769; x_wconf 83' lang='lat' dir='ltr'><strong>Ve-</strong></span> <span class='ocrx_word' id='word_1_252' title='bbox 839 2719 971 2771; x_wconf 85' lang='lat' dir='ltr'><strong>nonnuitie</strong></span> <span class='ocrx_word' id='word_1_253' title='bbox 992 2720 1129 2779; x_wconf 77' lang='lat' dir='ltr'><strong>tomtrina,</strong></span> <span class='ocrx_word' id='word_1_254' title='bbox 1156 2723 1186 2768; x_wconf 88' lang='lat' dir='ltr'><strong>ut</strong></span> <span class='ocrx_word' id='word_1_255' title='bbox 1205 2720 1232 2768; x_wconf 90' lang='lat' dir='ltr'><strong>in</strong></span> <span class='ocrx_word' id='word_1_256' title='bbox 1254 2720 1369 2769; x_wconf 78' lang='lat' dir='ltr'><strong>Acconis</strong></span> 
     </span>
     <span class='ocr_line' id='line_1_28' title="bbox 277 2792 1371 2859; baseline -0.002 -15"><span class='ocrx_word' id='word_1_257' title='bbox 277 2808 336 2845; x_wconf 84' lang='lat' dir='ltr'><strong>nus.</strong></span> <span class='ocrx_word' id='word_1_258' title='bbox 355 2797 385 2845; x_wconf 93' lang='lat' dir='ltr'><strong>li.</strong></span> <span class='ocrx_word' id='word_1_259' title='bbox 404 2808 430 2859; x_wconf 88' lang='lat' dir='ltr'><strong>p.</strong></span> <span class='ocrx_word' id='word_1_260' title='bbox 449 2797 490 2845; x_wconf 72' lang='lat'><strong>27.</strong></span> <span class='ocrx_word' id='word_1_261' title='bbox 529 2796 597 2845; x_wconf 85' lang='lat' dir='ltr'><strong>Vera</strong></span> <span class='ocrx_word' id='word_1_262' title='bbox 621 2798 711 2845; x_wconf 86' lang='lat' dir='ltr'><strong>autern</strong></span> <span class='ocrx_word' id='word_1_263' title='bbox 732 2796 801 2845; x_wconf 85' lang='lat' dir='ltr'><strong>scri·</strong></span> <span class='ocrx_word' id='word_1_264' title='bbox 840 2795 906 2845; x_wconf 91' lang='lat' dir='ltr'><strong>Cod.</strong></span> <span class='ocrx_word' id='word_1_265' title='bbox 924 2793 1092 2852; x_wconf 85' lang='lat' dir='ltr'><strong>Bentieiano;</strong></span> <span class='ocrx_word' id='word_1_266' title='bbox 1111 2792 1183 2842; x_wconf 88' lang='lat' dir='ltr'><strong>unde</strong></span> <span class='ocrx_word' id='word_1_267' title='bbox 1201 2806 1277 2841; x_wconf 85' lang='lat' dir='ltr'><strong>error</strong></span> <span class='ocrx_word' id='word_1_268' title='bbox 1292 2794 1371 2842; x_wconf 86' lang='lat' dir='ltr'><strong>venit</strong></span> 
     </span>
     <span class='ocr_line' id='line_1_29' title="bbox 277 2867 1369 2932; baseline -0.001 -14"><span class='ocrx_word' id='word_1_269' title='bbox 277 2872 354 2931; x_wconf 78' lang='lat' dir='ltr'><strong>ptura</strong></span> <span class='ocrx_word' id='word_1_270' title='bbox 372 2869 413 2918; x_wconf 83' lang='lat' dir='ltr'><strong>est</strong></span> <span class='ocrx_word' id='word_1_271' title='bbox 428 2868 551 2931; x_wconf 71' lang='lat' dir='ltr'><strong>disentiat,</strong></span> <span class='ocrx_word' id='word_1_272' title='bbox 576 2870 610 2917; x_wconf 85' lang='lat' dir='ltr'><strong>itn</strong></span> <span class='ocrx_word' id='word_1_273' title='bbox 629 2870 732 2928; x_wconf 80' lang='lat' dir='ltr'><strong>temen,</strong></span> <span class='ocrx_word' id='word_1_274' title='bbox 756 2869 800 2928; x_wconf 87' lang='lat' dir='ltr'><strong>ui,</strong></span> <span class='ocrx_word' id='word_1_275' title='bbox 839 2870 936 2932; x_wconf 77' lang='lat' dir='ltr'><strong>partim</strong></span> <span class='ocrx_word' id='word_1_276' title='bbox 958 2870 985 2918; x_wconf 94' lang='lat' dir='ltr'><strong>in</strong></span> <span class='ocrx_word' id='word_1_277' title='bbox 1007 2868 1117 2918; x_wconf 86' lang='lat' dir='ltr'><strong>Landini</strong></span> <span class='ocrx_word' id='word_1_278' title='bbox 1134 2867 1369 2917; x_wconf 76' lang='lat' dir='ltr'><strong>commentarium</strong></span> 
     </span>
     <span class='ocr_line' id='line_1_30' title="bbox 277 2939 1368 3003; baseline -0.001 -14"><span class='ocrx_word' id='word_1_279' title='bbox 277 2942 353 3003; x_wconf 82' lang='lat' dir='ltr'><strong>quasi</strong></span> <span class='ocrx_word' id='word_1_280' title='bbox 371 2945 443 2991; x_wconf 85' lang='lat' dir='ltr'><strong>esset</strong></span> <span class='ocrx_word' id='word_1_281' title='bbox 459 2942 582 3003; x_wconf 62' lang='lat' dir='ltr'><strong>disertius.</strong></span> <span class='ocrx_word' id='word_1_282' title='bbox 604 2943 631 2990; x_wconf 91' lang='lat' dir='ltr'><strong>h.</strong></span> <span class='ocrx_word' id='word_1_283' title='bbox 650 2940 667 2990; x_wconf 93' lang='lat' dir='ltr'><strong>l.</strong></span> <span class='ocrx_word' id='word_1_284' title='bbox 687 2939 803 3002; x_wconf 78' lang='lat' dir='ltr'><strong>trisylio·</strong></span> <span class='ocrx_word' id='word_1_285' title='bbox 839 2945 867 2992; x_wconf 87' lang='lat' dir='ltr'><strong>et</strong></span> <span class='ocrx_word' id='word_1_286' title='bbox 883 2944 910 2991; x_wconf 87' lang='lat' dir='ltr'><strong>in</strong></span> <span class='ocrx_word' id='word_1_287' title='bbox 927 2941 1067 2991; x_wconf 74' lang='lat' dir='ltr'><strong>Alexandri</strong></span> <span class='ocrx_word' id='word_1_288' title='bbox 1083 2940 1117 2989; x_wconf 86' lang='lat' dir='ltr'><strong>nb</strong></span> <span class='ocrx_word' id='word_1_289' title='bbox 1129 2939 1280 2990; x_wconf 79' lang='lat' dir='ltr'><strong>Alexandro</strong></span> <span class='ocrx_word' id='word_1_290' title='bbox 1297 2942 1368 2989; x_wconf 84' lang='lat' dir='ltr'><strong>Gen.</strong></span> 
     </span>
     <span class='ocr_line' id='line_1_31' title="bbox 277 3014 1368 3077; baseline -0.002 -13"><span class='ocrx_word' id='word_1_291' title='bbox 277 3014 344 3065; x_wconf 87' lang='lat' dir='ltr'><strong>bum</strong></span> <span class='ocrx_word' id='word_1_292' title='bbox 355 3017 475 3073; x_wconf 84' lang='lat' dir='ltr'><strong>maneat,</strong></span> <span class='ocrx_word' id='word_1_293' title='bbox 489 3016 526 3064; x_wconf 89' lang='lat' dir='ltr'><strong>uti</strong></span> <span class='ocrx_word' id='word_1_294' title='bbox 538 3016 590 3064; x_wconf 82' lang='lat' dir='ltr'><strong>Sat.</strong></span> <span class='ocrx_word' id='word_1_295' title='bbox 600 3016 628 3073; x_wconf 75' lang='grc'><strong>4,</strong></span> <span class='ocrx_word' id='word_1_296' title='bbox 642 3015 671 3073; x_wconf 89' lang='lat'><strong>8,</strong></span> <span class='ocrx_word' id='word_1_297' title='bbox 687 3016 710 3063; x_wconf 89' lang='lat' dir='ltr'><strong>t.</strong></span> <span class='ocrx_word' id='word_1_298' title='bbox 729 3016 804 3064; x_wconf 82' lang='lat' dir='ltr'><strong>Nesi-</strong></span> <span class='ocrx_word' id='word_1_299' title='bbox 839 3017 904 3066; x_wconf 90' lang='lat' dir='ltr'><strong>dier.</strong></span> <span class='ocrx_word' id='word_1_300' title='bbox 925 3016 953 3076; x_wconf 88' lang='grc'><strong>6,</strong></span> <span class='ocrx_word' id='word_1_301' title='bbox 971 3016 1024 3075; x_wconf 64' lang='lat' dir='ltr'><strong>td,</strong></span> <span class='ocrx_word' id='word_1_302' title='bbox 1042 3015 1139 3077; x_wconf 89' lang='lat' dir='ltr'><strong>partim</strong></span> <span class='ocrx_word' id='word_1_303' title='bbox 1156 3016 1182 3063; x_wconf 90' lang='lat' dir='ltr'><strong>in</strong></span> <span class='ocrx_word' id='word_1_304' title='bbox 1200 3027 1284 3064; x_wconf 89' lang='lat' dir='ltr'><strong>unum</strong></span> <span class='ocrx_word' id='word_1_305' title='bbox 1296 3014 1368 3064; x_wconf 90' lang='lat' dir='ltr'><strong>Cod.</strong></span> 
     </span>
     <span class='ocr_line' id='line_1_32' title="bbox 277 3086 1371 3150; baseline 0.001 -13"><span class='ocrx_word' id='word_1_306' title='bbox 277 3088 344 3137; x_wconf 86' lang='lat' dir='ltr'><strong>dieni</strong></span> <span class='ocrx_word' id='word_1_307' title='bbox 354 3086 509 3150; x_wconf 84' lang='lat' dir='ltr'><strong>quadrisyii.</strong></span> <span class='ocrx_word' id='word_1_308' title='bbox 523 3089 602 3138; x_wconf 86' lang='lat' dir='ltr'><strong>Certe</strong></span> <span class='ocrx_word' id='word_1_309' title='bbox 610 3088 803 3138; x_wconf 66' lang='lat' dir='ltr'><strong>cremiis</strong></span> <span class='ocrx_word' id='word_1_310' title='bbox 839 3089 941 3148; x_wconf 77' lang='lat' dir='ltr'><strong>Biand.¹</strong></span> <span class='ocrx_word' id='word_1_311' title='bbox 969 3089 1017 3139; x_wconf 84' lang='lat' dir='ltr'><strong>sed</strong></span> <span class='ocrx_word' id='word_1_312' title='bbox 1041 3091 1192 3138; x_wconf 87' lang='lat' dir='ltr'><strong>correctum</strong></span> <span class='ocrx_word' id='word_1_313' title='bbox 1216 3089 1288 3150; x_wconf 88' lang='lat' dir='ltr'><strong>(nam</strong></span> <span class='ocrx_word' id='word_1_314' title='bbox 1314 3087 1371 3138; x_wconf 81' lang='lat' dir='ltr'><strong>troc</strong></span> 
     </span>
     <span class='ocr_line' id='line_1_33' title="bbox 279 3161 1371 3227; baseline 0.002 -17"><span class='ocrx_word' id='word_1_315' title='bbox 279 3174 332 3211; x_wconf 84' lang='lat' dir='ltr'><strong>cos.</strong></span> <span class='ocrx_word' id='word_1_316' title='bbox 356 3161 416 3210; x_wconf 82' lang='lat' dir='ltr'><strong>suti.</strong></span> <span class='ocrx_word' id='word_1_317' title='bbox 435 3176 458 3211; x_wconf 85' lang='lat' dir='ltr'><strong>a.</strong></span> <span class='ocrx_word' id='word_1_318' title='bbox 477 3176 504 3211; x_wconf 90' lang='lat' dir='ltr'><strong>u.</strong></span> <span class='ocrx_word' id='word_1_319' title='bbox 523 3175 546 3211; x_wconf 94' lang='lat' dir='ltr'><strong>c.</strong></span> <span class='ocrx_word' id='word_1_320' title='bbox 566 3162 622 3211; x_wconf 79' lang='lat'>755.</span> <span class='ocrx_word' id='word_1_321' title='bbox 647 3164 689 3211; x_wconf 86' lang='lat' dir='ltr'><strong>est</strong></span> <span class='ocrx_word' id='word_1_322' title='bbox 710 3164 737 3212; x_wconf 92' lang='lat' dir='ltr'><strong>in</strong></span> <span class='ocrx_word' id='word_1_323' title='bbox 758 3164 802 3211; x_wconf 90' lang='lat' dir='ltr'><strong>in·</strong></span> <span class='ocrx_word' id='word_1_324' title='bbox 838 3165 927 3227; x_wconf 85' lang='lat' dir='ltr'><strong>potius</strong></span> <span class='ocrx_word' id='word_1_325' title='bbox 944 3163 1092 3225; x_wconf 80' lang='lat' dir='ltr'><strong>significare</strong></span> <span class='ocrx_word' id='word_1_326' title='bbox 1114 3162 1240 3211; x_wconf 85' lang='lat' dir='ltr'><strong>videntur</strong></span> <span class='ocrx_word' id='word_1_327' title='bbox 1256 3163 1371 3224; x_wconf 84' lang='lat' dir='ltr'><strong>Cruquii</strong></span> 
     </span>
     <span class='ocr_line' id='line_1_34' title="bbox 277 3234 1369 3300; baseline -0.001 -13"><span class='ocrx_word' id='word_1_328' title='bbox 277 3235 367 3298; x_wconf 84' lang='lat' dir='ltr'><strong>script.</strong></span> <span class='ocrx_word' id='word_1_329' title='bbox 381 3236 452 3299; x_wconf 84' lang='lat' dir='ltr'><strong>apud</strong></span> <span class='ocrx_word' id='word_1_330' title='bbox 469 3234 558 3286; x_wconf 75' lang='lat' dir='ltr'><strong>Lacus</strong></span> <span class='ocrx_word' id='word_1_331' title='bbox 574 3236 674 3299; x_wconf 72' lang='lat' dir='ltr'><strong>Presnz.</strong></span> <span class='ocrx_word' id='word_1_332' title='bbox 687 3238 714 3285; x_wconf 87' lang='lat' dir='ltr'><strong>ni</strong></span> <span class='ocrx_word' id='word_1_333' title='bbox 730 3239 800 3287; x_wconf 77' lang='lat' dir='ltr'><strong>Mon.</strong></span> <span class='ocrx_word' id='word_1_334' title='bbox 840 3237 922 3287; x_wconf 82' lang='lat' dir='ltr'><strong>verbo</strong></span> <span class='ocrx_word' id='word_1_335' title='bbox 948 3238 1027 3286; x_wconf 76' lang='lat' dir='ltr'><strong>erosis</strong></span> <span class='ocrx_word' id='word_1_336' title='bbox 1054 3236 1243 3286; x_wconf 68' lang='lat' dir='ltr'><strong>characteribus</strong></span> <span class='ocrx_word' id='word_1_337' title='bbox 1267 3248 1369 3300; x_wconf 85' lang='lat' dir='ltr'><strong>quern,</strong></span> 
     </span>
     <span class='ocr_line' id='line_1_35' title="bbox 278 3308 1372 3375; baseline -0.002 -14"><span class='ocrx_word' id='word_1_338' title='bbox 278 3308 369 3361; x_wconf 78' lang='lat' dir='ltr'><strong>Gabini</strong></span> <span class='ocrx_word' id='word_1_339' title='bbox 385 3310 449 3359; x_wconf 82' lang='lat' dir='ltr'><strong>diii.</strong></span> <span class='ocrx_word' id='word_1_340' title='bbox 464 3312 492 3372; x_wconf 83' lang='grc'><strong>0.</strong></span> <span class='ocrx_word' id='word_1_341' title='bbox 509 3312 614 3360; x_wconf 75' lang='lat' dir='ltr'><strong>Vincenti</strong></span> <span class='ocrx_word' id='word_1_342' title='bbox 624 3324 651 3375; x_wconf 90' lang='lat' dir='ltr'><strong>p.</strong></span> <span class='ocrx_word' id='word_1_343' title='bbox 665 3312 695 3361; x_wconf 90' lang='lat' dir='ltr'><strong>V.</strong></span> <span class='ocrx_word' id='word_1_344' title='bbox 709 3311 802 3361; x_wconf 90' lang='lat' dir='ltr'><strong>Biondi</strong></span> <span class='ocrx_word' id='word_1_345' title='bbox 840 3312 913 3375; x_wconf 88' lang='lat' dir='ltr'><strong>quod</strong></span> <span class='ocrx_word' id='word_1_346' title='bbox 930 3309 1064 3361; x_wconf 86' lang='lat' dir='ltr'><strong>Bentleius</strong></span> <span class='ocrx_word' id='word_1_347' title='bbox 1078 3309 1250 3374; x_wconf 79' lang='lat' dir='ltr'><strong>opinabatur,</strong></span> <span class='ocrx_word' id='word_1_348' title='bbox 1270 3324 1302 3358; x_wconf 81' lang='lat' dir='ltr'><strong>«a</strong></span> <span class='ocrx_word' id='word_1_349' title='bbox 1314 3312 1372 3373; x_wconf 84' lang='lat' dir='ltr'><strong>pri—</strong></span> 
     </span>
     <span class='ocr_line' id='line_1_36' title="bbox 277 3384 1373 3449; baseline -0.002 -14"><span class='ocrx_word' id='word_1_350' title='bbox 277 3385 424 3449; x_wconf 75' lang='lat' dir='ltr'><strong>(Dissertaz.</strong></span> <span class='ocrx_word' id='word_1_351' title='bbox 446 3386 501 3435; x_wconf 75' lang='lat' dir='ltr'><strong>dett·</strong></span> <span class='ocrx_word' id='word_1_352' title='bbox 518 3386 594 3435; x_wconf 80' lang='lat' dir='ltr'><strong>Acori.</strong></span> <span class='ocrx_word' id='word_1_353' title='bbox 619 3386 688 3435; x_wconf 85' lang='lat' dir='ltr'><strong>item.</strong></span> <span class='ocrx_word' id='word_1_354' title='bbox 710 3387 735 3435; x_wconf 85' lang='lat' dir='ltr'><strong>d&#39;</strong></span> <span class='ocrx_word' id='word_1_355' title='bbox 752 3386 803 3435; x_wconf 78' lang='lat' dir='ltr'><strong>Ar·</strong></span> <span class='ocrx_word' id='word_1_356' title='bbox 840 3400 884 3436; x_wconf 86' lang='lat' dir='ltr'><strong>nra</strong></span> <span class='ocrx_word' id='word_1_357' title='bbox 902 3387 1016 3446; x_wconf 71' lang='lat' dir='ltr'><strong>manna),</strong></span> <span class='ocrx_word' id='word_1_358' title='bbox 1037 3386 1130 3435; x_wconf 77' lang='lat' dir='ltr'><strong>Tonsor</strong></span> <span class='ocrx_word' id='word_1_359' title='bbox 1146 3389 1216 3444; x_wconf 82' lang='lat' dir='ltr'><strong>eret,</strong></span> <span class='ocrx_word' id='word_1_360' title='bbox 1235 3384 1309 3447; x_wconf 85' lang='lat' dir='ltr'><strong>quod</strong></span> <span class='ocrx_word' id='word_1_361' title='bbox 1320 3398 1373 3434; x_wconf 90' lang='lat' dir='ltr'><strong>cu-</strong></span> 
     </span>
     <span class='ocr_line' id='line_1_37' title="bbox 276 3456 1372 3525; baseline -0.005 -14"><span class='ocrx_word' id='word_1_362' title='bbox 276 3461 352 3511; x_wconf 81' lang='lat' dir='ltr'><strong>citeot.</strong></span> <span class='ocrx_word' id='word_1_363' title='bbox 377 3461 404 3509; x_wconf 89' lang='lat' dir='ltr'><strong>T.</strong></span> <span class='ocrx_word' id='word_1_364' title='bbox 424 3462 465 3510; x_wconf 85' lang='lat' dir='ltr'><strong>vi.</strong></span> <span class='ocrx_word' id='word_1_365' title='bbox 484 3475 510 3525; x_wconf 87' lang='lat' dir='ltr'><strong>p.</strong></span> <span class='ocrx_word' id='word_1_366' title='bbox 530 3460 598 3523; x_wconf 76' lang='lat'><strong>30².)</strong></span> <span class='ocrx_word' id='word_1_367' title='bbox 617 3462 674 3525; x_wconf 86' lang='lat' dir='ltr'><strong>ipsc</strong></span> <span class='ocrx_word' id='word_1_368' title='bbox 692 3473 801 3524; x_wconf 88' lang='lat' dir='ltr'><strong>quoque</strong></span> <span class='ocrx_word' id='word_1_369' title='bbox 840 3461 926 3525; x_wconf 86' lang='lat' dir='ltr'><strong>pidius</strong></span> <span class='ocrx_word' id='word_1_370' title='bbox 938 3461 1076 3523; x_wconf 75' lang='lat' dir='ltr'><strong>arreptum</strong></span> <span class='ocrx_word' id='word_1_371' title='bbox 1087 3461 1130 3509; x_wconf 89' lang='lat' dir='ltr'><strong>est</strong></span> <span class='ocrx_word' id='word_1_372' title='bbox 1145 3456 1291 3508; x_wconf 79' lang='lat' dir='ltr'><strong>nitentieto</strong></span> <span class='ocrx_word' id='word_1_373' title='bbox 1303 3470 1372 3507; x_wconf 90' lang='lat' dir='ltr'><strong>con·</strong></span> 
     </span>
     <span class='ocr_line' id='line_1_38' title="bbox 278 3532 1370 3597; baseline -0.003 -14"><span class='ocrx_word' id='word_1_374' title='bbox 278 3534 311 3584; x_wconf 88' lang='lat' dir='ltr'><strong>de</strong></span> <span class='ocrx_word' id='word_1_375' title='bbox 341 3537 368 3585; x_wconf 87' lang='lat' dir='ltr'><strong>P.</strong></span> <span class='ocrx_word' id='word_1_376' title='bbox 391 3533 492 3585; x_wconf 75' lang='lat' dir='ltr'><strong>Alienio</strong></span> <span class='ocrx_word' id='word_1_377' title='bbox 520 3536 604 3597; x_wconf 86' lang='lat' dir='ltr'><strong>Varo,</strong></span> <span class='ocrx_word' id='word_1_378' title='bbox 634 3538 709 3595; x_wconf 86' lang='lat' dir='ltr'><strong>ICto‚</strong></span> <span class='ocrx_word' id='word_1_379' title='bbox 740 3538 802 3584; x_wconf 85' lang='lat' dir='ltr'><strong>noto</strong></span> <span class='ocrx_word' id='word_1_380' title='bbox 840 3534 965 3584; x_wconf 84' lang='lat' dir='ltr'><strong>tendente</strong></span> <span class='ocrx_word' id='word_1_381' title='bbox 983 3532 1067 3583; x_wconf 87' lang='lat' dir='ltr'><strong>mutto</strong></span> <span class='ocrx_word' id='word_1_382' title='bbox 1079 3532 1234 3582; x_wconf 86' lang='lat' dir='ltr'><strong>concinnius</strong></span> <span class='ocrx_word' id='word_1_383' title='bbox 1246 3544 1322 3592; x_wconf 83' lang='lat' dir='ltr'><strong>esse,</strong></span> <span class='ocrx_word' id='word_1_384' title='bbox 1344 3533 1370 3581; x_wconf 90' lang='lat' dir='ltr'><strong>si</strong></span> 
     </span>
     <span class='ocr_line' id='line_1_39' title="bbox 278 3604 1368 3671; baseline -0.004 -13"><span class='ocrx_word' id='word_1_385' title='bbox 278 3606 384 3658; x_wconf 84' lang='lat' dir='ltr'><strong>circiter</strong></span> <span class='ocrx_word' id='word_1_386' title='bbox 409 3622 433 3656; x_wconf 91' lang='lat' dir='ltr'><strong>a.</strong></span> <span class='ocrx_word' id='word_1_387' title='bbox 459 3622 484 3657; x_wconf 93' lang='lat' dir='ltr'><strong>u.</strong></span> <span class='ocrx_word' id='word_1_388' title='bbox 509 3622 532 3658; x_wconf 92' lang='lat' dir='ltr'><strong>c.</strong></span> <span class='ocrx_word' id='word_1_389' title='bbox 556 3610 612 3659; x_wconf 89' lang='grc'>680.</span> <span class='ocrx_word' id='word_1_390' title='bbox 641 3612 667 3658; x_wconf 91' lang='lat' dir='ltr'><strong>et</strong></span> <span class='ocrx_word' id='word_1_391' title='bbox 692 3608 802 3659; x_wconf 86' lang='lat' dir='ltr'><strong>consule</strong></span> <span class='ocrx_word' id='word_1_392' title='bbox 840 3609 923 3659; x_wconf 86' lang='lat' dir='ltr'><strong>oratio</strong></span> <span class='ocrx_word' id='word_1_393' title='bbox 939 3620 990 3671; x_wconf 88' lang='lat' dir='ltr'><strong>per</strong></span> <span class='ocrx_word' id='word_1_394' title='bbox 1006 3609 1079 3657; x_wconf 83' lang='lat' dir='ltr'><strong>varie</strong></span> <span class='ocrx_word' id='word_1_395' title='bbox 1096 3607 1230 3657; x_wconf 84' lang='lat' dir='ltr'><strong>discurrat</strong></span> <span class='ocrx_word' id='word_1_396' title='bbox 1245 3604 1368 3668; x_wconf 74' lang='lat' dir='ltr'><strong>opificia3</strong></span> 
     </span>
     <span class='ocr_line' id='line_1_40' title="bbox 279 3680 1373 3747; baseline -0.001 -16"><span class='ocrx_word' id='word_1_397' title='bbox 279 3684 331 3731; x_wconf 88' lang='lat' dir='ltr'><strong>iam</strong></span> <span class='ocrx_word' id='word_1_398' title='bbox 348 3694 373 3729; x_wconf 86' lang='lat' dir='ltr'><strong>n.</strong></span> <span class='ocrx_word' id='word_1_399' title='bbox 392 3682 448 3731; x_wconf 81' lang='lat' dir='ltr'><strong>rte.</strong></span> <span class='ocrx_word' id='word_1_400' title='bbox 467 3680 614 3744; x_wconf 81' lang='lat' dir='ltr'><strong>intelligens</strong></span> <span class='ocrx_word' id='word_1_401' title='bbox 631 3683 698 3732; x_wconf 86' lang='lat' dir='ltr'><strong>haec</strong></span> <span class='ocrx_word' id='word_1_402' title='bbox 713 3683 800 3733; x_wconf 86' lang='lat' dir='ltr'><strong>addit:</strong></span> <span class='ocrx_word' id='word_1_403' title='bbox 840 3682 913 3747; x_wconf 90' lang='lat' dir='ltr'><strong>quod</strong></span> <span class='ocrx_word' id='word_1_404' title='bbox 945 3684 1039 3731; x_wconf 88' lang='lat' dir='ltr'><strong>contra</strong></span> <span class='ocrx_word' id='word_1_405' title='bbox 1072 3694 1134 3731; x_wconf 90' lang='lat' dir='ltr'><strong>csse</strong></span> <span class='ocrx_word' id='word_1_406' title='bbox 1172 3680 1373 3731; x_wconf 83' lang='lat' dir='ltr'><strong>demonstravit</strong></span> 
     </span>
     <span class='ocr_line' id='line_1_41' title="bbox 277 3754 1371 3819; baseline -0.001 -15"><span class='ocrx_word' id='word_1_407' title='bbox 277 3756 320 3805; x_wconf 80' lang='lat' dir='ltr'><strong>cie</strong></span> <span class='ocrx_word' id='word_1_408' title='bbox 337 3754 432 3817; x_wconf 75' lang='lat' dir='ltr'><strong>disertio</strong></span> <span class='ocrx_word' id='word_1_409' title='bbox 446 3756 510 3816; x_wconf 77' lang='lat' dir='ltr'><strong>sorae</strong></span> <span class='ocrx_word' id='word_1_410' title='bbox 525 3762 604 3817; x_wconf 75' lang='lat' dir='ltr'><strong>stete,</strong></span> <span class='ocrx_word' id='word_1_411' title='bbox 631 3770 656 3805; x_wconf 78' lang='lat' dir='ltr'><strong>re</strong></span> <span class='ocrx_word' id='word_1_412' title='bbox 672 3771 722 3806; x_wconf 87' lang='lat' dir='ltr'><strong>non</strong></span> <span class='ocrx_word' id='word_1_413' title='bbox 738 3771 803 3819; x_wconf 82' lang='lat' dir='ltr'><strong>pro-</strong></span> <span class='ocrx_word' id='word_1_414' title='bbox 839 3756 976 3807; x_wconf 85' lang='lat' dir='ltr'><strong>Weichert</strong></span> <span class='ocrx_word' id='word_1_415' title='bbox 1001 3754 1017 3804; x_wconf 92' lang='grc'><strong>4.</strong></span> <span class='ocrx_word' id='word_1_416' title='bbox 1044 3754 1061 3805; x_wconf 91' lang='lat' dir='ltr'><strong>i.</strong></span> <span class='ocrx_word' id='word_1_417' title='bbox 1089 3758 1116 3818; x_wconf 76' lang='lat' dir='ltr'><strong>p.</strong></span> <span class='ocrx_word' id='word_1_418' title='bbox 1142 3754 1184 3804; x_wconf 77' lang='lat'><strong>29.</strong></span> <span class='ocrx_word' id='word_1_419' title='bbox 1214 3782 1242 3791; x_wconf 91' lang='lat'><em>-</em></span> <span class='ocrx_word' id='word_1_420' title='bbox 1269 3755 1371 3803; x_wconf 74' lang='lat' dir='ltr'><strong>insine-</strong></span> 
     </span>
     <span class='ocr_line' id='line_1_42' title="bbox 276 3827 1370 3895; baseline -0.004 -18"><span class='ocrx_word' id='word_1_421' title='bbox 276 3828 560 3891; x_wconf 75' lang='lat' dir='ltr'><strong>pnn&#39;nmentecnteoicio,</strong></span> <span class='ocrx_word' id='word_1_422' title='bbox 579 3830 675 3879; x_wconf 75' lang='lat' dir='ltr'><strong>annno</strong></span> <span class='ocrx_word' id='word_1_423' title='bbox 691 3832 803 3895; x_wconf 64' lang='lat' dir='ltr'><strong>equanto</strong></span> <span class='ocrx_word' id='word_1_424' title='bbox 839 3834 921 3879; x_wconf 86' lang='lat' dir='ltr'><strong>mento</strong></span> <span class='ocrx_word' id='word_1_425' title='bbox 945 3828 1024 3892; x_wconf 82' lang='lat' dir='ltr'><strong>ertia]</strong></span> <span class='ocrx_word' id='word_1_426' title='bbox 1051 3828 1184 3892; x_wconf 78' lang='lat' dir='ltr'><strong>«scalpris</strong></span> <span class='ocrx_word' id='word_1_427' title='bbox 1202 3831 1229 3878; x_wconf 86' lang='lat' dir='ltr'><strong>et</strong></span> <span class='ocrx_word' id='word_1_428' title='bbox 1246 3827 1370 3879; x_wconf 76' lang='lat' dir='ltr'><strong>formis.»</strong></span> 
     </span>
     <span class='ocr_line' id='line_1_43' title="bbox 278 3902 1372 3966; baseline 0.001 -15"><span class='ocrx_word' id='word_1_429' title='bbox 278 3902 304 3951; x_wconf 88' lang='lat' dir='ltr'><strong>di</strong></span> <span class='ocrx_word' id='word_1_430' title='bbox 328 3915 363 3950; x_wconf 78' lang='lat' dir='ltr'><strong>un</strong></span> <span class='ocrx_word' id='word_1_431' title='bbox 387 3907 541 3952; x_wconf 82' lang='lat' dir='ltr'><strong>marcatnnte</strong></span> <span class='ocrx_word' id='word_1_432' title='bbox 565 3904 590 3952; x_wconf 90' lang='lat' dir='ltr'><strong>di</strong></span> <span class='ocrx_word' id='word_1_433' title='bbox 615 3905 684 3965; x_wconf 80' lang='lat' dir='ltr'><strong>cuci,</strong></span> <span class='ocrx_word' id='word_1_434' title='bbox 714 3904 803 3954; x_wconf 79' lang='lat' dir='ltr'><strong>citiore</strong></span> <span class='ocrx_word' id='word_1_435' title='bbox 840 3908 892 3955; x_wconf 90' lang='lat' dir='ltr'><strong>Sat.</strong></span> <span class='ocrx_word' id='word_1_436' title='bbox 906 3905 934 3965; x_wconf 75' lang='lat'><strong>2,</strong></span> <span class='ocrx_word' id='word_1_437' title='bbox 953 3904 984 3961; x_wconf 83' lang='grc'><strong>3,</strong></span> <span class='ocrx_word' id='word_1_438' title='bbox 1004 3904 1060 3953; x_wconf 87' lang='grc'>406.</span> <span class='ocrx_word' id='word_1_439' title='bbox 1082 3930 1109 3940; x_wconf 91' lang='lat'>-</span> <span class='ocrx_word' id='word_1_440' title='bbox 1128 3904 1206 3953; x_wconf 81' lang='lat' dir='ltr'><strong>Sutor</strong></span> <span class='ocrx_word' id='word_1_441' title='bbox 1228 3903 1292 3966; x_wconf 81' lang='lat' dir='ltr'><strong>aret]</strong></span> <span class='ocrx_word' id='word_1_442' title='bbox 1316 3904 1372 3952; x_wconf 76' lang='lat' dir='ltr'><strong>Se-</strong></span> 
     </span>
     <span class='ocr_line' id='line_1_44' title="bbox 278 3974 1372 4042; baseline 0 -16"><span class='ocrx_word' id='word_1_443' title='bbox 278 3974 469 4026; x_wconf 75' lang='lat' dir='ltr'><strong>tortimenionna</strong></span> <span class='ocrx_word' id='word_1_444' title='bbox 496 3988 527 4025; x_wconf 89' lang='lat' dir='ltr'><strong>ne</strong></span> <span class='ocrx_word' id='word_1_445' title='bbox 553 3978 632 4039; x_wconf 79' lang='lat' dir='ltr'><strong>[anno</strong></span> <span class='ocrx_word' id='word_1_446' title='bbox 659 3978 756 4028; x_wconf 78' lang='lat' dir='ltr'><strong>Acrone</strong></span> <span class='ocrx_word' id='word_1_447' title='bbox 779 3985 803 4029; x_wconf 83' lang='lat' dir='ltr'><strong>ct</strong></span> <span class='ocrx_word' id='word_1_448' title='bbox 838 3980 933 4029; x_wconf 78' lang='lat' dir='ltr'><strong>tortinn</strong></span> <span class='ocrx_word' id='word_1_449' title='bbox 949 3978 1211 4042; x_wconf 76' lang='lat' dir='ltr'><strong>(utcnnsotiemcet.)</strong></span> <span class='ocrx_word' id='word_1_450' title='bbox 1224 3975 1372 4026; x_wconf 79' lang='lat' dir='ltr'><strong>teiemiro-</strong></span> 
     </span>
     <span class='ocr_line' id='line_1_45' title="bbox 277 4050 1369 4113; baseline -0.001 -12"><span class='ocrx_word' id='word_1_451' title='bbox 277 4050 422 4113; x_wconf 66' lang='lat' dir='ltr'><strong>perfitiens.</strong></span> <span class='ocrx_word' id='word_1_452' title='bbox 458 4051 510 4101; x_wconf 88' lang='lat' dir='ltr'><strong>Sed</strong></span> <span class='ocrx_word' id='word_1_453' title='bbox 533 4052 641 4102; x_wconf 89' lang='lat' dir='ltr'><strong>minime</strong></span> <span class='ocrx_word' id='word_1_454' title='bbox 662 4052 706 4103; x_wconf 82' lang='lat' dir='ltr'><strong>tati</strong></span> <span class='ocrx_word' id='word_1_455' title='bbox 727 4056 803 4102; x_wconf 82' lang='lat' dir='ltr'><strong>estu·</strong></span> <span class='ocrx_word' id='word_1_456' title='bbox 840 4053 940 4102; x_wconf 87' lang='lat' dir='ltr'><strong>minem</strong></span> <span class='ocrx_word' id='word_1_457' title='bbox 967 4054 1045 4100; x_wconf 78' lang='lat' dir='ltr'><strong>vocat</strong></span> <span class='ocrx_word' id='word_1_458' title='bbox 1066 4052 1120 4101; x_wconf 88' lang='lat' dir='ltr'><strong>Cic.</strong></span> <span class='ocrx_word' id='word_1_459' title='bbox 1144 4050 1179 4101; x_wconf 83' lang='lat' dir='ltr'><strong>ad</strong></span> <span class='ocrx_word' id='word_1_460' title='bbox 1201 4053 1253 4100; x_wconf 79' lang='lat' dir='ltr'><strong>att.</strong></span> <span class='ocrx_word' id='word_1_461' title='bbox 1279 4051 1311 4109; x_wconf 81' lang='lat'><strong>6,</strong></span> <span class='ocrx_word' id='word_1_462' title='bbox 1338 4051 1369 4110; x_wconf 98' lang='grc'><strong>4,</strong></span> 
     </span>
     <span class='ocr_line' id='line_1_46' title="bbox 279 4123 1369 4189; baseline 0 -16"><span class='ocrx_word' id='word_1_463' title='bbox 279 4125 313 4174; x_wconf 90' lang='lat' dir='ltr'><strong>tia</strong></span> <span class='ocrx_word' id='word_1_464' title='bbox 336 4123 523 4174; x_wconf 88' lang='lat' dir='ltr'><strong>decedendum</strong></span> <span class='ocrx_word' id='word_1_465' title='bbox 547 4127 620 4175; x_wconf 84' lang='lat' dir='ltr'><strong>esta</strong></span> <span class='ocrx_word' id='word_1_466' title='bbox 641 4124 719 4177; x_wconf 87' lang='lat' dir='ltr'><strong>claris</strong></span> <span class='ocrx_word' id='word_1_467' title='bbox 741 4140 802 4176; x_wconf 86' lang='lat' dir='ltr'><strong>cer·</strong></span> <span class='ocrx_word' id='word_1_468' title='bbox 840 4128 879 4177; x_wconf 76' lang='lat' dir='ltr'><strong>to.</strong></span> <span class='ocrx_word' id='word_1_469' title='bbox 901 4153 928 4162; x_wconf 92' lang='lat'>-</span> <span class='ocrx_word' id='word_1_470' title='bbox 950 4126 1049 4187; x_wconf 74' lang='lat' dir='ltr'><strong>sepiem</strong></span> <span class='ocrx_word' id='word_1_471' title='bbox 1071 4125 1137 4189; x_wconf 77' lang='lat' dir='ltr'><strong>cet]</strong></span> <span class='ocrx_word' id='word_1_472' title='bbox 1160 4124 1235 4175; x_wconf 85' lang='lat' dir='ltr'><strong>coni.</strong></span> <span class='ocrx_word' id='word_1_473' title='bbox 1255 4124 1323 4187; x_wconf 81' lang='lat' dir='ltr'><strong>Epp.</strong></span> <span class='ocrx_word' id='word_1_474' title='bbox 1343 4126 1369 4184; x_wconf 91' lang='grc'><strong>4,</strong></span> 
     </span>
     <span class='ocr_line' id='line_1_47' title="bbox 279 4198 1369 4262; baseline 0.001 -15"><span class='ocrx_word' id='word_1_475' title='bbox 279 4200 364 4261; x_wconf 89' lang='lat' dir='ltr'><strong>tisque</strong></span> <span class='ocrx_word' id='word_1_476' title='bbox 382 4200 477 4261; x_wconf 72' lang='lat' dir='ltr'><strong>potine</strong></span> <span class='ocrx_word' id='word_1_477' title='bbox 494 4198 596 4260; x_wconf 84' lang='lat' dir='ltr'><strong>verbis,</strong></span> <span class='ocrx_word' id='word_1_478' title='bbox 616 4201 657 4250; x_wconf 90' lang='lat' dir='ltr'><strong>cui</strong></span> <span class='ocrx_word' id='word_1_479' title='bbox 669 4205 710 4251; x_wconf 89' lang='lat' dir='ltr'><strong>est</strong></span> <span class='ocrx_word' id='word_1_480' title='bbox 721 4206 800 4251; x_wconf 78' lang='lat' dir='ltr'><strong>sutor.</strong></span> <span class='ocrx_word' id='word_1_481' title='bbox 840 4202 867 4260; x_wconf 87' lang='grc'><strong>4,</strong></span> <span class='ocrx_word' id='word_1_482' title='bbox 887 4200 950 4249; x_wconf 81' lang='lat' dir='ltr'><strong>titii:</strong></span> <span class='ocrx_word' id='word_1_483' title='bbox 974 4200 1073 4262; x_wconf 75' lang='lat' dir='ltr'><strong>septen</strong></span> <span class='ocrx_word' id='word_1_484' title='bbox 1089 4213 1140 4249; x_wconf 78' lang='lat' dir='ltr'><strong>nno</strong></span> <span class='ocrx_word' id='word_1_485' title='bbox 1153 4198 1283 4248; x_wconf 72' lang='lat' dir='ltr'><strong>minorent</strong></span> <span class='ocrx_word' id='word_1_486' title='bbox 1300 4198 1369 4257; x_wconf 77' lang='lat' dir='ltr'><strong>Iove,</strong></span> 
     </span>
    </p>
   </div>
   <div class='ocr_carea' id='block_1_5' title="bbox 0 0 1474 4892">
    <p class='ocr_par' dir='ltr' id='par_1_9' title="bbox 0 0 1474 4892">
     <span class='ocr_line' id='line_1_48' title="bbox 0 0 1474 4892; baseline 0 0"><span class='ocrx_word' id='word_1_487' title='bbox 0 0 1474 4892; x_wconf 95' lang='lat' dir='ltr'><strong> </strong></span> 
     </span>
    </p>
   </div>
  </div>
 </body>
</html>
