2925 4892
513 346 571 395 tm.
591 348 609 397 l.
644 348 713 397 saT.
732 348 752 397 l.

136 500 311 569 Reticulnm
334 500 428 587 panis
451 500 582 567 venales
604 500 687 569 inter
711 512 828 568 onusto

132 626 224 690 Forte
247 620 349 690 vehas
371 620 522 699 humero,
546 620 644 689 nihilo
666 622 741 709 plus
762 624 904 710 accipias
926 646 1025 712 quam

132 745 191 823 Qui
214 743 257 821 nil
281 742 426 829 portarit.
470 742 526 809 Vel
549 741 618 819 dic,
642 742 723 831 quid
746 719 863 810 referat
885 746 966 811 intra

132 866 269 931 Naturae
293 863 374 931 fines
397 864 532 939 viventi,
556 864 669 950 iugera
690 874 820 931 centum
841 886 883 931 an
1135 869 1177 931 50

131 986 211 1053 hille
235 987 331 1052 aret?
350 988 389 1051 ht
410 1004 511 1051 suave
534 994 584 1050 est
605 1005 646 1051 ex
668 1006 785 1072 magno
806 984 921 1053 tollere
942 1007 1071 1053 acervo.

130 1110 211 1173 Dum
235 1128 277 1173 ex
299 1128 400 1194 parvo
422 1106 515 1172 nobis
538 1083 724 1172 tantundem
746 1105 876 1173 haurire
899 1108 1077 1197 relinquas,

130 1230 194 1295 Cur
216 1241 272 1293 tun
295 1227 369 1315 plna
391 1226 505 1293 laudes
527 1226 668 1293 cumeris
691 1228 840 1313 granaria
861 1230 1008 1296 nostris?

130 1350 165 1417 t't
187 1348 246 1415 tibi
269 1350 297 1415 si
320 1348 362 1415 sit
383 1368 467 1435 opus
490 1346 602 1435 liquidi
627 1368 691 1413 non
713 1348 851 1436 amplius
872 1370 954 1416 urna

147 1556 187 1607 lt.
216 1556 333 1619 conserat
355 1555 420 1605 Cid.
446 1556 528 1615 Fene,
555 1554 631 1619 proh.
658 1556 773 1619 Doering
795 1556 822 1605 in
848 1555 975 1606 Edmin.
997 1580 1024 1592 -
1043 1557 1084 1607 ss.
1102 1560 1143 1607 ui·

118 1634 192 1682 emtis
209 1630 360 1682 Chabotins
378 1630 508 1693 Cuningh
529 1630 568 1691 (Ut
584 1643 641 1691 nos,
660 1628 791 1694 Bbscdp.l

93 1815 612 1880 -hoe--ptm1idemrereatqneaeo
649 1814 702 1873 rei;
730 1810 857 1876 singulari
879 1814 944 1865 item
964 1812 1088 1865 Horatius
1113 1814 1139 1863 h.
1157 1812 1174 1865 l.

90 1892 167 1955 pluas
207 1892 263 1942 Cir.
284 1890 318 1940 de
345 1904 396 1941 usn
420 1904 446 1939 v.
465 1891 511 1939 hac
537 1887 612 1939 lland
650 1900 713 1939 cum
730 1886 820 1937 dativo
842 1900 989 1951 personas,
1014 1902 1096 1951 quem
1113 1901 1176 1939 cum

90 1966 215 2017 iuraui.
230 1978 292 2029 pag.
306 1965 347 2016 aa.
362 1990 389 2001 -
403 1978 435 2014 nc
445 1966 524 2027 mur]
535 1978 613 2026 msam
650 1963 782 2012 antzero
800 1960 919 2013 dativum
933 1962 1069 2013 commodi
1082 1962 1176 2027 appel—

89 2038 190 2091 alisrum
206 2039 295 2090 Codd.
314 2038 427 2103 volgaris
447 2042 489 2089 est
505 2037 610 2089 modus.
649 2035 688 2087 les
704 2035 774 2087 licet.
796 2036 916 2099 Conferat
930 2040 972 2087 ast
987 2050 1020 2087 ex
1037 2036 1129 2099 glosa,
1148 2040 1175 2087 et

91 2114 165 2165 Etiam
182 2116 242 2163 Sat.
255 2116 286 2175 2,
305 2114 333 2173 3,
352 2115 413 2163 270:
438 2114 516 2163 nitido
530 2114 587 2175 plur
598 2140 612 2151 -
650 2110 760 2175 quidem
772 2109 847 2170 laiso,
866 2123 928 2161 cum
939 2111 1071 2161 sententia
1083 2113 1175 2174 requi-

90 2201 123 2237 ac.
156 2188 238 2241 conl.
265 2186 348 2251 Epod.
373 2189 419 2249 ili,
445 2190 469 2238 5.
505 2190 558 2237 Sat.
580 2186 610 2247 l,
649 2187 690 2235 rat
707 2185 851 2247 autema»,
871 2198 924 2235 nnn
942 2186 1089 2249 «expediat,
1109 2198 1175 2249 pro·

91 2264 163 2317 hit.
181 2265 215 2323 2,
231 2264 259 2321 7,
273 2264 314 2311 96.
331 2290 357 2297 -
376 2262 514 2312 lieticuium
526 2262 612 2323 panis]
648 2260 708 2307 sit.»
729 2286 756 2295 -
780 2258 854 2309 Istra
876 2263 986 2308 natam
1007 2261 1070 2323 fluas
1092 2261 1177 2311 vivon

92 2336 170 2386 luten.
184 2338 234 2395 Η,
253 2336 295 2385 60.
314 2338 383 2385 inter
400 2336 499 2387 itineris
516 2336 613 2385 instru-
648 2335 691 2383 ast
712 2346 746 2383 ex
769 2332 901 2383 sententia
924 2334 1029 2397 Epicuri
1050 2332 1176 2401 μηδενὸς

92 2413 184 2459 meum:
205 2424 267 2459 cum
284 2411 394 2459 reticulis
405 2416 428 2461 rt
441 2415 544 2472 pascet
554 2423 612 2459 van·
647 2403 704 2455 τῶν
721 2400 887 2473 ἀναγκαίων
903 2404 1007 2469 ἐνδεεῖς
1027 2406 1176 2459 καθεστά-

92 2489 124 2532 trr
137 2486 252 2548 inqenae.
289 2483 337 2547 (Ex
350 2483 430 2534 latinu
443 2498 467 2533 v.
481 2484 612 2533 reticulum
648 2496 694 2530 ναι
713 2482 795 2544 (Diog.
816 2481 962 2540 Laertio,
981 2483 1033 2544 20.)
1051 2486 1079 2532 et
1096 2482 1173 2534 illud:

92 2560 170 2608 crium
186 2557 300 2607 uidetur
318 2556 452 2607 Gallor'um
469 2558 609 2617 ridicula,
647 2550 681 2605 τὸ
702 2555 757 2619 μὲν
778 2552 907 2617 φυσικὸν
928 2552 986 2605 πᾶν
1002 2550 1176 2627 εὐπόριστόν

93 2646 128 2681 aar
148 2634 164 2683 ὰ
186 2631 325 2695 maurane.)
359 2636 461 2694 hgmcn
485 2632 611 2681 arandum
647 2628 735 2680 ἐστιν.
755 2629 830 2693 libid.
850 2630 916 2691 tao.)
937 2658 959 2665 -
977 2630 1083 2681 haurire
1099 2632 1176 2682 rotin-

94 2706 242 2767 iservomml
270 2706 317 2754 tihi
349 2706 418 2768 linge
444 2706 539 2756 herum
566 2720 611 2757 rus
648 2702 719 2767 quar]
747 2701 913 2762 «concedas,
941 2704 971 2751 ut
994 2704 1176 2755 hauriamus.»

93 2785 190 2831 euntem
209 2778 253 2829 vel
267 2780 318 2827 iter
330 2779 471 2829 facientem
483 2793 609 2843 sequens;
650 2806 677 2815 -
696 2776 813 2839 maris]
832 2776 980 2825 «amaram
997 2776 1110 2827 dicimus
1127 2792 1174 2829 vas

94 2854 153 2902 inter
168 2856 220 2903 hos
231 2852 275 2903 alii
287 2854 367 2903 variis
378 2852 536 2903 utensilibus
547 2868 612 2904 onu-
648 2854 742 2914 ingens
756 2850 911 2910 vimineum,
930 2851 957 2901 in
969 2864 1024 2915 quo
1040 2850 1175 2904 frumenta

94 2928 216 2987 adsunt,
243 2940 314 2977 unus
338 2928 417 2977 etiam
439 2928 466 2977 in
484 2926 609 2987 reticulo,
648 2926 808 2977 conduntur.
844 2926 887 2974 Sic
903 2925 1043 2989 ipsenlibi.
1057 2928 1131 2991 (Epp.
1147 2929 1173 2989 l,

93 3002 180 3061 quihus
204 3001 262 3051 ltnli
284 3013 334 3063 pro
356 3002 441 3051 saccis
459 3003 611 3053 etiamnunc
648 3002 677 3061 7,
697 3001 748 3062 30.)
772 3000 832 3049 Sive
850 3000 1175 3053 cwnoraadicunturvasu

94 3078 202 3133 utuntur,
215 3088 316 3139 panem
328 3078 423 3138 portari,
437 3089 470 3126 nc
483 3074 552 3125 male
565 3088 612 3125 cc-
648 3074 735 3124 llctilia
753 3074 847 3125 similia
869 3073 957 3136 doliis,
986 3076 1032 3125 uhi
1054 3076 1175 3127 lrumen-

92 3152 143 3198 ctns
159 3149 201 3199 uel
220 3148 358 3213 lapidosus
370 3148 467 3200 alicubi
481 3149 612 3199 emendus
649 3152 704 3199 tum
730 3161 810 3199 snum
837 3149 1005 3212 reponebant
1032 3150 1172 3213 agricolae.

93 3226 128 3277 sit,
146 3236 208 3273 cum
220 3224 329 3273 interim
341 3224 534 3286 symphoniaci,
550 3236 612 3273 ana·
648 3225 736 3274 Tertio
757 3237 875 3274 cumana
897 3224 1021 3276 dicuntur
1036 3240 1101 3277 vasa
1123 3228 1176 3277 mi-

92 3296 613 3360 gnastaa,scribae‚dispensatorcs,pin-
649 3312 727 3357 nora,
755 3311 824 3361 quae
847 3302 955 3363 capiunt
977 3301 1097 3365 quinqua
1118 3302 1174 3351 sive

93 3382 182 3419 cernae
189 3370 252 3421 nihil
265 3372 504 3433 humerisgestant,
515 3370 612 3423 eadem
648 3385 695 3423 sex
707 3371 823 3431 modios,
836 3385 905 3435 quae
917 3372 1004 3435 lingua
1016 3374 1175 3425 Sabinorum

95 3444 175 3493 tamen
197 3444 249 3495 suh
273 3444 370 3494 edendi
394 3447 517 3507 tempora
540 3446 613 3495 acci·
647 3446 942 3495 trimodinedicuntur.»
977 3451 1072 3497 Acron.
1091 3448 1175 3497 hodia

93 3516 160 3576 piunl
181 3519 266 3569 diaria
288 3532 321 3569 ac
338 3520 421 3569 miser
438 3518 479 3569 illc
497 3518 610 3569 baiulus.
648 3520 742 3581 Siculi,
761 3520 808 3583 qui
826 3518 922 3570 talibus
935 3520 1086 3571 etiamnunc
1098 3524 1177 3571 ntun-

120 3590 216 3642 is-aa.
251 3593 516 3656 referat-minanti]
544 3594 612 3643 Cum
649 3596 700 3655 tur,
719 3608 767 3644 nas
783 3596 882 3644 vocant
897 3593 1022 3652 casseri,
1040 3594 1177 3657 quincon-

93 3664 181 3727 triplex
202 3668 236 3717 sit
259 3666 336 3717 solita
358 3667 437 3717 huius
454 3666 529 3717 verbi
547 3680 615 3716 con·
650 3669 774 3720 ficiuntur
798 3681 830 3717 ax
858 3667 1052 3718 harundinibus
1077 3670 1175 3729 sectis,

94 3740 215 3789 structio:
240 3740 318 3802 refert
344 3739 479 3800 absolule;
505 3742 551 3790 hoc
570 3752 613 3789 ra·
650 3756 719 3806 miae
738 3741 857 3805 undiquc
868 3742 1013 3793 viminibus
1025 3743 1175 3806 cinguntur.

93 3810 149 3869 lert·
165 3813 284 3874 hncnwn,
303 3820 349 3863 tua
364 3815 452 3877 resert3
476 3813 548 3864 velut
565 3814 613 3863 Sa·
682 3816 772 3867 al-aa.
791 3816 889 3879 liquidi]
909 3830 1036 3879 «aquae»,
1054 3820 1084 3867 ut
1100 3819 1173 3870 Ovid.

95 3882 148 3935 lust.
172 3888 226 3949 lug.
252 3889 314 3937 lll:
341 3888 484 3951 faciendum
505 3890 611 3951 aliquid,
650 3892 754 3951 lieth,
775 3890 835 3941 453:
854 3892 993 3954 toquentem
1010 3892 1071 3942 carn
1081 3892 1176 3952 liquido

95 3961 154 4017 qaod
177 3962 277 4010 ittunrrn
297 3964 378 4026 amuis
400 3974 477 4022 quam
492 3976 540 4012 rua
560 3969 613 4012 ret·
649 3966 734 4015 mictu
756 3966 888 4029 perfundit
915 3968 975 4016 diva
998 3968 1116 4029 polenta,
1149 3972 1177 4019 et

95 4035 171 4083 latine
185 4038 324 4095 sidcrstm·;
349 4036 473 4101 singulari
491 4036 613 4103 exemplo
650 4040 743 4090 Gracci
753 4037 832 4105 νᾶμα
841 4044 921 4105 atqua
932 4036 1028 4111 ὑγρόν.
1041 4040 1173 4092 Plutarch.

96 4106 198 4159 Plautus
212 4112 289 4159 Trnc.
308 4112 339 4171 2,
366 4110 393 4171 l,
422 4111 469 4162 to:
496 4113 555 4175 quoi
576 4114 613 4163 rei
649 4112 683 4163 dc
701 4114 809 4165 vitando
827 4114 978 4165 cereali.
998 4115 1032 4165 de
1051 4114 1135 4165 sohte:
1156 4110 1174 4177 ἡ

24 4190 26 4247 l
96 4182 117 4228 ni
127 4188 150 4230 te
160 4184 307 4235 animatum
318 4186 431 4236 rettulit?
449 4200 511 4239 cum
523 4187 612 4239 dativo
649 4194 795 4257 κεραμῖτις
813 4187 870 4255 (γῆ)
883 4216 896 4225 -
909 4216 922 4225 -
934 4190 1027 4256 στέγει
1044 4187 1174 4258 παραλα-
