2925 4892
488 368 547 417 titt.
565 367 584 417 Ι.
609 366 707 417 trist.
725 367 814 419 xiiii.

153 521 239 590 Alter
262 522 382 609 rixatur
403 520 445 589 de
467 520 541 589 iana
562 542 661 610 saepe
684 522 830 609 caprina,

152 647 337 731 Propugnat
357 643 452 731 nugis
475 654 630 711 armatus:
654 643 798 720 Scilicet,
822 654 942 711 utnon

152 766 199 832 Sit
219 764 297 831 mihi
318 764 423 851 prima
444 762 526 831 fides
549 774 581 831 ct
602 784 679 831 vere
701 764 792 851 quod
813 764 919 853 piacet
938 777 974 831 ut
995 788 1061 833 non

151 886 276 953 Acriter
298 884 460 953 elutrem?
481 886 623 953 Pretium
645 896 735 953 aetus
758 885 860 955 attera
880 888 1000 955 sordet.

143 1046 181 1095 tt.
195 1046 298 1095 rixatus
306 1058 375 1095 corr.
385 1044 405 1095 E
417 1048 445 1095 et
456 1058 471 1094 e
483 1047 579 1108 quarto
590 1044 682 1095 Btuud.
695 1046 723 1107 C,
742 1046 846 1096 motor
856 1047 891 1097 de
902 1047 997 1098 Mureti
1009 1048 1077 1099 coni.
1089 1048 1115 1098 t.
1133 1050 1164 1101 tit

141 1132 200 1179 nos,
214 1120 296 1169 nostri
309 1119 396 1181 (etiam
408 1131 448 1182 pr.
459 1118 487 1180 Ei
507 1120 534 1167 et
545 1120 670 1169 Pottierii.
686 1146 713 1155 —
726 1122 834 1183 cuprina
844 1126 868 1171 et
877 1120 1012 1173 Bentleius
1024 1123 1093 1173 coni.
1104 1126 1161 1173 ets.

109 1249 150 1313 iig.
167 1248 215 1298 57:
242 1248 348 1297 Etcum
367 1248 393 1297 in
410 1248 532 1297 Laureolo
548 1248 633 1305 minio,
672 1246 745 1299 lebat
761 1250 845 1301 Voss:
865 1250 930 1301 mihi
947 1251 974 1300 et
989 1250 1147 1303 inconcinna
1160 1252 1198 1301 vi-

109 1326 134 1371 in
150 1336 200 1384 pun
218 1326 289 1371 actor
296 1322 441 1383 proripiens
452 1323 635 1371 amnuerun-
672 1322 752 1371 detur
775 1324 802 1373 et
826 1324 959 1386 ingratum
976 1324 1085 1375 nuribus
1101 1326 1198 1375 accidit

109 1398 211 1460 putorem
234 1396 326 1457 omui,
357 1396 444 1457 piures
467 1397 635 1447 munium
671 1398 976 1462 nieuw-amotio.)
998 1424 1025 1437 -
1051 1401 1198 1464 Propupnnt

109 1470 223 1520 certatim
239 1470 436 1531 enpnimentum
452 1470 516 1519 artis
535 1470 633 1531 tarent,
671 1472 745 1534 nupia
761 1472 885 1533 armaten]
904 1472 1041 1523 «iutiiibus
1052 1488 1197 1537 argumen-

108 1558 198 1595 cntcre
213 1557 289 1593 sceno
305 1544 450 1593 nwndcuit.
469 1544 535 1595 iiiuc
547 1546 635 1594 unns·
672 1546 704 1595 iis
716 1544 862 1607 verbisque
873 1546 997 1596 inanibus
1008 1551 1087 1598 utens
1097 1552 1198 1614 pugnat

109 1617 172 1679 inte,
191 1620 222 1667 ut
238 1618 265 1667 in.
283 1616 313 1677 l.‚
330 1618 412 1668 etium
429 1618 483 1668 Cic.
501 1620 572 1669 Brut.
591 1618 632 1679 69,
672 1632 720 1683 pro
738 1617 820 1668 rebus
831 1617 956 1678 tontibus,
976 1621 1197 1682 indignationem-

108 1692 168 1744 tit:
189 1694 220 1755 Q.
236 1692 326 1743 Antio
343 1692 392 1755 titii
406 1694 442 1743 ii.
463 1694 546 1743 &orti
562 1692 635 1755 punit
672 1706 724 1756 qne
736 1704 814 1742 suum
826 1694 865 1743 sic
876 1692 999 1743 effundit:
1017 1696 1130 1745 minet»
1143 1700 1195 1746 cet.

107 1768 281 1817 mnam.
310 1768 410 1817 Seneca
428 1766 462 1817 de
473 1769 514 1816 ira
527 1766 551 1825 3,
565 1768 589 1827 8,
603 1766 632 1817 i:
672 1765 808 1817 ibiativus
824 1768 898 1831 nupia
912 1780 975 1817 cum
987 1771 1100 1832 utroque
1112 1769 1197 1819 verbo

108 1842 234 1903 optinum
258 1840 379 1889 iudicetit
407 1840 500 1903 (Caelii
525 1840 632 1902 cliens),
672 1840 836 1903 iungendos,
852 1847 951 1905 ponunt
963 1844 1198 1906 promptum·

108 1916 230 1977 monnio
246 1914 360 1975 ditium,
381 1916 450 1976 requi
471 1920 495 1964 et
514 1916 635 1965 secundos
671 1917 709 1979 pis
726 1920 850 1965 amatur.
870 1916 934 1976 (Cic.
946 1929 973 1979 p.
986 1914 1068 1967 domo
1080 1919 1121 1976 tt,
1135 1919 1195 1970 iit:

107 2003 191 2053 opere.
212 1988 265 2038 Cir.
284 1990 406 2039 Gronovii
422 1988 499 2039 Obss.
519 1990 544 2039 iu
562 1987 631 2039 Eccl.
670 1990 809 2040 incredibili
825 1995 943 2040 omniur
952 1992 1084 2055 wdecim)
1111 1992 1196 2043 Facite

107 2066 146 2115 ta.
160 2076 188 2127 p¹
200 2061 257 2113 oet.
271 2064 310 2113 Fr.
329 2063 537 2114 DonatusPrnei.
549 2064 574 2113 in
585 2064 634 2113 Eu·
672 2063 782 2127 quidem
793 2070 826 2125 et,
839 2065 1063 2127 potensteine,
1077 2068 1196 2127 Scinio,

106 2138 244 2187 nucinum:
267 2138 296 2187 in
312 2138 359 2187 inc
375 2138 503 2187 cmnoedic
519 2140 563 2199 qni
576 2152 634 2199 per-
672 2142 777 2189 Pnssou
794 2138 978 2199 inseruerunt,
1005 2142 1130 2191 excidere
1148 2156 1197 2206 po-

105 2225 194 2261 tonem
220 2212 382 2260 Ponuenonir
397 2213 513 2273 sentinet,
536 2213 635 2275 privant
672 2214 728 2264 tuit.
749 2214 1195 2275 (EstiniineversusSnt.t,3,i3,

105 2286 289 2347 intumentes,
301 2288 422 2335 modae
433 2287 631 2347 atentCMerettt,
671 2288 696 2348 t,
709 2290 734 2347 t,
748 2288 788 2338 58.
803 2286 837 2351 tt,
849 2290 875 2349 5,
888 2289 941 2353 en]
956 2291 981 2347 t,
992 2292 1019 2349 8,
1029 2290 1070 2339 et.
1089 2290 1155 2354 Epp.
1170 2293 1194 2349 i,

105 2360 196 2410 tertiae
212 2360 248 2409 ut
263 2360 413 2409 moinum
429 2366 549 2422 spectent.
574 2362 634 2411 Bitt-
672 2363 696 2420 t,
710 2361 751 2410 30.
772 2363 796 2422 t,
809 2363 886 2421 ost.
906 2364 1018 2423 imi.
1039 2367 1062 2424 i,
1075 2364 1151 2425 tm.
1170 2367 1195 2423 t.

106 2435 174 2497 tigor
189 2433 225 2483 ki.
239 2434 310 2483 Scir.
324 2435 343 2483 1.
356 2447 383 2497 p.
397 2432 453 2485 itio.
673 2436 713 2496 tii,
727 2436 768 2485 tu.
788 2438 867 2497 i‚i'i,
882 2437 922 2486 49,
942 2439 1021 2497 ctu,
1033 2440 1075 2489 5⁰.
1094 2440 1118 2496 ἓ,
1131 2441 1157 2500 t,
1169 2440 1193 2489 3.

138 2508 230 2559 ta-ta.
257 2508 326 2558 Atier
343 2509 405 2572 cet]
428 2510 535 2573 «Aeque
553 2512 632 2573 nique
671 2510 1144 2572 n.1>.tt⁰.)sedinnsynustoninii
1155 2517 1198 2563 est

104 2582 229 2633 adulator
236 2586 331 2646 peccat
340 2582 381 2633 iiie
392 2596 514 2635 morosus
524 2586 551 2633 et
560 2596 635 2647 ngre-
671 2583 835 2633 offensionis.
849 2583 887 2633 Ci.
899 2584 998 2635 flerbst
1006 2587 1087 2636 Lecti.
1097 2588 1196 2638 venus.

105 2658 167 2717 stis,
187 2658 233 2721 qui
250 2656 285 2707 de
303 2657 385 2707 rebus
397 2656 491 2709 nuiiius
505 2660 633 2709 momenti
671 2659 691 2706 i.
705 2670 731 2719 p.
746 2655 786 2705 33.
802 2683 829 2693 -
842 2657 948 2720 Scilicet]
961 2657 1034 2708 iiius
1045 2659 1123 2721 igitur
1130 2661 1198 2709 acri-

105 2732 239 2781 acerrime
257 2731 373 2795 disputat
385 2736 412 2782 et
422 2732 592 2783 nitercatnn·
604 2758 631 2769 -
672 2733 713 2779 ter
730 2729 764 2780 (ie
781 2729 865 2780 rebus
882 2730 978 2781 nuiiius
995 2734 1123 2783 momenti
1134 2746 1198 2785 cuur

104 2808 143 2857 De
159 2806 225 2855 huo
234 2808 343 2868 caprino
353 2807 440 2857 ritant
451 2812 478 2858 et
490 2808 552 2877 arpi
562 2798 633 2857 ὄνου
672 2804 730 2855 sitis
747 2806 861 2865 rixatur,
880 2804 1015 2855 interdum
1026 2806 1078 2855 hoc
1089 2819 1197 2871 quoque

105 2876 192 2943 σκιᾶς
208 2875 359 2943 μάχεσθαι
376 2882 495 2943 (Lucian.
513 2882 632 2931 Hermot.
672 2879 749 2929 dicii:
762 2880 833 2929 «Per
844 2878 908 2928 mihi
920 2879 1020 2929 mirum
1030 2880 1126 2929 accidit
1137 2894 1198 2943 pro-

105 2956 157 3017 rt.)
177 2957 240 3005 sunt
257 2955 399 3018 proverbia
421 2956 446 3005 in
465 2957 581 3007 rixantes
599 2955 633 3005 da
672 2952 756 3013 tecto,
779 2953 802 3001 si
819 2952 865 3015 qui
882 2952 980 3003 adsunt
995 2966 1050 3003 non
1067 2954 1132 3004 mihi
1148 2966 1198 3017 po-

105 3029 191 3080 rebus
214 3026 355 3079 levissimis
376 3032 422 3079 out
438 3042 507 3092 quoe
525 3030 633 3079 omuino
673 3027 805 3077 tissimum
831 3026 914 3078 fldem
940 3027 1072 3088 habeant,
1098 3029 1197 3092 quippe

106 3116 160 3155 non
178 3105 249 3155 sunt.
270 3102 354 3165 (Teios
365 3104 428 3191 aspi
439 3098 558 3165 οόδονός
569 3096 634 3166 cifi-
672 3102 718 3164 qui
736 3100 832 3153 meiius
848 3114 931 3164 quam
948 3103 1030 3151 ceteri
1044 3115 1141 3154 verum
1152 3116 1200 3153 no-

105 3194 145 3229 ων
160 3172 284 3240 ἀναξίαν
297 3176 429 3243 anonim:
441 3179 634 3241 ποιουμένους
671 3176 773 3233 verim3
791 3178 952 3239 permirum,
970 3178 993 3227 si
1008 3178 1069 3239 uuis
1080 3177 1145 3227 mihi
1156 3178 1198 3227 in-

105 3252 178 3303 ridet
211 3250 284 3302 Plato
313 3252 428 3315 Euripo,
457 3265 485 3317 p.
507 3252 563 3303 titi.
594 3250 633 3314 Ε.)
672 3250 804 3300 turdicere
814 3249 886 3311 vetit,
896 3264 939 3311 ue,
952 3251 1025 3313 quud
1036 3252 1102 3303 mihi
1112 3250 1198 3303 semet

105 3329 277 3390 Quamquam
303 3328 354 3377 icti
376 3330 523 3389 agnoscunt
544 3326 632 3377 lenam
672 3325 806 3388 persuasi.
820 3325 876 3374 sine
888 3318 941 3374 ulla
951 3325 1091 3374 reticentia
1102 3328 1131 3375 et
1139 3326 1198 3377 sine

104 3403 255 3465 caprinam.
283 3400 381 3464 Uipinn.
403 3404 429 3452 in
449 3404 469 3451 i.
488 3402 516 3451 Si
532 3406 578 3451 citt
593 3400 634 3449 iu·
672 3397 724 3448 nito
751 3400 826 3448 metu
850 3398 922 3447 ctare
943 3398 1105 3461 proteram.»
1125 3424 1152 3435 -
1169 3404 1199 3449 ut

105 3490 140 3525 un
165 3475 191 3538 5.
220 3476 290 3525 Lana
313 3473 363 3538 teg.
387 3478 415 3539 ff.
449 3478 487 3527 De
506 3476 634 3538 tepntiret
671 3472 1130 3536 unul-quomodonon·-t»wie,
1148 3472 1198 3521 ici

102 3550 186 3613 flacio
208 3548 238 3597 3:
266 3550 339 3599 Mat
363 3550 448 3613 ἱεροῖο
473 3551 549 3600 etim
565 3550 634 3611 lepo-
671 3546 759 3597 solite
779 3547 906 3596 nicitu.
925 3560 945 3596 s.
964 3544 1019 3595 un?
1042 3543 1091 3596 iiii
1109 3545 1198 3607 (eiiam

104 3624 192 3673 rim
223 3622 310 3671 tnnnru
335 3628 358 3673 et
379 3625 525 3675 mam
546 3629 569 3675 et
590 3637 634 3673 cu·
672 3621 786 3682 Iahnius)
799 3622 969 3671 construunt:
990 3621 1199 3681 «mutandos

102 3698 211 3759 prinum
235 3698 309 3747 cretio
331 3698 461 3749 curationi.
498 3700 631 3759 (Fuerunt,
672 3698 756 3746 utero
771 3696 867 3756 sordet,
886 3708 918 3745 ea
930 3695 1087 3745 condicione
1099 3692 1197 3753 oblata,

105 3772 152 3835 qui
170 3770 377 3833 distinguerent:
395 3772 463 3822 Atter
473 3772 587 3833 motor,
605 3773 634 3821 de
672 3777 700 3821 nt
716 3770 955 3821 noi--etutrem.·
984 3770 1037 3820 Sed
1058 3771 1147 3821 nosue
1165 3781 1199 3821 ex

104 3846 170 3895 inito
186 3859 260 3908 rnepn
276 3846 386 3909 caprino
401 3848 546 3911 Proponunt
565 3848 632 3903 cet.;
671 3846 774 3895 ratione
797 3843 880 3895 mutto
897 3843 993 3895 meiius
1009 3844 1100 3895 iervor
1117 3846 1199 3905 atque

105 3920 155 3971 sed
180 3922 343 3971 constructio
370 3922 476 3983 usitata,
504 3934 584 3985 quam
608 3920 634 3969 iu
674 3919 790 3981 impetus
807 3919 976 3981 exprimitur,
995 3931 1049 3981 quo
1064 3917 1200 3969 homoin-

106 3994 158 4045 hno
176 3996 309 4045 sermonis
326 3996 471 4059 quotidiani
489 3996 633 4047 imitatione
673 3992 934 4057 dignabuudnscum
946 3990 1197 4057 aiteroeupostulut.

105 4070 149 4119 vix
168 4069 289 4120 deseruit
302 4069 437 4131 Homine,
456 4070 636 4121 estimatio
676 4095 702 4104 -
723 4069 844 4119 Eintrore
859 4072 902 4119 esi
922 4080 1049 4121 «summa
1065 4065 1199 4131 pulmonis

106 4142 198 4205 ultim
213 4156 257 4203 rt,
272 4157 437 4207 proponam
448 4158 497 4207 pro
508 4146 598 4207 dtpuo
606 4157 635 4195 rt
674 4144 844 4194 contentione
855 4142 989 4207 proteum,
1008 4141 1082 4205 quod
1092 4141 1119 4189 in
1128 4137 1198 4187 buc-

106 4216 149 4267 vei
168 4218 273 4279 utque
298 4220 452 4269 Lectionum
463 4220 565 4271 matter
576 4232 635 4270 ma·
674 4230 734 4267 cum
750 4218 850 4269 venit.»
864 4245 891 4253 -
904 4218 1015 4267 Pretium
1031 4214 1093 4277 cet]
1112 4212 1199 4262 niteti-
