2925 4892
537 371 596 421 ΗΒ.
616 371 645 421 ll.
682 371 781 422 EPlST.
799 373 818 422 l.

170 525 385 614 Libertasque
408 535 612 592 recurrentes
635 537 769 614 accepta
790 547 850 614 per
871 548 972 594 annos

171 648 263 713 Lusit
285 645 477 724 amabiliter,
502 645 607 714 donec
629 646 692 713 iam
714 667 833 714 saevus
854 659 999 737 apertam

171 770 206 832 ln
230 767 354 834 rabiem
376 767 483 855 coepit
504 769 584 834 verti
607 769 698 836 iocus
721 778 753 834 et
774 789 834 855 per
854 768 1008 837 honestas

171 889 223 955 lre
247 887 361 955 domos
384 889 515 976 impune
537 889 653 955 minax.
698 888 841 956 Doluere
863 902 998 958 cruento
1156 895 1218 962 ibo

195 1083 253 1136 tle.
279 1085 344 1136 uerti
367 1086 447 1148 coepit
474 1099 518 1150 op,
537 1086 576 1136 Lt.
607 1086 646 1149 (ut
669 1098 734 1148 uos,
760 1085 818 1137 bSE
835 1088 864 1137 et
880 1086 1007 1151 Codices,
1034 1102 1103 1152 quos
1120 1091 1186 1144 uidit

161 1157 311 1220 Bentleius,
329 1160 442 1224 omnes.)

127 1339 229 1388 quocies
252 1325 361 1376 siwsstm
383 1331 418 1376 esi
433 1327 510 1377 iriam
525 1328 654 1391 soliciano,
694 1326 795 1377 iaceret
811 1326 900 1390 alteri,
915 1343 948 1379 ox
960 1330 1011 1380 bac
1021 1330 1081 1395 lege
1092 1333 1149 1397 ipsa
1161 1334 1219 1385 col·

127 1403 189 1452 Diei
213 1401 272 1450 luiii
294 1403 446 1452 ominibus
462 1404 601 1465 praecipue
616 1404 656 1452 io·
693 1397 774 1464 legit,
791 1401 865 1452 iocos
881 1401 940 1454 illos
955 1406 1074 1468 primurn
1090 1408 1218 1460 innocen-

127 1475 213 1538 sisare
229 1475 380 1526 militaribus
396 1476 561 1536 celebratam,
581 1477 656 1526 otim
693 1477 735 1524 tes
744 1474 871 1538 paulatim
880 1475 1058 1540 degenerasse
1067 1484 1148 1546 atque
1157 1497 1219 1535 eoa·

127 1552 168 1599 m's
185 1551 279 1612 quippe
294 1551 403 1601 versibus
419 1551 655 1614 mprobrmeeia-
692 1561 786 1599 versos
815 1562 875 1600 esse
903 1551 929 1600 io
956 1552 1058 1604 lamosa
1086 1559 1216 1620 mina,

124 1637 211 1687 psana
227 1638 253 1674 se
268 1626 361 1674 vicisse
376 1627 445 1688 apae
457 1626 654 1688 omnicoetum,
693 1622 791 1686 quibas
808 1624 931 1674 homines
947 1626 1051 1677 honesti
1068 1643 1100 1678 aa
1115 1630 1218 1683 nobiles

124 1699 301 1762 praemiantur
321 1702 507 1762 parcimoniam
532 1701 657 1750 ominan-
693 1698 824 1748 acerrime
844 1696 910 1749 laesi
932 1700 997 1759 siat;
1024 1701 1059 1751 ob
1076 1715 1159 1766 mam
1176 1707 1218 1757 in-

127 1779 172 1824 tes.
188 1801 217 1810 -
229 1774 365 1836 opprobrio
381 1775 483 1839 matioo]
501 1775 554 1826 Cir.
568 1774 656 1824 omni·
692 1769 859 1822 tolerabilem
880 1771 1014 1824 licentiam
1030 1777 1084 1827 iam
1101 1762 1232 1830 Decem-⁰

127 1861 164 1898 no
181 1848 217 1898 ad
234 1851 288 1899 sat,
302 1851 326 1910 l,
339 1850 363 1910 7,
376 1850 409 1898 29
420 1862 481 1913 sqq,
692 1847 756 1895 viris
775 1847 806 1909 (a.
823 1860 851 1896 u.
870 1860 894 1897 c.
907 1848 975 1911 303.)
991 1851 1079 1901 visum
1097 1866 1158 1904 esse
1175 1855 1218 1905 iu-

161 1921 284 1972 etr-iso.
310 1926 473 1988 recorrentes]
498 1919 654 1987 «quotannis
693 1921 785 1970 stuarti
802 1933 918 1984 poenam
936 1925 1097 1978 constituero
1114 1929 1140 1978 in
1158 1942 1216 1990 eos,

128 1997 227 2047 eodem
237 1999 334 2048 messis
345 2000 465 2062 tempore
475 2001 654 2049 revertente.»
693 1993 739 2056 qui
756 1994 829 2045 cives
846 1995 1027 2048 infamassent.
1065 1999 1217 2061 (Primarlilb

130 2097 158 2105 -
178 2070 290 2134 accepta]
308 2085 360 2122 non
379 2075 531 2137 «receptam
549 2073 597 2123 sod
609 2085 657 2137 po-
693 2069 737 2118 est
757 2070 893 2120 Ciceronis
914 2070 989 2122 locus
1009 2073 1044 2122 de
1061 2076 1125 2139 Rep.
1143 2078 1171 2126 L.
1190 2076 1215 2127 l.

127 2143 180 2194 tius
194 2144 385 2208 ameeommes,
402 2149 475 2208 grata
487 2159 596 2211 semper
607 2149 655 2197 lto·
693 2141 727 2191 ab
745 2145 891 2206 Augustino
908 2144 942 2194 de
960 2147 990 2196 C.
1003 2147 1035 2197 D.
1048 2149 1073 2209 i,
1087 2149 1110 2200 9.
1127 2163 1218 2201 serva·

127 2218 226 2277 manis,
239 2219 345 2281 quando
356 2222 656 2284 conditapostfnementa
694 2220 751 2279 tus,
770 2230 831 2268 mea
848 2220 875 2270 in
893 2219 1007 2272 editione
1025 2221 1081 2273 Vol.
1095 2226 1138 2274 lV.
1155 2227 1182 2276 Ρ.
1195 2227 1215 2276 Ι.

127 2290 265 2342 ludebatis
285 2319 313 2330 -
331 2295 400 2344 Lusit
417 2295 571 2360 amabiliter]
596 2296 655 2344 «ἰο-
693 2303 719 2354 p.
732 2290 796 2342 iio:
814 2294 1021 2345 Nostrascontra
1032 2298 1161 2348 duodecim
1171 2300 1218 2349 Ta·

128 2369 188 2416 cata
205 2368 315 2418 estsine
328 2369 485 2432 cuiusquam
498 2370 653 2430 offensione,
692 2364 779 2426 boiae,
798 2380 855 2416 cren
865 2382 1009 2430 perpaucas
1017 2385 1058 2421 res
1068 2373 1150 2434 capite
1159 2387 1218 2422 sas·

128 2441 242 2491 comiter
267 2454 298 2492 ac
323 2441 423 2504 tacete,
451 2457 501 2493 nec
523 2441 574 2493 ulla
593 2443 654 2494 inde
691 2441 801 2502 crisseio,
819 2443 847 2491 is
862 2443 900 2492 bis
915 2444 981 2494 boae
997 2448 1218 2508 auoqaesancisn-

128 2516 185 2564 rixa
205 2513 366 2565 oriebatur.»
383 2545 410 2554 -
427 2517 456 2566 la
472 2517 577 2582 rabiem]
597 2520 656 2568 «lo—
693 2515 753 2563 dam
766 2519 921 2577 camoenam
935 2529 961 2568 sr
976 2531 1032 2578 oras
1050 2532 1217 2572 accensure·

128 2601 178 2639 cus
195 2591 273 2640 autea
292 2589 418 2641 innocens
434 2593 460 2642 in
473 2591 575 2642 rabiem
587 2593 655 2642 verti
691 2600 754 2649 ser,
779 2589 831 2638 siue
846 2603 950 2640 cannen
966 2593 1124 2653 condidisset,
1151 2595 1217 2655 evod

129 2663 232 2726 coepit,
259 2664 327 2714 adeo
350 2666 379 2714 ut
400 2679 488 2715 saevas
510 2666 601 2728 tieret,
628 2665 655 2716 id
692 2662 827 2725 infamiam
847 2664 942 2725 faceret
956 2667 1113 2729 ilooit'umve
1128 2669 1216 2727 aluri,·
1304 2664 1307 2669 ⁴

129 2740 185 2800 est,
204 2740 296 2789 irrisos
307 2741 483 2790 vehementer
493 2740 612 2792 laederet
624 2755 656 2790 ac
692 2735 739 2785 ubi
749 2737 814 2787 Cod.
827 2737 996 2790 corbeiensis
1004 2741 1142 2805 antiquiss.
1149 2741 1218 2805 glos-

129 2811 294 2862 morderet.»
320 2813 359 2863 Cl.
377 2817 407 2863 Α.
427 2816 455 2864 Ρ.
472 2815 516 2864 79:
541 2815 655 2865 Arciilo-
692 2823 721 2860 sa
740 2811 766 2860 iu
783 2810 902 2861 Diibneri
919 2813 966 2862 lid.
979 2816 1116 2877 Augustini
1132 2817 1216 2868 Poris.

127 2888 203 2936 ciem
218 2888 322 2950 proprio
338 2888 441 2938 rabies
460 2891 571 2939 armavit
589 2891 655 2940 tam.
693 2885 780 2937 4838.;
809 2886 965 2937 «decertare
984 2890 1025 2938 est
1041 2890 1139 2940 iulame
1156 2903 1219 2940 car-

129 2963 278 3025 bo.-·1re]
298 2963 462 3027 «impetuose
479 2967 653 3027 grassaris-
692 2973 756 3010 men
772 2962 907 3011 nominata
923 2976 1038 3026 persona
1051 2963 1141 3015 edere.
1168 2966 1218 3016 Oc-

128 3038 231 3100 impaae
252 3038 358 3099 minos]
394 3037 487 3089 anullo
511 3041 655 3091 etiamtunc
691 3041 803 3097 oenwre,
822 3039 984 3088 contrarium
1001 3040 1134 3090 mausum
1152 3053 1217 3091 can-

128 3111 219 3177 poena
244 3111 352 3162 ramosis
376 3115 539 3167 carminibus
556 3117 657 3167 consti·
692 3113 777 3160 iare.»
796 3111 1217 3174 ct.rusc.i,2,l.1urisautem

130 3187 213 3237 tute.»
232 3187 344 3236 Omnino
355 3189 510 3242 meminisse
523 3191 656 3242 debemus
693 3185 847 3248 posterioris
863 3185 984 3250 regulam
999 3188 1039 3238 sic
1055 3190 1165 3252 exponit
1177 3188 1218 3242 iil-

130 3262 269 3312 lloratium
286 3259 434 3312 blachis
451 3265 557 3316 tradere
575 3266 657 3316 bisto-
693 3259 788 3324 planus
805 3261 845 3310 Fr·
863 3261 887 3309 lt·
906 3261 931 3323 S·
948 3261 972 3310 tl-
990 3262 1047 3324 Dis.
1064 3263 1098 3312 de
1116 3265 1217 3315 iniuriis

129 3338 198 3386 mam
223 3331 313 3399 poesis
338 3337 485 3399 Romanae,
511 3341 542 3389 ut
562 3343 597 3391 ita
615 3340 656 3390 di·
694 3337 721 3382 el
743 3334 852 3384 famosis
873 3331 984 3383 libellis:
1012 3335 1041 3383 St
1055 3337 1112 3396 eois
1126 3337 1217 3390 lineo

130 3423 206 3472 mm,
220 3411 366 3474 poeticam,
381 3410 471 3472 idest,
485 3410 575 3474 talem,
588 3427 656 3477 qua·
693 3409 727 3457 od
759 3408 893 3470 infamiam
925 3407 1032 3457 meaios
1051 3410 1218 3470 pertinentem

130 3485 184 3536 lem
197 3485 255 3548 ipse
266 3483 316 3534 sibi
329 3485 480 3536 coniectura
493 3486 654 3538 informarat.
692 3482 833 3544 scripserit,
851 3483 1027 3543 composuerit,
1041 3483 1158 3544 ediderit,
1170 3486 1218 3536 do-

129 3560 247 3609 Primam
273 3557 361 3621 poesis
383 3561 506 3609 scenicae
528 3561 656 3624 originem
693 3557 747 3607 love
769 3556 837 3606 maio
860 3557 957 3619 fecerit,
983 3569 1033 3617 qao
1055 3558 1115 3617 quid
1130 3570 1218 3608 soram

130 3635 206 3684 recte
230 3633 324 3695 utique
348 3634 445 3696 repetit
461 3647 476 3683 a
494 3635 656 3687 carminibus
691 3633 775 3698 lieret,
793 3632 892 3681 etiamsi
907 3631 1011 3680 aboites
1025 3631 1125 3680 nemim
1138 3633 1218 3684 edide-

130 3707 180 3760 illis
197 3707 368 3759 Fescenninis
385 3703 554 3773 dposiiaiosg
571 3723 604 3760 en
621 3709 657 3760 la·
693 3707 728 3756 iit
743 3707 783 3756 osi
798 3706 850 3756 ens
865 3707 982 3755 nomiae:
999 3707 1038 3755 eti
1053 3708 1164 3757 deeora
1174 3709 1218 3773 api

131 3783 211 3834 solvis
236 3783 301 3833 iocis
325 3784 352 3832 et
369 3784 494 3834 conviciis
512 3785 656 3834 constami-
693 3781 778 3831 liceret
794 3779 900 3843 (iudicio
917 3783 1019 3845 privato
1036 3782 1141 3832 actione
1153 3783 1219 3834 iniu-

130 3857 196 3918 bus,
215 3869 330 3921 quorum
347 3870 431 3920 genus
447 3857 554 3923 aliquod
566 3859 658 3910 etiam·
694 3857 795 3907 riarum
807 3854 910 3919 exlege
923 3855 1063 3918 Cornelia).
1082 3857 1121 3908 Cl.
1136 3859 1217 3910 ileia-

131 3935 189 3982 tum
215 3925 356 3996 superer'at
377 3933 405 3982 in
426 3933 589 3985 carminibus
606 3948 657 3984 nu·
694 3930 756 3981 dori
770 3931 804 3981 ad
822 3933 874 3981 Sat.
888 3933 917 3992 i,
932 3932 1013 3990 t,8t.
1039 3933 1153 3996 insuper
1168 3947 1218 3984 no-

131 4004 264 4068 ptialibus.
284 4007 425 4057 Praeterea
438 4020 500 4057 cum
512 4008 592 4058 sciret
603 4009 657 4058 iam
694 4008 752 4055 tum
776 4009 871 4069 poetae
898 4008 972 4064 erat,
1007 4008 1087 4056 etiam
1112 4006 1218 4058 duobus

131 4079 276 4130 duodecim
292 4079 396 4131 tabulas
415 4081 536 4143 (Dirksen
553 4095 580 4146 p,
598 4082 655 4132 507.
695 4081 755 4143 post
777 4079 874 4129 seculis
897 4081 967 4142 (aute
984 4081 1051 4143 olio.)
1078 4083 1215 4141 Naevium,

132 4156 159 4202 et
181 4153 249 4216 733.)
275 4155 362 4220 capite
391 4157 523 4216 semisse,
550 4157 573 4205 si
598 4157 657 4219 qrais
695 4155 740 4218 qui
757 4153 835 4203 simili
857 4155 992 4218 protervia
1013 4157 1039 4204 in
1056 4153 1160 4203 nabiles
1175 4154 1218 4204 ln·

133 4241 243 4280 carmen
255 4229 426 4294 condidisset,
437 4229 510 4295 quod
522 4229 657 4282 infamiam
694 4233 787 4279 vectus
804 4231 870 4289 erat,
889 4228 922 4278 ab
937 4230 978 4280 bis
991 4227 1059 4280 male
1072 4226 1217 4280 mulcatum
