2925 4892
519 352 578 403 nra.
597 353 617 403 r.
652 354 721 405 sar.
742 354 770 405 v.
1150 360 1190 423 93

138 505 291 571 Proxima
313 506 479 593 Campano
502 509 590 593 ponti
611 528 698 595 quae
718 508 842 587 villula,
867 520 985 579 tectum
1148 516 1188 579 ir»

138 626 305 703 Praebuit,
330 636 364 693 et
383 626 516 714 parochi
538 650 624 716 quae
645 628 768 697 debent
793 630 878 719 ligna
902 632 1079 723 salemque.

139 747 220 813 Hinc
240 746 320 813 muli
344 748 475 835 Capuae
497 747 631 815 clitellas
652 760 802 837 tempore
824 764 956 839 ponunt.

138 868 258 933 Lusum
281 868 306 933 it
328 869 516 945 Maecenas,
546 868 721 939 dormitum
743 892 806 961 ego
828 874 1060 963 Virgiliusque3

138 990 285 1076 Namque
307 988 375 1076 pila
395 990 493 1077 lippis
514 991 679 1059 inimicum
701 1002 734 1059 et
760 992 874 1063 ludere
898 996 1017 1063 onidis.

138 1110 218 1177 Hinc
240 1131 304 1176 nos
328 1110 458 1178 Cocceii
481 1111 595 1199 recipit
616 1112 805 1200 plenissima
828 1114 917 1193 villa,

137 1232 228 1311 Quae
250 1242 426 1319 superest
448 1232 550 1299 Caudi
571 1253 747 1321 cauponas.
793 1238 885 1305 Nunc
906 1238 984 1306 mibi
1008 1242 1120 1329 paucis

156 1412 198 1461 so.
217 1411 306 1461 mee
322 1411 404 1475 nscp.
425 1440 452 1449 -
471 1412 513 1463 st.
532 1412 622 1463 crasa
638 1412 782 1479 nscpnct.

95 1532 175 1593 beari,
200 1545 343 1597 quemque
360 1534 520 1584 Maecenatis
537 1535 623 1585 comi·
661 1535 721 1596 tait,
740 1538 771 1586 ut
783 1536 834 1587 hoo
845 1536 957 1591 biduum
969 1540 1127 1605 dividerent,
1146 1546 1184 1595 uti

95 1612 146 1658 tum
177 1620 297 1673 prorsus
330 1606 460 1658 arbitratu
488 1620 539 1659 suo
571 1622 621 1673 pro
659 1610 805 1672 significari
821 1612 848 1661 in
866 1612 956 1663 tabula
972 1616 1081 1667 itineris.
1116 1618 1184 1669 Fue-

93 1696 190 1747 smque
216 1682 383 1733 necessitate
405 1682 457 1731 boo
478 1684 505 1731 in
526 1683 620 1733 itinere
658 1683 712 1732 rint
737 1683 815 1745 igitur
835 1698 901 1735 vera
924 1688 1031 1738 nomine
1058 1690 1185 1741 raam

93 1758 182 1819 ep'sse.
204 1784 236 1793 -
254 1758 375 1819 ΝΜ
391 1756 453 1821 cei]
475 1758 618 1809 Construe:
659 1756 800 1817 Caudinae,
820 1771 874 1809 non
886 1760 1055 1824 Claudianae,
1073 1766 1103 1814 ut
1114 1764 1185 1829 apud

92 1832 205 1894 quue
221 1832 355 1881 meum
371 1832 622 1894 lippiretcrudirlu·
659 1831 714 1880 Cic.
734 1831 769 1880 ad
791 1832 863 1883 Fam.
883 1833 926 1893 lii,
950 1836 994 1895 27,
1014 1838 1038 1887 i.
1066 1837 1187 1889 tabarnac

91 1908 142 1956 dare
162 1907 239 1969 pila3
268 1906 348 1968 quies
371 1908 462 1955 contra
485 1910 513 1956 et
536 1904 621 1957 absti-
659 1904 821 1955 Cossutianus
847 1912 1038 1961 memorantur.
1091 1912 1185 1963 &socii

91 1983 174 2030 nentia
192 1981 342 2043 utriusque
358 1978 420 2029 mali
441 1980 541 2044 optima
558 1980 622 2030 sunt
658 1980 749 2028 autem
760 1979 847 2029 cilum
858 1980 898 2031 Fr.
914 1980 1004 2033 Daniel
1015 1988 1100 2048 putat,
1113 1998 1183 2051 quas

91 2055 217 2105 remedia.
254 2052 312 2104 Cir.
331 2053 439 2104 Celsum
456 2055 486 2113 6,
504 2054 536 2103 a:
561 2056 620 2105 lio-
658 2065 728 2103 nuuc
746 2054 772 2103 la
787 2056 910 2105 marceia
926 2057 987 2107 dalla
997 2059 1115 2119 ilotbbs,
1134 2062 1184 2111 iio-

90 2128 140 2177 dicn
167 2126 333 2191 (oculorum)
364 2128 530 2192 mmmmm
556 2140 621 2177 neu-
658 2125 796 2177 maneiiius
814 2130 888 2192 ponit
904 2130 1036 2181 invicinia
1054 2131 1119 2195 ioci,
1138 2138 1183 2199 qui

90 2208 151 2252 tm
170 2217 209 2253 ec
228 2203 270 2251 la'r
294 2203 437 2265 (sanguinis
453 2203 619 2252 detractione
658 2201 1184 2269 nunciloeosmriioappeltaturma-

90 2282 115 2327 et
128 2277 180 2329 alvi
193 2277 335 2339 ductione)
347 2277 474 2327 casiliaco
485 2278 619 2339 desiderat,
658 2274 814 2325 cirenaen'us
832 2288 902 2326 nunc
923 2278 1011 2329 Castro
1027 2280 1113 2331 Airolo
1132 2295 1183 2346 ap-

89 2354 195 2414 mimae
210 2358 248 2403 ert
265 2353 305 2401 uti
322 2354 404 2413 quieta
418 2357 442 2401 et
458 2352 616 2402 camma.
656 2346 750 2412 paliari
768 2348 839 2399 dicit.

90 2427 162 2476 Gradi
177 2430 275 2478 autem
292 2428 369 2487 sunt,
392 2427 438 2489 qui
455 2426 532 2477 cibos
548 2425 620 2476 diiii-
689 2422 778 2473 tit-aa.
804 2424 877 2473 Naue
901 2426 962 2475 milri
983 2428 1045 2491 cet]
1071 2430 1182 2481 Parodia

89 2500 170 2551 mirer
179 2502 320 2565 digerunt,
355 2501 441 2563 rippa
452 2502 618 2551 Horatium
655 2493 725 2545 baec
752 2499 793 2547 est
820 2497 913 2549 iestiva
947 2502 1079 2553 Homerici
1114 2502 1182 2555 illius

90 2576 188 2638 ipsum,
217 2576 308 2625 mdis
327 2573 464 2637 Virgilium
486 2575 619 2625 adnume-
656 2567 728 2619 iliud.
752 2569 787 2631 β,
814 2570 874 2622 4841
902 2568 1023 2625 'anm
1052 2572 1103 2627 νῦν
1129 2593 1183 2641 μοι

89 2652 134 2698 ret.
146 2676 176 2686 -
189 2648 336 2713 minam]
353 2650 396 2699 Sic
406 2651 488 2699 eiiam
499 2651 526 2698 in
538 2662 619 2713 prosa
656 2640 773 2694 Μοῦσαι
778 2638 917 2708 Ὀλύμπια
927 2644 1034 2711 δώματ’
1046 2642 1179 2713 ἔχουσαι,

89 2737 125 2772 or.
140 2723 209 2775 Plin.
223 2724 258 2774 li.
272 2724 305 2773 N.
318 2723 367 2783 20,
385 2724 415 2773 9:
434 2724 539 2774 Mariua
549 2723 620 2773 bras
656 2719 684 2767 ei
698 2716 833 2767 similium.
856 2719 931 2769 coni.
949 2720 1065 2771 iuvenal.
1084 2722 1112 2783 i,
1140 2724 1180 2776 3l.

87 2799 136 2847 rien
156 2826 171 2836 .
188 2826 206 2836 -
226 2798 359 2847 meo
379 2797 558 2847 suanm
586 2824 616 2835 ..
655 2792 758 2841 verum
775 2790 809 2841 de
827 2794 882 2841 toto
899 2792 951 2843 boc
963 2792 1022 2844 loeo
1033 2796 1182 2850 iudicemus

88 2872 164 2921 cm
186 2872 334 2937 monas]
359 2871 504 2932 Caudium,
531 2872 619 2936 Hirpi-
658 2878 773 2915 neeesse
791 2866 833 2916 esi
850 2878 902 2916 non
918 2880 951 2917 ex
965 2872 1069 2931 nostro,
1088 2872 1182 2923 sodex

87 2958 182 2996 nomm
199 2945 348 3010 oppidum,
367 2949 459 2995 notum
476 2944 552 2996 clade
569 2947 618 2996 no.
656 2942 836 2991 iiomonorum
848 2954 943 3003 sensu,
962 2944 1006 3008 qui
1019 2944 1053 2995 cle
1064 2946 1106 2995 via
1119 2948 1182 2998 lessi

87 3033 232 3071 manorum
267 3020 296 3068 in
329 3018 448 3070 furculis
476 3019 615 3080 Caudinis,
656 3014 682 3064 in
699 3012 743 3065 iuli
761 3028 845 3066 auena
857 3018 912 3066 ruri
928 3020 1021 3081 parata
1034 3019 1096 3071 nibil
1109 3019 1180 3073 aliud

87 3092 148 3144 m.
166 3095 204 3145 it.
219 3096 250 3144 P.
263 3093 383 3143 (lutabat
398 3107 414 3143 a
431 3094 531 3156 Capua.
560 3094 617 3145 iias
655 3089 705 3139 nisi
734 3086 808 3139 leves
833 3090 908 3141 iocos
936 3092 1107 3157 appetebant.
1152 3098 1180 3148 ln

86 3181 231 3230 cam,
250 3169 360 3231 opiner,
373 3169 400 3217 in
411 3166 519 3231 planitie
530 3169 616 3229 emt,
655 3163 707 3213 bac
722 3164 881 3227 praesertim
898 3166 1068 3218 sermonibus
1085 3170 1181 3219 Socra-

88 3254 146 3293 cum
157 3242 297 3307 oppidum
313 3243 402 3305 ipsum
418 3242 445 3292 in
457 3240 617 3293 clivositum
654 3237 714 3287 ticis
731 3238 777 3286 aut
801 3249 865 3287 vere
888 3239 980 3290 amicis
1002 3238 1045 3290 vel
1071 3244 1182 3307 propter

88 3319 166 3367 esset.
209 3316 303 3366 acardi
326 3329 342 3364 a
364 3314 454 3367 multis
475 3318 506 3366 ut
528 3317 617 3366 notius
655 3311 806 3371 Fonteium,
827 3312 932 3361 Antonii
949 3314 1081 3374 amicum,
1106 3313 1180 3366 iocus

87 3390 252 3441 vocabulum
274 3388 448 3440 substitutum
470 3392 512 3440 est
535 3402 617 3439 verae
655 3398 708 3435 non
725 3386 795 3446 erat,
813 3387 893 3448 atque
905 3387 966 3435 anie
979 3388 1066 3437 omnia
1084 3389 1179 3451 poetis,

87 3462 204 3515 boboni.
240 3462 441 3515 solitasnntem
457 3464 619 3514 iterbocla·
656 3458 774 3523 i'irgiiio,
801 3460 892 3519 Vario,
922 3460 1043 3519 Horatio,
1074 3460 1181 3511 vitanda

87 3538 215 3589 dandum
235 3539 392 3589 mansiones
408 3551 517 3603 semper
531 3538 619 3601 signn-
655 3536 748 3595 erant,
786 3544 963 3597 quaecunque
998 3532 1033 3583 ad
1065 3546 1110 3585 res
1141 3536 1181 3585 ci-

86 3615 122 3661 rit
136 3616 237 3677 poeta,
264 3614 292 3661 et
309 3612 417 3673 Caudii,
441 3614 472 3661 ut
488 3613 618 3663 testantur
655 3607 720 3658 viles
743 3607 887 3657 etiamtunc
909 3606 1056 3657 admodum
1073 3608 1181 3661 intrica-

86 3687 245 3747 itineraria,
280 3687 367 3749 prima
398 3688 457 3736 erat
482 3700 499 3737 u
526 3686 618 3751 Capua
655 3684 696 3732 tas
711 3683 885 3746 pertinerent.
920 3680 1181 3746 Nimisproieatoia-

86 3774 165 3812 mane
176 3760 326 3826 prolectam
344 3760 519 3811 namitineris
529 3760 618 3810 diurni
655 3756 764 3807 atidiose
788 3754 903 3806 nonnulii
927 3756 1063 3807 Horatium
1086 3770 1181 3822 repre-

86 3849 216 3887 mensura
233 3835 384 3886 admodum
401 3835 543 3886 commoda
560 3837 619 3885 erat
655 3829 818 3891 henderunt,
846 3830 919 3893 quod
942 3832 997 3881 tam
1015 3832 1122 3896 copiose
1140 3832 1181 3883 le-

85 3911 193 3961 eireiter
209 3909 350 3960 iix-xxv.
369 3910 402 3960 tt.
421 3911 462 3970 P.,
480 3907 557 3960 nobis
569 3909 618 3959 mi-
654 3905 774 3955 ctoribus
792 3906 913 3965 narrarit,
932 3918 1014 3969 quam
1029 3908 1181 3957 cuiusmodi

85 3984 142 4034 liar.
154 3987 287 4035 German
300 3982 392 4044 iil-v,
410 3982 460 4033 nisi
477 3982 551 4045 quod
562 3981 617 4031 ior·
655 3977 1180 4043 oblectationispienumrequieiemhaec

86 4063 157 4109 tasse
175 4057 287 4107 duobus
303 4055 402 4107 ultimis
419 4055 517 4107 diebus
538 4055 617 4119 legati
655 4067 739 4104 coena
761 4054 811 4103 iter
834 4052 990 4104 iacientibus
1016 4054 1178 4117 praebuerit.

86 4133 136 4182 iter
161 4130 350 4182 accelerantes
374 4131 472 4181 mv.
491 4132 519 4180 ei
542 4130 615 4181 iiLV.
654 4130 734 4182 iiunit
760 4128 793 4177 de
819 4126 943 4179 Atellania
969 4141 995 4192 p.
1018 4128 1063 4178 60:
1092 4127 1179 4177 aitei-

85 4208 119 4255 il.
132 4208 163 4257 Ρ.
176 4206 362 4256 coniecerunt.
385 4206 452 4255 Fieri
470 4206 617 4268 tamenpo
654 4202 730 4253 ianae
752 4215 804 4253 non
826 4200 912 4253 solum
934 4202 1006 4266 plebi
1023 4200 1178 4266 placebant,
