2925 4892
284 375 346 440 768
762 370 891 424 uorsru

326 534 414 598 llaec
435 529 554 618 placuit
575 524 693 601 semel,
716 525 799 594 haee
820 526 931 592 decies
954 525 1089 612 repetita
1112 521 1258 611 placebit.
1308 523 1367 588 365

327 655 356 720 0
379 650 482 718 maior
503 651 669 724 iuvenum,
696 647 844 734 quamvis
867 656 899 712 et
921 665 1001 712 voce
1024 654 1158 732 paterna

328 772 471 860 fingeris
492 771 534 836 ad
555 779 680 836 rectum
702 777 868 853 otperto
891 767 993 852 sapis,
1018 765 1079 833 boc
1102 764 1157 830 tibi
1180 762 1303 830 dictum

328 893 416 961 Tolle
437 912 575 966 memor,
597 889 695 957 certis
717 887 860 953 medium
883 897 916 953 et
937 885 1103 952 tolerabile
1125 885 1226 952 rebus

329 1018 427 1082 Recte
448 1011 593 1080 concedi.
638 1007 811 1078 Consultus
834 1007 913 1072 iuris
936 1017 967 1072 et
988 1017 1077 1074 actor

329 1137 507 1203 Causarum
529 1133 701 1199 mediocris
724 1130 817 1197 abest
839 1129 954 1193 virtute
975 1127 1085 1194 diserti
1314 1129 1372 1192 370

329 1255 496 1322 llessallae
517 1273 578 1320 nec
600 1253 660 1319 scit
680 1261 835 1338 quantum
859 1247 1035 1316 Cascellius
1057 1247 1172 1322 Aulus.

353 1481 410 1531 9644.
428 1479 524 1529 dmm
540 1479 568 1528 44.
589 1502 616 1512 -
635 1475 693 1526 369.
710 1476 818 1525 concam.
836 1477 869 1525 lit
884 1475 1010 1525 cosmus
1026 1474 1116 1524 bamb.
1138 1501 1165 1511 -
1184 1481 1277 1525 cucur
1295 1477 1341 1538 lip.

323 1585 350 1594 -
368 1555 425 1606 349.
443 1555 533 1604 4444444
549 1553 578 1602 44.
593 1577 621 1586 -
639 1550 696 1601 374.
714 1562 759 1599 aar
775 1549 828 1612 att]
844 1551 921 1600 nacti
937 1549 1039 1613 illudo,
1053 1551 1080 1598 L.
1103 1577 1129 1586 -
1148 1550 1300 1609 quesnellius
1317 1565 1340 1607 c.

321 1623 746 1688 sustinueramus.
768 1647 795 1660 -
815 1625 935 1674 canusii.

320 1843 461 1895 soe-373.
487 1841 620 1905 Omeior]
650 1841 697 1890 «L.
719 1840 810 1890 Piso.»
849 1837 970 1888 sulllclel.
997 1837 1078 1888 Aliter
1100 1851 1165 1888 vero
1182 1851 1226 1890 res
1244 1851 1276 1889 se
1295 1839 1372 1889 hebet

288 1921 367 1970 Aeno.
394 1919 472 1968 Facta
489 1917 624 1967 manliana
641 1913 810 1978 poesiseius,
849 1911 1008 1970 inertibus,
1032 1925 1103 1975 quae
1120 1912 1262 1975 pulchrum
1280 1927 1331 1978 per
1345 1927 1372 1964 se

288 2005 357 2056 quae
383 1993 492 2056 prepter
519 1989 709 2054 perlectionem
735 1987 813 2036 4444444
850 1989 937 2051 ipsum
961 1987 1055 2037 imitari
1074 1987 1184 2037 student
1200 1989 1228 2036 el
1244 1988 1272 2036 iu
1290 1988 1373 2051 quitus

287 2065 521 2129 unumpluccbtt,
540 2063 674 2126 aptissime
687 2062 812 2110 iuvenem
849 2075 899 2110 uon
915 2061 1011 2109 utilitm
1026 2061 1372 2122 woutermannus
1435 2116 1436 2138 ¹

288 2141 405 2189 amicum
422 2151 455 2188 ac
471 2135 564 2195 simul,
583 2138 612 2184 ui
628 2135 658 2184 fit
674 2133 771 2184 talibus
786 2134 813 2182 ln
850 2133 1370 2198 animiliberuquummeblacwlioffilc.
1435 2155 1436 2158 ¹

288 2211 504 2268 allocutionibus,
530 2221 751 2271 unumquemque
774 2207 813 2258 le·
850 2208 884 2258 de
902 2208 945 2257 Or.
967 2209 994 2268 4,
1013 2209 1058 2268 96,
1079 2209 1159 2272 tiit).
1189 2211 1215 2260 iu
1237 2213 1328 2274 poem,
1349 2213 1371 2260 in
1435 2215 1436 2218 ’

289 2289 393 2336 ciorum
409 2283 534 2334 obsecrat
547 2282 759 2343 obtestaturque,
779 2294 812 2330 ne
850 2281 1006 2332 histrionum
1025 2286 1096 2342 arte,
1114 2284 1140 2333 lu
1153 2285 1256 2346 pictura
1268 2289 1298 2335 et
1308 2283 1372 2335 scul-

289 2363 318 2410 et
341 2360 393 2410 bac
417 2360 474 2422 ipsa
502 2357 614 2406 lortnsse
642 2355 813 2404 excusatione
851 2359 941 2419 ptura,
968 2356 1013 2406 ubl
1031 2371 1167 2421 uunquam
1187 2359 1213 2408 in
1232 2359 1371 2410 mediocri-

289 2437 350 2496 ertt,
375 2447 441 2496 quus
456 2459 470 2469 -
483 2459 496 2468 -
510 2457 526 2468 -
541 2431 673 2481 obscurum»
695 2429 813 2479 abutenti
851 2433 904 2480 tete
922 2432 1133 2494 adquiescimus,
1152 2433 1201 2484 sed
1215 2437 1308 2484 uestro
1319 2437 1370 2484 iura

290 2511 324 2560 ad
340 2508 554 2560 mediocritatem
569 2504 703 2568 quandam
722 2517 815 2568 perve-
851 2505 1042 2568 perlectionem
1059 2508 1220 2570 poscimus.»
1236 2535 1263 2544 -
1276 2509 1372 2560 rieul

290 2587 348 2636 nire
364 2583 494 2640 sulllciat;
517 2578 580 2630 nibil
597 2580 668 2628 enim
685 2577 814 2628 mediocri
851 2580 898 2644 lue]
918 2579 1027 2630 Duabus
1037 2582 1056 2630 L
1068 2582 1120 2632 boc
1137 2595 1235 2632 nomen
1251 2583 1370 2634 scribitur

290 2661 370 2724 poeta
387 2669 447 2708 esse
464 2652 656 2706 detestabilius.
680 2654 747 2702 ilinc
766 2663 814 2715 po·
852 2656 878 2704 in
900 2655 982 2704 Fastis
1003 2653 1156 2718 Capitolinis
1177 2655 1250 2706 Cois.
1271 2671 1296 2708 a.
1316 2657 1368 2708 4944.

291 2734 424 2784 tisslnmm
440 2728 568 2794 epistolae
587 2724 758 2798 χαρακτῆρα
775 2739 816 2775 rc·
852 2731 909 2780 illll.
923 2730 979 2778 527.
993 2729 1050 2779 4465.
1063 2729 1119 2780 599.
1131 2730 1188 2780 4499.
1210 2732 1334 2794 Titianoi.
1347 2745 1368 2780 a.

290 2805 380 2858 sumit.
404 2831 432 2840 -
449 2803 579 2866 iuomaau]
598 2803 696 2861 idest,
724 2799 816 2850 «ulio.
853 2802 910 2853 tae.
932 2803 1006 2861 '²264
1032 2815 1083 2853 una
1108 2804 1133 2852 iu
1150 2803 1225 2854 titulo
1243 2806 1369 2856 Bnnnensi

290 2894 377 2930 rum.»
404 2879 461 2938 Quo
478 2879 505 2926 iu
520 2875 651 2927 vocabulo
662 2875 758 2926 trustra
771 2889 815 2924 ur·
853 2877 914 2926 anui
931 2879 992 2940 post
1009 2877 1069 2926 Chr.
1083 2876 1178 2927 tibin
1195 2879 1296 2928 Lerscb
1313 2881 1369 2930 Cerr-

290 2941 438 3016 gouturr'r.
452 2950 486 3000 oe
498 2952 584 3002 soson
596 2948 700 3001 intuor.
713 2952 757 2998 ur.
771 2949 813 2998 rr.
852 2951 1013 3000 summm
1028 2951 1047 2999 r.
1065 2963 1091 3013 p.
1108 2950 1133 3001 i.
1167 2951 1212 3002 ssi
1233 2957 1311 3004 notus
1331 2951 1367 3003 iiie

290 3040 317 3090 p.
331 3025 388 3076 444.
406 3025 445 3074 ‘lu
461 3023 495 3073 ci.
508 3039 534 3074 v.
547 3024 594 3075 ai:
614 3030 691 3086 putu
705 3029 729 3074 et
745 3025 815 3072 iuue-
852 3027 885 3076 44.
900 3022 1018 3074 Valerius
1035 3023 1155 3074 Messalla
1173 3027 1317 3088 Corvinus,
1333 3027 1368 3076 ri

291 3113 334 3149 aas
347 3103 423 3159 putre
438 3097 517 3160 (tiqui.
532 3123 562 3134 -
576 3099 640 3148 Tolle
649 3096 753 3160 mentor]
766 3098 814 3147 Ex·
853 3097 916 3149 bulll
933 3098 1027 3148 butor.
1051 3099 1108 3148 vid.
1121 3105 1308 3162 argumentum
1323 3101 1366 3150 od.

291 3172 383 3223 cidunt
406 3169 526 3233 loquenti
548 3170 648 3231 verba;
676 3173 721 3234 qui
739 3184 771 3221 eu
789 3172 814 3220 ln
852 3174 931 3232 Ml·
958 3175 1059 3223 Seneca
1077 3173 1243 3234 cunboni,
1258 3177 1301 3225 ia:
1317 3175 1368 3224 Fuit

290 3247 411 3298 mentm
427 3257 504 3295 suam
523 3244 632 3308 recipit,
655 3243 737 3296 veluti
754 3245 816 3294 tellit
851 3246 969 3298 Musaue
985 3245 1136 3296 coactissimi
1151 3248 1246 3312 iuqauii
1257 3251 1283 3299 ta
1293 3263 1368 3300 omues

291 3321 508 3389 (culusitanus,
527 3321 715 3385 castaliae).
738 3319 812 3370 Conl.
853 3321 1100 3383 quidamstudiomau
1112 3326 1215 3384 partes,
1235 3324 1366 3374 4444444444

291 3397 364 3449 Wolf
377 3395 549 3446 Aaolacleu
564 3396 585 3444 l.
599 3407 658 3457 pag.
673 3395 729 3444 494.
743 3395 813 3456 virg.
853 3408 900 3456 que
915 3395 1036 3444 mauis
1057 3395 1201 3445 οὸωωαιον
1217 3397 1367 3460 444449444εεὶ-

291 3477 358 3522 Aen.
370 3471 396 3528 6,
410 3469 471 3519 377:
491 3481 553 3529 cepa
563 3469 631 3518 (44444
640 3481 743 3517 memor.
761 3465 813 3516 Sal.
852 3481 915 3519 mie.
933 3493 965 3504 ··
974 3471 1052 3518 Latro
1061 3495 1073 3506 -
1083 3495 1094 3505 -
1102 3483 1151 3530 pro
1162 3471 1300 3530 wltodoro
1312 3472 1367 3520 llas·

292 3549 346 3609 lug.
361 3545 421 3594 llll:
439 3543 485 3593 boc
496 3543 698 3604 incertissimam
707 3542 813 3590 «44444444.
852 3543 930 3594 sullus
938 3545 1366 3594 molimdisertissimnmra

294 3645 322 3656 -·
339 3617 421 3678 cerus]
440 3616 648 3679 «quibusdam»
666 3628 731 3665 nen:
751 3615 815 3664 «de—
852 3618 946 3667 4444444.
963 3641 989 3652 -
1003 3618 1032 3667 Δ.
1047 3617 1191 3678 molitu,
1213 3618 1365 3669 clar-issimus

293 3691 386 3750 linitis.
400 3691 651 3754 abqeqrcuzta.»
669 3691 725 3740 lloc
738 3689 813 3740 dicit:
854 3693 943 3752 lCius,
961 3691 1043 3740 bomo
1060 3689 1136 3740 dicax
1153 3704 1186 3740 ac
1203 3692 1303 3742 luceius
1314 3692 1366 3750 [Ma-

293 3766 337 3814 «lu
355 3763 499 3828 disciplinis
517 3767 544 3816 el
559 3765 660 3814 artibus
675 3764 734 3814 unul
745 3766 815 3814 vitae
854 3765 928 3816 ereb.
947 3765 1052 3814 Salurn.
1065 3765 1095 3824 2,
1112 3765 1146 3826 6.)
1164 3768 1192 3815 et
1208 3765 1293 3816 durus
1309 3765 1367 3814 aaa

293 3836 461 3901 quotidianae
487 3839 625 3888 destinatis
644 3836 816 3888 mediocritas
854 3841 976 3890 dicuntia
991 3837 1074 3897 libro,
1095 3851 1160 3888 sane
1177 3837 1366 3903 distinguendus

293 3909 437 3961 tolerabilis
454 3917 508 3970 est,
534 3913 693 3975 praesertim
708 3911 756 3962 nbi
772 3925 817 3962 ar·
853 3913 887 3963 ab
905 3925 951 3973 aa,
979 3914 1024 3976 qui
1046 3925 1061 3962 a
1078 3913 1206 3963 Cicerone
1230 3927 1277 3978 pro
1293 3909 1366 3962 Balbo

292 3986 462 4048 gumentum,
482 3986 554 4047 quod
574 3987 689 4036 tractare
705 3984 814 4045 (lebant.
853 3989 898 4047 20,
917 3987 957 4037 444.
978 3989 1005 4036 et
1021 3983 1076 4036 Val.
1095 3987 1163 4037 Max.
1177 3987 1205 4046 8,
1222 3987 1265 4046 is,
1279 3989 1301 4037 4.
1314 3996 1366 4034 nra-

292 4059 380 4122 ipsum
398 4058 503 4107 isumus
525 4061 580 4108 est:
607 4059 646 4109 sic
663 4059 689 4109 ln
706 4059 817 4109 minoris
855 4063 986 4120 moratur,
1005 4071 1087 4123 quem
1104 4073 1128 4108 a.
1142 4073 1168 4109 u.
1183 4073 1207 4110 c.
1221 4059 1276 4112 694.
1289 4069 1365 4121 quae·

293 4132 421 4182 momenti
437 4129 526 4180 litibus
548 4135 576 4180 at
591 4133 668 4183 letus
686 4135 713 4184 et
729 4133 818 4184 causi-
854 4135 954 4184 starem
983 4133 1065 4186 luisse
1090 4134 1213 4198 opinatus
1238 4137 1277 4184 ast
1299 4131 1363 4193 Pigb.

293 4205 368 4255 dicus
394 4203 537 4255 mediocris
559 4207 588 4256 el
602 4207 708 4270 petitori
724 4209 753 4258 et
768 4219 816 4258 reo
854 4210 920 4258 Anu.
935 4206 958 4256 3.
971 4220 998 4272 p.
1012 4207 1051 4258 77.
1070 4207 1170 4259 Horatii
1182 4205 1319 4260 Cascellius
1330 4203 1366 4252 uir
