2925 4892
540 373 599 424 ans
616 373 761 424 4444444.
1138 379 1193 444 444

155 525 191 590 44
214 524 269 590 tibi
292 524 447 591 indicium
467 535 533 602 est,
558 547 598 593 ea
620 549 722 594 mens.
767 531 800 596 Si
823 531 902 616 quid
925 542 1031 600 temen
1052 535 1128 602 elim

154 645 347 732 Scripseris‚
371 647 403 710 in
425 647 526 714 Maeci
549 647 726 716 descendat
749 649 863 717 iudicis
886 673 982 720 aures

153 769 193 832 Et
214 767 314 853 petris
335 777 369 834 et
389 778 533 842 nostres.
556 789 743 856 nonumque
765 784 931 857 prematur
953 775 984 838 in
1007 796 1141 856 annum,

153 887 349 954 llembranis
371 889 456 954 intus
478 889 607 976 positis:
630 889 742 958 delere
764 891 887 970 licebit,

155 1008 250 1088 Quod
273 1029 338 1075 non
360 1009 520 1090 edideris;
543 1011 646 1077 nescit
667 1033 730 1078 vox
752 1014 850 1080 missa
871 1017 998 1082 reverti.
1136 1019 1199 1086 390

155 1127 328 1196 Silvestres
349 1129 495 1197 homines
517 1153 612 1198 sacer
632 1133 858 1222 interpresque
880 1135 1016 1204 deorum

146 1279 204 1329 384.
223 1280 304 1328 lineet
320 1279 467 1330 Bentleins:
485 1283 563 1331 lloeti
578 1283 611 1341 Β,
630 1283 721 1332 4444444
737 1281 766 1344 β,
785 1286 857 1335 444444
874 1287 918 1347 Tc,
936 1303 963 1352 γ,
981 1289 1046 1338 lleei
1056 1303 1126 1340 corr.
1139 1308 1166 1352 κ,

146 1353 210 1413 Lei,
223 1354 283 1403 listi
293 1353 338 1413 bs,
351 1355 386 1412 44,
398 1355 469 1404 liciti
480 1355 507 1413 4,
522 1357 547 1404 i'.
564 1383 591 1394 ι·
609 1357 682 1404 oum
693 1358 721 1407 it.
749 1385 769 1394 -
790 1359 846 1408 388.
861 1359 918 1410 389.
932 1363 958 1410 io
969 1376 1073 1414 4444444.
1090 1366 1168 1416 44444-

146 1427 236 1476 tronis
250 1429 318 1478 intus
332 1429 420 1490 positis
435 1429 517 1480 444444
532 1429 650 1491 Aldinae,
670 1433 730 1482 tet.
747 1461 772 1468 -
786 1433 873 1496 licebit]
894 1435 985 1486 decebit
1001 1437 1064 1488 dex
1080 1452 1165 1500 mero.

147 1501 199 1552 sed
215 1515 278 1552 vere
295 1501 406 1552 ridiculo
422 1501 522 1554 librarii
539 1509 656 1570 stupore.
677 1532 705 1542 -
724 1505 783 1556 394.
802 1508 926 1558 silvestria
942 1511 970 1558 T.

113 1621 282 1683 4444444444444
301 1623 361 1685 quis
372 1624 444 1673 enim
456 1637 575 1688 unquam
587 1627 642 1675 tam
678 1625 767 1676 iicebit.
789 1629 831 1676 Sic
849 1629 920 1678 euim
933 1628 1057 1680 inutiliter
1069 1645 1201 1696 occupan-

113 1696 266 1761 praelraete
283 1697 399 1746 amicum
416 1698 469 1747 hoo
486 1698 528 1749 vel
546 1697 642 1748 illoiu-
679 1703 723 1749 tnr
747 1713 790 1750 vv.
813 1703 883 1762 Quod
903 1717 953 1752 4444
969 1704 1091 1764 444444444ς
1119 1704 1217 1758 444444-

114 1771 201 1832 dicio,
220 1771 271 1820 lrac
287 1769 329 1821 vel
346 1769 389 1820 illa
407 1775 497 1822 mente
512 1775 551 1822 nti
568 1773 643 1823 inbe-
680 1774 849 1824 distinctione
867 1777 928 1839 epte
945 1778 1118 1839 significatur,
1138 1792 1204 1842 quo·

113 1846 175 1896 otta
188 1873 216 1882 -
234 1845 301 1907 44444]
319 1845 451 1908 Significat
462 1847 642 1898 festinandum
679 1849 760 1898 modo
771 1850 890 1911 4444444444
906 1849 970 1902 illud
984 1853 1147 1912 4444444444
1159 1853 1201 1916 (cl.

113 1931 258 1969 nonense.
279 1947 306 1956 -
328 1921 424 1984 nacci]
446 1923 556 1972 ltoctam
574 1923 643 1971 scri·
678 1923 762 1986 Epod.
787 1924 813 1982 4,
835 1923 884 1985 334
911 1925 954 1974 sit.
986 1927 1112 1977 Ceterum
1135 1929 1201 1979 Cod.

113 1997 224 2058 pturam
241 1997 358 2044 servavit
374 1996 521 2058 Porphyrio
539 1997 640 2047 Monac.
679 1997 834 2046 Sauronieni
862 1999 933 2062 apud
961 2001 1096 2050 Luisinum
1125 2000 1205 2052 444444

113 2071 145 2118 44
161 2081 194 2116 ex
212 2071 287 2131 parte
307 2069 372 2119 cod.
391 2071 421 2120 B.
444 2069 491 2120 Est
506 2072 578 2120 enim
596 2071 640 2134 Sp.
679 2072 850 2132 4444444444
873 2085 947 2122 mere
969 2076 1010 2124 est
1026 2074 1201 2138 interpolatio.
1283 2091 1285 2096 ·

114 2143 234 2193 44444444
255 2145 354 2208 4444444
381 2144 416 2194 44
438 2157 492 2207 quo
509 2145 569 2195 vide
587 2147 640 2194 Set.
682 2171 710 2182 -
728 2147 804 2195 nescit
819 2161 871 2195 voe
886 2149 964 2196 misso
979 2149 1079 2215 reverit]
1098 2151 1164 2213 Epp.
1178 2153 1202 2211 4,

114 2219 147 2277 4,
168 2217 214 2276 444,
227 2217 268 2267 33.
282 2245 311 2254 -
329 2223 353 2268 et
367 2218 475 2282 4444444]
493 2219 560 2282 «qni
578 2233 642 2269 vere
681 2220 726 2277 444,
746 2221 791 2268 il:
812 2222 846 2270 Et
861 2221 935 2271 444444
951 2225 1066 2272 eoeneum
1080 2223 1149 2274 44444
1164 2225 1205 2273 ir-

114 2289 164 2340 tibi
190 2303 250 2340 sum
276 2293 414 2351 amiens;»
440 2293 467 2342 id
489 2295 562 2355 qnod
585 2295 643 2344 siue
678 2293 817 2343 revocabile
827 2295 938 2344 verbnm.
951 2297 1128 2358 Symmachus
1137 2299 1202 2363 Epp.

114 2363 168 2413 ulla
191 2367 340 2427 arrogantia
362 2367 462 2416 dictum
480 2371 529 2417 444.
550 2395 578 2404 -
595 2381 644 2417 no·
681 2369 705 2426 4,
719 2367 764 2417 34;
784 2368 846 2417 Cum
861 2370 935 2418 444444
950 2383 968 2418 o
984 2375 1007 2419 44
1023 2384 1126 2421 cannen
1140 2385 1206 2434 pro-

113 2452 226 2501 mittique
250 2439 319 2505 cet]
345 2438 425 2491 «Noli
449 2443 580 2506 poematis
605 2443 643 2492 tni
679 2442 771 2503 4444444
786 2447 834 2501 444,
852 2443 892 2491 im
902 2455 974 2492 onme
982 2445 1094 2505 posuisti.
1117 2445 1205 2496 Oratio

114 2512 262 2564 editionem
278 2517 453 2578 praecipitere
466 2515 580 2576 (Quintil.
593 2517 642 2580 Ep.
676 2515 808 2576 4444444444
824 2529 864 2564 res
880 2515 959 2566 ittera
976 2521 1018 2566 444.

115 2587 153 2638 ad
170 2590 268 2652 4444444.
281 2591 331 2652 2.);
349 2591 398 2641 sed
416 2604 466 2655 per
479 2605 577 2642 novem
595 2605 644 2641 an·
712 2589 834 2638 aei-aee.
853 2589 977 2652 Exposita
995 2592 1083 2652 4444444
1100 2591 1152 2641 line
1168 2594 1206 2640 at-

115 2675 182 2722 noe,
207 2664 236 2713 44
253 2667 368 2716 estsine
385 2667 514 2729 imagine,
541 2666 643 2716 tamdiu
680 2675 733 2726 que
757 2663 867 2712 44444444
889 2666 974 2724 omni,
1001 2663 1132 2715 occultam
1153 2657 1206 2713 ἀν-

115 2739 266 2788 reducatur
275 2740 301 2788 in
311 2740 420 2801 scrinio,
431 2739 518 2791 donee
526 2739 644 2804 eliquan—
679 2736 790 2786 4444444
812 2736 910 2786 4444444
932 2736 1062 2788 adversus
1086 2737 1205 2790 infelices

115 2816 176 2862 tum
192 2813 307 2864 remisso
323 2815 410 2877 primo
427 2813 591 2878 iiiotmpetn,
606 2816 645 2864 nt-
681 2809 738 2860 illos
764 2811 871 2873 poetes,
894 2823 986 2860 veram
1010 2812 1067 2861 eins
1091 2811 1206 2874 dignita-

115 2887 171 2936 mis
183 2886 296 2937 tortasse
308 2887 419 2947 iervido,
438 2887 579 2952 tranquillo
591 2890 643 2940 iam
681 2885 736 2934 iem
754 2883 890 2946 praedicnt
906 2897 921 2933 4
938 2883 1109 2947 religionibus
1126 2899 1158 2935 ae
1169 2885 1206 2936 le-

116 2961 209 3010 animo
235 2959 344 3010 elimare
364 2967 460 3025 poema
484 2965 559 3012 inum
581 2974 644 3026 pos·
681 2957 758 3022 gibus
769 2970 819 3021 per
829 2969 919 3008 444444
928 2961 1003 3010 uetes
1016 2961 1131 3023 primunr
1143 2973 1206 3010 eon·

116 3035 184 3083 sis.»
208 3033 387 3098 Philargyrins
404 3035 438 3085 ad
455 3037 525 3099 virg.
547 3035 599 3086 Ecl.
618 3037 643 3096 9,
681 3032 795 3092 stitutio,
822 3045 892 3095 quoe
913 3031 992 3083 simul
1012 3036 1053 3083 444
1070 3035 1205 3097 4444444444

117 3107 166 3158 et:
195 3109 245 3157 sc.
270 3107 377 3160 lielvins
398 3109 481 3159 Cinna
500 3111 643 3172 Zmyrnam
681 3107 771 3172 poesis
788 3107 897 3158 historia
915 3107 1026 3159 44444444
1043 3121 1077 3158 ex
1093 3111 1206 3174 Neopto-

116 3181 239 3245 scripsit‚
258 3186 643 3248 quomnonnmpostaonum,
681 3179 753 3231 lemo
770 3181 873 3231 444444.
898 3182 953 3244 (vv.
970 3182 1014 3232 394
1031 3182 1124 3244 -4444
1151 3183 1204 3234 Cir.

116 3258 150 3305 nt
166 3252 285 3306 Catullus
306 3258 394 3306 Carni.
411 3258 453 3308 titt.
472 3259 525 3317 444,
552 3257 643 3308 edidit.
682 3256 748 3318 Epp.
761 3255 886 3314 4,4,444
897 3267 957 3317 sqq.
973 3279 1001 3292 -
1019 3256 1208 3306 3444444444-

115 3331 149 3380 44
166 3329 242 3392 quod
258 3333 286 3379 ei
302 3330 476 3390 Quintilianus
492 3333 537 3381 ait.
571 3332 645 3384 Unde
681 3328 768 3391 minet]
786 3327 960 3391 splernmque
976 3330 1003 3378 in
1020 3328 1093 3380 silvis
1104 3330 1207 3392 degen-

118 3407 201 3456 444444
216 3405 354 3455 Horatium
371 3406 464 3457 dicuni
479 3405 514 3456 ad
532 3420 595 3456 enm
606 3406 646 3456 al-
683 3405 724 3453 ies
741 3401 774 3450 44
792 3401 902 3464 glandes
913 3403 1081 3464 quaerendas
1099 3406 1126 3452 et
1136 3405 1206 3456 ieros

119 3480 244 3530 lusisse·
271 3480 327 3528 lieo
347 3482 412 3530 satis
433 3482 565 3530 incertum
586 3494 646 3530 esse
683 3475 889 3528 conficiendas„
908 3476 1205 3538 Cio.dslnvent.t,21

119 3553 316 3604 demonstravit
326 3554 464 3604 Weioheri
474 3555 502 3604 P.
516 3555 545 3604 L.
559 3567 583 3617 p.
599 3554 647 3603 443
683 3552 740 3600 itit
756 3551 883 3612 4444444444
898 3555 1007 3612 tenipus,
1026 3563 1084 3600 44444
1099 3552 1127 3599 in
1137 3553 1208 3614 opt-ta

119 3641 162 3692 sq.
182 3628 223 3678 ct.
241 3628 322 3678 etiarn
334 3628 439 3688 Quintil.
453 3629 493 3689 444,
510 3628 536 3688 4,
547 3631 578 3678 l:
597 3630 648 3677 Nec
682 3625 793 3674 44444444
809 3625 904 3687 poesim
924 3625 1059 3676 bestionan
1073 3637 1144 3676 more
1159 3639 1208 3676 oo·

120 3703 224 3752 44444444
241 3707 290 3763 est,
308 3703 430 3764 4444444444
440 3715 491 3752 esse
501 3703 649 3752 4444444444
683 3700 811 3763 potantur
828 3704 850 3749 et
860 3699 905 3748 4444·
914 3699 983 3749 victo
993 3700 1046 3761 4444
1057 3701 1208 3762 444444444-

120 3791 213 3842 944444,
238 3780 260 3826 st
282 3779 377 3840 4444444
391 3780 419 3827 in
435 3777 539 3838 aliquod
554 3783 649 3839 ternpus
682 3773 820 3838 4444444444.
849 3773 888 3824 Gi.
908 3775 962 3824 Sat.
976 3773 1005 3834 4,
1022 3774 1046 3836 3,
1059 3775 1092 3824 99
1103 3787 1163 3838 sqq.
1180 3801 1207 3812 -

120 3857 295 3914 reponimur,
312 3857 341 3900 ut
357 3853 393 3901 od
407 3865 439 3901 eo
455 3856 512 3913 post
526 3851 649 3900 intemat-
683 3847 768 3911 socer]
793 3851 859 3898 Puto
884 3861 938 3898 non
962 3851 1018 3898 tem
1041 3861 1102 3898 esse
1128 3849 1209 3898 detor

120 3927 174 3976 44444
195 3926 263 3976 velot
284 3939 352 3976 novo
367 3930 444 3987 etque
459 3925 545 3975 etiem
558 3925 649 3975 redeo-
684 3918 786 3972 44ιό44
799 3923 906 3972 Homeri
919 3935 1000 3985 444444
1011 3923 1147 3986 Orpheum
1158 3919 1210 3971 τὸν

121 4013 194 4061 mm,
218 4013 252 4050 ne
272 3999 344 4050 44444
362 4001 458 4062 scripto
479 4004 566 4048 444444
582 4003 649 4048 tom-
684 3993 844 4062 44444444,
862 3999 892 4045 ut
908 3996 942 4045 alt
960 3995 1099 4046 Aristotele
1117 3994 1210 4059 appel-

122 4087 202 4136 44444
221 4079 332 4124 roceam
350 4074 415 4137 44444
433 4074 604 4124 claudentur.
617 4097 646 4110 -
685 4069 769 4130 44444,
788 4074 815 4121 44
831 4070 937 4134 Virgilio
955 4073 1021 4120 Aen.
1033 4071 1063 4130 44,
1083 4068 1139 4120 eit.
1159 4071 1210 4118 Or·

124 4148 172 4199 alii
184 4149 273 4199 minus
283 4151 358 4198 recte
369 4149 548 4212 dudngnnni:
567 4150 594 4196 44
604 4161 651 4197 on-
682 4147 761 4208 444444
778 4147 820 4195 444
838 4143 962 4196 4444444444
977 4143 1101 4194 sacerdos.
1121 4167 1150 4180 -
1168 4143 1211 4193 in·

123 4235 194 4272 4444.
212 4221 367 4273 4444444444
381 4224 449 4273 intus
461 4223 558 4285 positis,
571 4221 652 4272 delere
684 4225 828 4283 4444444444
844 4220 955 4281 deenen]
973 4219 1071 4282 qnippe
1088 4217 1131 4268 cui
1142 4215 1211 4268 haec
