2925 4892
548 352 608 405 uu.
626 354 645 404 1.
681 354 749 405 SAT.
767 354 797 405 X.

167 508 337 576 Interdum
356 507 490 585 urbani,
514 510 676 596 parcentis
697 509 821 576 viribus
844 520 941 597 atque

168 628 382 695 Extenuantis
402 649 461 695 eas
482 628 640 696 consulto.
683 627 868 697 Ridiculum
890 632 955 698 acri

168 750 300 817 Fortius
322 759 355 817 et
376 749 492 817 melius
514 770 647 839 magnas
668 750 863 839 plerumque
885 761 975 819 secat
997 772 1059 819 res.
1178 754 1217 820 l5

168 870 233 947 lili,
258 870 379 958 scripta
400 869 520 958 quibus
541 870 714 937 comoedia
735 872 843 959 prisca
865 873 943 939 viris
966 884 1031 951 est,

170 993 242 1058 Hoc
264 990 405 1069 stabant,
428 990 492 1058 hoc
513 1002 588 1057 sunt
608 990 771 1071 imitandi;
794 1013 878 1081 quos
900 1014 1008 1081 neque
1031 994 1166 1083 pulcher

170 1113 398 1199 Hermogenes
418 1132 564 1199 uuquam
585 1111 662 1199 legit
682 1132 790 1201 nequo
813 1113 926 1181 simius
948 1114 1027 1191 iste,

127 1458 163 1509 til.
177 1459 210 1519 6,
229 1458 260 1517 3,
278 1458 308 1507 9ε
330 1458 423 1509 nm
436 1471 511 1521 scopo
525 1460 656 1509 maima-
692 1457 794 1521 λοντα,
813 1460 964 1527 πίθηκον
979 1456 1219 1526 anemonen

125 1548 188 1582 m
203 1537 333 1582 mommo
347 1534 422 1581 vertit
438 1532 534 1596 (nsua),
554 1539 584 1583 ut
599 1546 657 1582 eran
692 1532 889 1601 Καλλιππίδην
906 1532 1023 1601 ἐκάλει.)
1040 1537 1095 1596 vei,
1114 1540 1143 1587 ut
1160 1550 1220 1587 nar·

125 1609 215 1658 odim
231 1608 350 1667 umque
366 1606 562 1669 promtam
581 1607 656 1670 [rutt-
692 1612 753 1659 rant
776 1609 951 1669 scholiastae¹
980 1612 1107 1675 «propter
1129 1612 1219 1661 delor-

124 1687 181 1745 9ut.
206 1708 236 1717 -
258 1680 414 1745 pmcne]
438 1682 482 1730 «tn
502 1681 559 1731 retr
577 1682 657 1731 uam
692 1698 766 1735 mem
788 1698 820 1734 ac
841 1683 954 1735 brevem
975 1686 1131 1735 staturam.»
1160 1686 1220 1735 Ari-

125 1756 245 1805 Fullen.»
282 1754 359 1804 liand
382 1755 459 1804 Tura,
481 1756 525 1805 IV.
548 1768 575 1819 p.
597 1754 654 1806 lli.
693 1758 781 1822 steph.
800 1760 864 1809 itan.
884 1758 947 1807 708:
967 1752 984 1808 ὁ
1002 1758 1156 1823 πίθηκος
1173 1748 1222 1810 od-

124 1829 187 1880 m.
201 1856 230 1865 -
243 1827 598 1893 mutlrdirimit,decidit.=
614 1830 657 1879 sie
692 1845 743 1895 τος
762 1858 790 1869 ·-
809 1829 962 1897 Κλειγένης
979 1826 997 1881 ὁ
1013 1828 1127 1903 μικρός.
1163 1832 1216 1883 Cir.

124 1904 196 1967 Epp.
216 1904 247 1961 t,
274 1903 319 1963 ld,
345 1901 392 1952 lt:
421 1904 657 1965 Quomultnemc-
693 1906 861 1969 Phrynichus
896 1908 922 1955 in
956 1906 1077 1958 Meinakii
1117 1908 1219 1969 fragm

123 1978 477 2041 quaequommiudica
495 1978 557 2028 liter.
694 1981 770 2030 Com.
797 1982 822 2031 2.
849 1992 876 2044 p.
901 1978 958 2031 888.
986 1982 1092 2045 Longus
1113 1981 1143 2043 3,
1170 1980 1218 2031 26:

159 2052 255 2101 tii-49.
283 2052 324 2100 litt
345 2051 408 2115 cat]
432 2054 485 2103 Sat.
511 2054 541 2115 i,
566 2051 597 2113 l,
623 2052 656 2102 l:
693 2050 830 2114 duritem
841 2050 1049 2120 συγκαθεύδειν
1061 2056 1222 2119 adaquan-

123 2126 236 2188 Emotis
256 2130 332 2186 atoue
352 2126 484 2187 (latium,
510 2127 658 2189 ,tr-inopta-
694 2126 734 2195 λῷ
758 2125 870 2193 μᾶλλον
895 2120 917 2193 ἢ
939 2125 1053 2196 πιθήκῳ
1080 2128 1219 2196 πλουσίῳ.

123 2214 222 2261 aesque
241 2203 334 2261 poetae
359 2200 440 2262 Atque
460 2201 519 2261 alit,
551 2214 658 2263 quonam
696 2204 745 2253 uri.
759 2204 926 2254 Demetrium
943 2202 1138 2254 modulatorem
1157 2216 1222 2268 prc-

123 2275 263 2326 comoeda
283 2275 372 2336 priua
391 2276 508 2325 υᾱνοηππ
531 2280 574 2325 eat.
619 2277 657 2325 De
694 2279 756 2341 pter
773 2278 888 2327 maciem
904 2290 936 2327 ac
953 2280 1112 2341 parvitatem
1124 2290 1222 2341 corpo-

123 2350 656 2414 manumittendum·
695 2352 732 2401 ris
755 2352 806 2401 hoc
829 2352 937 2401 nomina
959 2350 1099 2417 appellat·
1127 2354 1220 2402 Purra.

122 2428 181 2477 Hoc
197 2424 301 2474 uuam
318 2424 380 2487 cet]
397 2426 459 2475 «ilis
475 2426 540 2489 ipsis
556 2425 659 2475 virtuti-
696 2425 760 2474 «liic
777 2426 885 2488 praeter
908 2424 1018 2475 Calvum
1045 2427 1073 2476 et
1089 2422 1222 2477 Catullum

123 2502 196 2558 bus,
214 2510 285 2562 quas
303 2500 354 2563 (vv,
373 2498 474 2559 9-48.)
492 2500 656 2559 enumeravi,
695 2501 789 2562 poetas
800 2498 865 2549 alios
878 2512 931 2549 uon
942 2496 1057 2562 legerat,
1077 2498 1111 2549 ed
1124 2496 1223 2549 nullam

123 2577 198 2626 scite
218 2575 291 2623 inter
308 2586 338 2623 ae
354 2574 503 2624 coniunctis
519 2572 587 2623 adeo
608 2586 660 2637 po-
696 2585 755 2623 rem
780 2572 874 2622 doctus
900 2573 949 2623 nisi
977 2572 1070 2623 Catulli
1097 2576 1124 2623 et
1149 2570 1223 2622 Calvi

122 2649 194 2715 pulo
211 2646 370 2711 placebant,
387 2650 418 2697 ut
433 2646 468 2697 ab
485 2648 558 2698 initio
572 2661 658 2711 usqua
694 2660 791 2697 versus
810 2649 917 2696 cantare
930 2649 957 2696 et
968 2647 1077 2707 imitari,
1097 2646 1141 2709 qui
1153 2643 1223 2714 dpa-

124 2724 162 2774 ad
188 2723 275 2772 tinem
296 2720 421 2785 pausum
438 2721 551 2781 lerreut;
577 2724 658 2785 atque
695 2716 859 2785 ματοποιὸς
877 2722 945 2781 erut,
969 2719 1020 2769 hoc
1042 2722 1095 2779 est,
1120 2720 1224 2769 amato-

124 2800 290 2849 etiamnuuc
320 2807 368 2845 eoa
399 2807 448 2845 nos
481 2795 658 2855 admiremur,
696 2794 750 2843 rias
778 2794 917 2844 cantiones
945 2793 1119 2857 scripserat.»
1160 2792 1222 2841 ion.

124 2873 181 2923 etsi
215 2867 366 2934 pulchellus
398 2867 442 2918 iile
471 2873 499 2918 et
531 2869 659 2919 delicatus
696 2868 765 2917 Satis
782 2866 893 2931 quidam
909 2865 1040 2923 absurde:
1059 2866 1165 2917 videtur
1174 2877 1225 2915 au-

123 2942 363 3012 (atutzortasto)
379 2944 565 3006 Hermogenes
573 2942 660 3006 Tigel-
697 2944 752 2992 tem
776 2940 934 3005 legendum:
962 2942 1005 3005 qui
1026 2934 1224 3009 ᾀσματοποιολ

123 3020 181 3072 lius
201 3016 414 3081 (sat.t,t‚72.
433 3017 661 3080 l,9‚25.)nun-
697 3020 785 3077 mant,
814 3016 838 3065 λ.
865 3030 903 3079 a,
933 3016 1073 3065 cantemus
1098 3016 1226 3065 cantiones

125 3106 215 3160 quam
233 3092 286 3141 ires
302 3088 379 3154 legit,
402 3092 501 3155 quippe
519 3092 564 3154 qni
581 3092 660 3141 nimis
697 3092 858 3153 scripserunt.
893 3091 946 3141 Cir.
960 3090 1057 3142 Merkel
1075 3090 1175 3142 mins.
1190 3088 1224 3139 ad

126 3165 258 3219 difficiles
280 3162 415 3214 intellectu
426 3166 476 3228 ipsi
494 3165 660 3215 videantur.»
698 3164 755 3214 ibin
783 3178 843 3229 pag,
863 3166 919 3215 356.
952 3192 979 3203 -
1010 3167 1048 3216 De
1078 3166 1107 3215 C.
1126 3164 1224 3215 Licinio

127 3246 154 3293 is
167 3242 264 3303 igimr,
278 3238 514 3289 etsilacatuaesse
526 3239 661 3300 studebat,
699 3237 780 3289 Calvo
809 3240 915 3288 oratore
945 3241 973 3289 et
1002 3242 1096 3302 poeta,
1131 3236 1225 3289 Catulli

127 3328 196 3367 vera
219 3313 378 3363 facetiarum
399 3311 561 3377 exemplaria
577 3312 663 3377 negli—
699 3314 799 3373 amico,
823 3315 992 3377 praematura
1015 3314 1101 3362 morte
1120 3312 1226 3361 circiter

127 3390 222 3455 gebat.
267 3387 396 3451 (verbam
411 3392 480 3437 atara
495 3389 603 3452 proprie
621 3388 663 3437 dl·
699 3399 724 3436 a,
743 3400 770 3436 u.
793 3400 817 3436 c.
841 3386 899 3436 706.
923 3387 1052 3436 exstincto
1078 3386 1126 3436 cir.
1150 3386 1226 3435 Wei-

128 3460 383 3523 scandolariam,
407 3474 477 3525 quaa
494 3460 592 3526 populo
608 3460 664 3526 pia-
700 3461 777 3510 cheri
800 3461 873 3510 Poet.
897 3461 952 3509 Lat.
974 3472 1001 3524 p.
1024 3460 1056 3510 89
1073 3472 1132 3523 sqq.
1169 3460 1226 3510 linc

129 3537 245 3589 cebant.
274 3537 342 3599 Epp.
360 3538 390 3597 2,
415 3536 444 3598 l,
469 3536 525 3586 tio.
554 3538 661 3586 Terent.
700 3536 791 3583 nutam
809 3535 834 3584 in
846 3534 918 3583 simio
935 3532 978 3583 illo
991 3534 1163 3597 reprehendit
1174 3534 1226 3584 lio-

129 3614 244 3665 Phor-m.
261 3610 330 3660 Prol.
343 3611 373 3659 9:
398 3612 492 3672 Quodsi
506 3611 662 3675 mtolttporet,
700 3608 797 3669 ratius,
816 3607 889 3671 quod
901 3607 1028 3670 neglectis
1039 3610 1149 3672 propter
1160 3606 1227 3658 diiii·

129 3701 191 3737 eum
206 3685 275 3735 stetit
285 3685 346 3734 ολὸπι
355 3698 424 3734 noua
435 3683 550 3747 (fabula),
567 3685 665 3735 Actoris
701 3681 814 3731 cultatcs
823 3680 1020 3746 exemplaribus
1029 3683 1137 3733 Graecis
1148 3683 1226 3732 unice

130 3774 213 3823 opera
235 3760 319 3823 mepta
339 3760 433 3810 dadam
453 3772 530 3821 quun
545 3772 593 3808 cuc
609 3762 662 3809 eat.
701 3754 811 3805 laudare
841 3758 869 3806 et
895 3761 1001 3807 cantum
1033 3754 1227 3818 (abtrillern)

131 3836 175 3886 Ab
193 3833 295 3884 eodem
311 3834 436 3883 Terentio
453 3831 609 3883 translatum
623 3834 665 3883 est
702 3830 839 3880 consuerit
854 3827 968 3881 leviores
980 3828 1037 3881 illas
1049 3841 1145 3893 nugas,
1159 3841 1227 3892 quas

129 3908 167 3957 ad
185 3911 315 3958 lictorem
331 3906 433 3971 prologi
445 3906 489 3956 all.
504 3908 625 3969 Hecyrae
637 3920 663 3956 v.
702 3903 844 3965 dicebant,
879 3904 1049 3969 (maleum)
1079 3901 1172 3955 Catulli
1201 3905 1229 3953 et

130 3985 171 4039 23
194 3981 232 4031 ab
251 3982 358 4031 lioratio
375 3981 401 4030 ir.
420 3980 438 4031 l.
456 3980 492 4031 ad
508 3982 581 4046 ipsos
598 3986 665 4045 poe-
703 3978 785 4032 Calvi.
801 3978 882 4030 -Ad
896 3992 922 4029 v.
936 3980 1138 4044 cantcrapossis
1152 3988 1228 4027 com-

131 4057 196 4117 taa.)
213 4082 242 4091 -
255 4055 343 4104 ductus
353 4054 473 4118 euocet]
488 4053 531 4105 val
543 4056 665 4119 «ineptus
703 4066 799 4119 parare
818 4054 871 4104 Cic.
891 4052 996 4104 Tuscul.
1015 4054 1043 4114 3,
1068 4054 1111 4113 tt,
1135 4051 1180 4103 tlt:
1208 4052 1228 4100 0

130 4128 237 4193 Tigeliii
258 4130 390 4179 imitator»
409 4130 447 4191 (ut
467 4130 572 4180 Aristot.
590 4132 663 4179 Poet.
699 4132 805 4192 poetam
821 4130 949 4193 amptum
967 4127 1097 4191 (Ennium)
1106 4129 1114 4175 l
1137 4138 1229 4188 ptum·

132 4206 168 4255 26
181 4205 243 4266 (λη,
263 4202 292 4254 i:
311 4196 352 4265 ὥς
368 4202 433 4254 λίαν
449 4198 505 4274 γὰρ
521 4197 666 4274 ὑπιρβάλ-
703 4216 782 4266 quum
800 4202 831 4253 ab
847 4203 885 4252 λᾶε
900 4202 1047 4253 anamma
1063 4200 1229 4263 Euphorionis
