2925 4892
279 347 320 411 68
657 344 787 397 uoairu
804 342 986 394 ssuuaauu

320 503 354 571 Si
379 501 454 590 quis
477 509 546 568 erat
567 499 684 587 dignus
706 498 862 576 describi,
886 497 976 586 quod
999 495 1103 564 malus
1125 518 1164 566 ac
1186 498 1252 577 lur,

320 622 416 705 Quod
441 620 596 688 moechus
618 620 700 687 leret
721 629 777 687 aut
798 620 935 687 sicarius
956 629 1012 687 aut
1035 619 1155 708 alioqui

318 746 491 821 limosus,
516 741 615 810 multa
636 762 711 809 cum
732 739 881 809 libertate
902 741 1064 807 notabant.

319 867 399 932 lliuc
421 864 526 931 omnis
546 863 668 951 pendet
690 862 848 939 Lucilius,
874 842 972 929 hosce
994 870 1126 932 secutus

342 1036 410 1087 ssi.
430 1036 473 1085 lv.
509 1034 533 1084 3.
551 1032 600 1097 oc]
625 1039 671 1083 out
695 1033 768 1082 scii
792 1044 856 1082 cum
879 1030 965 1082 tribus
988 1031 1112 1081 Pottierii.
1150 1032 1219 1081 «Nos
1236 1030 1263 1080 iu
1280 1044 1335 1081 uuo

307 1112 412 1234 [duffii
421 1108 676 1246 cugliicguiuveuimus
688 1119 775 1170 eoque
787 1106 895 1156 iullmae
906 1107 1012 1155 uotae.»
1030 1106 1122 1155 Baras.
1148 1105 1247 1168 (lituos
1259 1103 1333 1168 bscp

272 1309 318 1367 pto
351 1302 441 1365 ooibto
469 1302 597 1351 emicedia
622 1302 710 1363 prisco
739 1302 803 1349 viris
837 1296 904 1361 τόν,
931 1292 983 1361 οὓς
1008 1295 1131 1349 καλοῦσι
1149 1294 1287 1365 Ῥωμαῖοι
1309 1314 1368 1349 σα-

273 1383 317 1428 ιιι.
347 1404 375 1413 -
404 1374 517 1439 osma]
542 1375 573 1423 V.
599 1374 735 1425 dormitare
759 1387 799 1437 pr.
837 1369 986 1445 τορικούς,
1012 1372 1043 1423 oi
1063 1369 1197 1443 νεώτεροι
1218 1368 1270 1423 τὸν
1286 1372 1368 1442 Κρα-

274 1450 404 1514 siguificat
433 1450 578 1499 «accurate
607 1445 717 1499 alicuius
746 1446 801 1496 lor·
837 1448 918 1498 τίνοι
940 1448 991 1497 καὶ
1010 1440 1173 1511 Εὐπόλιδος
1194 1446 1369 1517 χαρακτῆρα

273 1537 346 1574 mam
358 1525 405 1574 aut
416 1534 506 1573 mores
518 1522 684 1585 exprimere·
707 1520 799 1585 [Plaut.
837 1518 1030 1587 ζηλώσαντες,
1055 1524 1118 1584 τοῖς
1139 1520 1195 1587 μὲν
1213 1517 1370 1585 Ῥινθιονος

273 1600 345 1649 Asin.
359 1600 390 1660 ἱ,
410 1598 440 1658 3,
461 1598 509 1647 22:
535 1598 593 1647 Nou
614 1596 697 1659 potuit
717 1596 801 1659 pictor
836 1596 968 1667 μέτροις,
991 1598 1054 1657 τοῖς
1074 1593 1106 1646 dl
1123 1593 1180 1645 τῶν
1200 1611 1370 1662 μνημονευ-

272 1674 364 1724 rectius
398 1672 536 1723 dosa-im
568 1672 622 1722 eius
653 1670 799 1735 suetam),
836 1670 946 1721 θέντων
969 1667 1142 1740 διασορμοτς
1164 1667 1364 1742 χρησάμενα,

272 1746 344 1798 unde
361 1747 508 1810 demptio,
531 1741 695 1817 χαρακτήρ,
717 1755 800 1796 seusu
836 1740 891 1810 τὴν
908 1738 1066 1813 σατυρικὴν
1082 1740 1243 1814 &nocituras
1258 1762 1367 1814 κωμῳ-

272 1821 422 1881 rhetorico‚
447 1822 501 1871 Cic.
521 1820 585 1883 Top.
604 1821 651 1880 ἥ,
675 1818 715 1870 83.
745 1819 800 1868 iiu-
837 1816 911 1871 δίαν.
946 1817 1110 1870 Libertatem
1126 1820 1257 1883 imprimis
1274 1824 1370 1872 aucto-

272 1892 309 1945 til.
323 1895 389 1958 Lup.
407 1895 437 1954 2,
456 1894 487 1941 7:
505 1892 798 1943 cdfflcruaisiios.
837 1907 899 1945 rum
915 1894 1019 1957 priscae
1039 1892 1197 1943 comoediae
1217 1893 1370 1946 aemulatus

272 1968 489 2030 Qumadmodiim
502 1966 586 2028 pictor
596 1965 720 2016 coloribus
734 1967 800 2029 pipu-
838 1970 880 2018 est
896 1966 1021 2017 Lucilius.
1055 1964 1204 2017 Trebonius
1225 1968 1298 2031 apud
1321 1968 1370 2019 ci-

271 2053 318 2090 ros
333 2040 499 2101 describit,
517 2040 552 2089 sic
569 2044 658 2089 orator
672 2039 718 2089 boc
733 2038 800 2088 octe·
838 2054 929 2092 caron.
954 2040 989 2091 ad
1012 2040 1085 2090 Fam.
1111 2040 1156 2101 ta,
1181 2041 1227 2101 tc,
1251 2040 1281 2090 3:
1318 2043 1370 2104 oui

217 2123 222 2132 ’
271 2119 340 2164 moto
361 2118 407 2163 σοι
425 2114 491 2163 citio
506 2118 553 2163 aut
573 2114 677 2163 virtutes
694 2125 797 2175 eonon,
835 2116 919 2179 mopta
939 2116 985 2165 too
1006 2115 1103 2165 Lucttio
1125 2115 1223 2164 ttcumt
1238 2128 1368 2168 comme

272 2190 302 2239 de
329 2186 418 2249 quibis
448 2187 574 2250 Ιοσιιὸινν,
609 2188 797 2250 deformat.
836 2187 1155 2253 libertatisquomuobis?
1174 2202 1244 2249 men,
1265 2190 1367 2241 etiaim

273 2260 348 2312 coni.
368 2262 434 2325 Epp.
453 2262 482 2323 ἱ,
509 2262 537 2323 l,
563 2262 624 2313 lbi:
651 2260 798 2323 lec-tuto,
836 2266 969 2329 ostopari
988 2264 1177 2328 premissos,
1202 2265 1366 2328 quostoosic,

271 2335 339 2386 orato
350 2348 415 2397 poce
431 2336 506 2385 nollet
520 2336 633 2387 caucino
649 2348 800 2398 pompm
836 2346 922 2390 mincis
943 2343 1009 2389 certo
1025 2352 1075 2388 nou
1096 2339 1179 2401 ονορίι
1196 2339 1285 2401 (φησι
1302 2341 1366 2403 ego)

271 2409 392 2461 Describi.
415 2434 442 2445 -
462 2410 554 2474 multis]
575 2410 709 2473 aristoph.
729 2408 796 2459 Plut.
837 2415 926 2478 cippos
941 2412 1065 2475 ὴοονονὶι,
1084 2413 1111 2461 iu
1127 2426 1190 2474 quos
1204 2418 1276 2463 muto
1289 2413 1367 2463 liber-

271 2484 318 2534 30:
346 2480 507 2555 ἱερόσυλοι,
534 2478 655 2555 ῥήτορες
671 2484 728 2535 Kal
746 2499 800 2535 ov·
837 2494 888 2539 tote
902 2488 1036 2538 corbonen
1051 2488 1199 2538 incurram.
1220 2514 1248 2523 —
1262 2488 1367 2551 perdet]

272 2554 417 2620 κοφάνται
434 2559 484 2609 καὶ
500 2560 632 2629 πονηροί.
663 2560 717 2609 Cic.
732 2556 798 2609 Phil.
837 2564 970 2626 quatenus
986 2573 1086 2624 genere
1100 2562 1238 2623 ceteroqui
1254 2559 1366 2611 diverso

272 2632 321 2693 ti,
340 2634 370 2696 3,
390 2635 420 2684 i:
447 2634 616 2695 lismonte,
634 2635 722 2694 medo,
741 2632 801 2682 sul>-
836 2636 953 2686 imitatus
975 2635 1018 2685 est
1033 2634 1202 2684 comoediam
1224 2635 1364 2698 aubquam

271 2708 361 2759 iiciuot
377 2715 423 2761 cut
438 2710 541 2760 eiicirost
556 2709 652 2759 uicinos
668 2712 714 2758 σοι
735 2708 801 2757 udo-
838 2712 865 2760 iu
882 2722 914 2760 eo
932 2711 1019 2769 certe,
1037 2708 1110 2772 quod
1127 2708 1250 2759 homiues
1268 2710 1370 2759 etiam-

271 2782 414 2833 loscentutos
430 2784 652 2843 circitirrscriltout,¹
678 2784 716 2832 bis
735 2782 802 2832 enim
838 2787 901 2833 tunc
925 2783 1046 2833 viventes
1072 2784 1099 2831 et
1128 2781 1276 2833 honoribus
1301 2795 1371 2833 usos

270 2857 338 2906 uitiis
362 2860 465 2920 affectos
490 2862 513 2907 et
537 2856 628 2906 talibus
654 2858 754 2907 malos
778 2861 802 2906 et
838 2856 994 2907 nominatim
1011 2856 1154 2920 descripsit
1173 2859 1254 2919 atque
1271 2856 1369 2907 riden-

272 2930 381 2979 oodoces
404 2930 533 2991 appellare
557 2931 707 2979 consecutio
730 2930 799 2979 solet.
837 2928 888 2980 dos
905 2930 1052 2995 proposuit.
1074 2954 1101 2965 -
1120 2929 1287 2993 superisque]
1310 2924 1366 2999 (ἶσ-

272 3002 319 3052 Est
337 3002 415 3064 igitur
437 3002 518 3051 homo
542 3000 724 3053 fraudulentus
751 3002 802 3066 (ein
836 3003 935 3068 θμοῑς.
955 3003 1260 3054 Praeterhexametrum
1273 3006 1368 3055 umen

272 3075 382 3137 δοιοῖσι,
408 3075 529 3139 Scturlcc)
550 3088 582 3125 uc
600 3076 635 3137 (et
657 3079 800 3141 propterca
838 3078 920 3127 etiam
942 3090 1008 3128 usus
1025 3078 1067 3127 est
1089 3076 1224 3127 interdum
1240 3076 1369 3129 versibus

273 3148 407 3213 quidem),
426 3150 448 3200 si
466 3148 572 3199 occasio
586 3146 676 3198 oblata
687 3150 729 3209 sit,
747 3150 799 3212 (ur.
837 3151 960 3204 iambicis
982 3152 1009 3202 et
1029 3150 1180 3201 trochaicis.
1207 3178 1235 3188 —
1260 3153 1369 3215 [σοοινσ]

273 3224 316 3273 Sic
326 3226 438 3287 apparet
449 3222 654 3287 praelerendam
663 3236 724 3274 esse
736 3225 803 3289 opti·
836 3226 1009 3277 Pentrliaitttm
1034 3226 1113 3275 vocat
1135 3226 1230 3275 Cicero
1254 3229 1282 3276 et
1306 3241 1372 3277 oer-

274 3309 381 3348 morum
405 3297 490 3349 Codd.
510 3296 653 3348 lectionem
679 3310 710 3347 oc
735 3297 802 3348 alio·
836 3300 957 3349 meolam
979 3298 1137 3362 [sommum
1159 3299 1184 3347 ei
1211 3299 1303 3350 tribuit
1329 3301 1369 3351 ad

274 3384 335 3421 rum
357 3376 410 3421 cui.
432 3398 459 3409 -
478 3372 574 3433 alioqui
598 3371 727 3436 Fumosae]
754 3386 802 3423 ve-
838 3374 953 3435 Fama,
973 3374 1018 3432 io,
1036 3372 1061 3421 Ξ.
1081 3371 1245 3433 Quintilli),
1265 3374 1292 3434 l,
1313 3374 1367 3425 94:

274 3443 321 3495 luti
338 3443 473 3508 lalsorius,
492 3440 651 3517 ῥίψασπις,
670 3446 746 3496 valer
755 3460 802 3497 so-
826 3447 992 3497 ‘Emeditioin
1003 3446 1145 3496 oomiroet
1157 3446 1273 3509 tiburtos,
1290 3454 1370 3511 utque

272 3520 376 3584 phistr,
396 3519 481 3571 malus
498 3524 591 3585 poeta,
616 3522 697 3572 homo
717 3520 803 3571 turbi-
838 3522 896 3572 inde
912 3520 1036 3571 amicas
1052 3524 1075 3569 ot
1091 3518 1295 3571 abundantia
1316 3534 1371 3572 so·

274 3595 325 3645 dus
343 3608 375 3645 ac
392 3596 533 3658 luctiosus,
556 3598 586 3646 ut
603 3595 683 3647 Cleon
702 3598 729 3646 et
746 3596 803 3659 Hy·
838 3595 886 3644 lis.
908 3620 936 3630 -
953 3595 1093 3643 limiorctoe
1108 3594 1189 3656 nmis]
1208 3596 1270 3658 «qui
1289 3594 1370 3647 lacile

274 3666 411 3733 perbolus.
839 3669 999 3719 odoraretur
1009 3670 1037 3718 et
1051 3670 1130 3718 acuto
1140 3668 1371 3721 animadverteret

308 3740 380 3790 6-l3.
406 3740 471 3791 Hinc
496 3740 559 3804 oet]
585 3742 622 3791 lo.
644 3742 803 3793 Laurentius
840 3739 992 3805 aequalium
1016 3754 1127 3792 suorum
1148 3743 1243 3793 vitia.»
1277 3744 1371 3808 Oppo-

276 3813 367 3876 Lydus
379 3813 413 3862 de
425 3814 543 3876 magistr.
555 3815 583 3864 it.
594 3816 647 3863 lii
674 3814 720 3865 il:
736 3811 804 3865 Ῥίν
839 3818 910 3867 sitm
926 3815 1196 3867 homooorisobosoe.
1223 3817 1307 3881 Epod.
1324 3819 1369 3876 ii,

275 3888 337 3938 dcv
359 3884 526 3957 ἑξαμέτροις
552 3880 665 3957 ἔγραψε
690 3884 803 3958 πρῶτος
839 3890 864 3940 3.
894 3890 926 3939 Et
950 3890 1113 3941 contrarium
1137 3892 1179 3940 cst
1202 3891 1274 3955 apud
1299 3890 1368 3941 Plat.

276 3958 444 4027 κωμῳδίαν·
469 3956 500 4024 ἐξ
522 3950 557 4012 οὗ
575 3954 688 4031 πρῶτος
705 3958 803 4022 λαβὼν
840 3964 875 4013 de
896 3966 961 4027 liep.
986 3965 1005 4013 1.
1030 3978 1057 4028 p.
1076 3964 1133 4015 sis.
1152 3968 1197 4015 Α.;
1224 3965 1259 4015 σὲ
1279 3980 1370 4034 zopo-

276 4031 328 4097 τὰς
352 4030 491 4105 ἀφορμὰς
515 4033 670 4098 Λουκίλιος
695 4030 712 4084 ὁ
735 4030 804 4085 Ῥω-
840 4033 932 4101 ζῶντα
948 4034 1084 4109 περιορᾷ,
1102 4037 1247 4089 ubiScbol.
1258 4042 1371 4108 μωρολ-

276 4114 365 4174 μαῖος
397 4103 534 4179 ἦρωϊκοῖς
562 4102 660 4160 ἔπεσιν
682 4104 803 4177 ἐκωμῴ-
839 4126 936 4161 νοντα.
972 4112 1100 4163 Ceterum
1115 4113 1183 4163 mire
1203 4110 1368 4165 Facciolatus

277 4183 357 4251 δησο.
386 4182 456 4235 Μεθ’
475 4177 510 4233 ὃν
526 4182 576 4235 καὶ
594 4178 663 4246 τοὺς
678 4185 741 4249 μετ’
753 4176 803 4235 αὖ·
839 4186 866 4235 iu
883 4186 965 4236 Oratt.
984 4184 1032 4237 Ed.
1051 4185 1141 4236 Putav.
1161 4182 1234 4237 lili.
1256 4200 1284 4251 p.
1305 4184 1367 4237 soa.
