2925 4892
454 317 458 326 Ι
522 371 581 425 um.
601 377 619 424 4.
655 375 754 426 444444.
773 372 816 426 ut.
1156 375 1219 441 447

170 531 280 598 Debes
303 530 364 598 hoc
388 533 485 598 etiam
511 530 706 606 rescribere,
735 534 762 598 si
785 533 840 600 tibi
863 553 962 601 curae
1177 535 1220 599 30

169 657 318 734 Quantae
341 653 511 720 conveniat
532 654 706 732 ldunetius;
730 674 771 718 an
794 654 986 722 malesarta

168 775 280 844 Gratia
301 775 500 863 nequiquam
522 775 586 841 coit
607 785 640 840 et
660 775 878 842 rescinditur?
899 779 938 841 444
959 797 1017 842 vos

169 897 237 966 Seu
261 895 385 964 calidus
407 897 538 984 sanguis
561 915 620 962 seu
643 915 753 962 rerum
774 897 898 964 inscitia
920 910 1014 964 vexat

171 1019 332 1085 indomita
353 1017 481 1084 cervice
503 1017 604 1092 seros,
629 1017 816 1105 ubieunque
838 1018 983 1085 locorum

160 1231 182 1268 s.
198 1218 370 1279 nequidquam
387 1215 472 1279 volgo.
489 1243 516 1252 -
534 1217 573 1279 At]
591 1229 622 1266 nc
639 1215 722 1278 bScE,
735 1215 826 1282 βζκμτ
844 1220 871 1267 44
887 1217 1021 1268 Bentleius
1039 1219 1091 1282 (hic
1109 1221 1189 1272 inter-

160 1290 278 1355 rogandi
299 1293 374 1354 signo
395 1292 481 1354 posito
498 1293 559 1355 post
576 1304 601 1340 v.
617 1291 703 1353 [4444).
723 1319 750 1327 -
770 1291 809 1341 33.
828 1293 878 1340 Seu
892 1317 907 1328 -
920 1321 934 1330 -
951 1293 1002 1356 sea]
1020 1295 1073 1344 ileu
1086 1321 1100 1330 -
1113 1323 1128 1333 -
1141 1297 1188 1346 4444

159 1377 261 1416 omnes
286 1367 368 1416 nostri
391 1369 418 1415 et
440 1365 567 1426 Pottierii,
592 1365 656 1414 item
675 1366 703 1415 C.
730 1366 768 1428 (l't
788 1379 850 1426 nos,
869 1367 923 1416 iam
939 1367 1185 1431 1444444481.)-

158 1441 259 1504 mea]
277 1442 331 1490 ieri
347 1438 456 1491 Bentleii
474 1440 635 1490 coniectura.

158 1630 252 1682 30-34.
273 1631 294 1680 si
311 1630 354 1679 4444
370 1630 456 1693 curce]
474 1633 525 1681 Pro
543 1627 655 1678 lectione
695 1627 813 1691 quedem
824 1629 863 1678 rel
881 1629 907 1679 44
924 1629 1041 1691 ingratae
1055 1632 1082 1680 et
1098 1631 1220 1696 inexspe-

124 1707 157 1756 414
180 1707 245 1756 lacit
266 1703 466 1768 quodammodo
488 1703 611 1768 repetitio
629 1717 655 1754 v.
695 1703 781 1752 etatae
805 1702 1007 1765 significatione,
1034 1717 1116 1767 quem
1138 1707 1221 1769 perti-

124 1781 231 1845 ripost
246 1781 268 1828 si
285 1777 657 1842 volgarlsensubispositum
695 1775 755 1826 cula
778 1791 813 1826 4444
829 1779 937 1828 auctum
953 1779 1092 1829 sentimus.
1122 1781 1221 1830 Exem-

125 1869 151 1904 v.
178 1855 236 1914 444,
268 1855 454 1904 verumtamen
481 1851 656 1902 difficiliorem
694 1850 738 1916 ple
750 1851 903 1916 suppeditat
913 1851 989 1902 lland
1000 1854 1074 1903 Turs.
1089 1855 1108 1904 l.
1122 1867 1147 1918 p.
1160 1854 1218 1904 3444.

125 1928 275 1980 lectionem
304 1939 367 1978 cum
398 1925 516 1977 Bentleio
544 1924 657 1990 praetuli
697 1953 724 1962 -
744 1925 906 1991 rescinditur]
931 1929 1035 1977 Petron.
1058 1928 1118 1978 ild:
1145 1927 1220 1978 credo

125 2004 265 2054 allerisii
296 2003 407 2066 Eppl,
426 2003 454 2060 6,
473 2000 520 2052 tt:
547 2002 575 2051 Si
594 2015 657 2064 pos·
693 2003 931 2063 semiramiam
945 2001 1221 2068 ialtieectimtispra-

125 2082 335 2140 set--ropetae
363 2077 427 2140 Epp.
448 2077 474 2134 4,
493 2077 522 2136 ’1,
541 2075 586 2126 39;
614 2077 658 2126 Ia·
694 2079 745 2128 ttae
761 2078 903 2126 4444444444
919 2078 1076 2127 rescinderet.
1093 2105 1121 2115 —
1136 2079 1222 2129 Atvor

125 2155 209 2216 spice,
229 2153 250 2201 si
270 2163 381 2212 possum.
413 2149 607 2210 Pseudotib.3,
628 2151 655 2210 4,
695 2151 757 2214 cet]
774 2153 841 2200 Cum
859 2151 1058 2213 magistraret,
1079 2154 1220 2204 ucetiam-

127 2230 174 2278 ts:
193 2227 244 2276 Illo
254 2227 316 2276 4444141
327 2226 429 2288 reseret,
447 2225 468 2274 41
479 2226 558 2274 nostri
569 2230 658 2274 mutua
694 2239 766 2276 uunc
783 2227 852 2275 iuter
868 2239 898 2275 se
916 2226 1054 2276 discordes
1071 2227 1136 2288 sini,
1157 2241 1220 2291 gra·

126 2315 193 2352 euro
210 2305 259 2362 ert,
278 2301 317 2350 Aa
333 2301 429 2358 minor,
448 2313 483 2348 444
494 2304 544 2348 4ο44
558 2305 658 2361 pectore
694 2301 763 2350 viter
779 2313 827 2350 eos
844 2301 955 2362 castigat
971 2304 999 2349 et
1015 2301 1172 2353 adhortatur
1185 2303 1220 2352 ad

125 2377 274 2427 deciderim.
310 2400 338 2409 -
369 2375 484 2435 Quantae
514 2375 657 2439 conveniat]
695 2373 939 2426 reconciliationem
962 2376 1060 2437 gratiae
1084 2375 1219 2427 44444114-

126 2455 249 2507 ·tentae‚
279 2450 394 2512 quantae
418 2461 481 2498 euru
508 2447 554 2497 tibi
576 2461 657 2498 curae
696 2451 802 2499 cutione
826 2450 858 2498 ,44
883 2451 945 2506 cet,
973 2463 1037 2513 pree
1064 2463 1117 2514 qua
1140 2453 1219 2502 ulmis

126 2539 190 2578 esse
210 2523 379 2574 conveniat.»
395 2549 420 2557 -
440 2521 658 2585 dimetiendum
695 2522 803 2585 languet
819 2521 902 2572 altera
919 2521 999 2573 lectio
1016 2538 1055 2573 oc.

126 2601 244 2651 tortasse
263 2600 291 2648 L.
304 2597 410 2647 liuuetii
428 2595 514 2647 Planci
526 2610 581 2647 cos.
592 2611 616 2646 a.
631 2611 657 2646 u.
729 2597 818 2647 33-36.
842 2596 899 2659 Seu]
920 2597 1000 2647 stirne
1016 2609 1092 2647 error
1108 2601 1151 2648 est
1167 2597 1221 2648 Co-

127 2689 152 2724 c.
172 2674 232 2722 tte.
264 2670 321 2735 1044.
341 2672 366 2730 4,
391 2670 426 2732 t.)
446 2697 474 2706 -
492 2669 658 2733 4441444444]
697 2671 787 2721 dicum
805 2671 885 2720 etism
902 2671 1148 2733 antiquissimorum
1168 2673 1223 2722 Heu

129 2752 221 2812 imago
240 2743 660 2810 desumpleavolnereideore·
696 2747 813 2803 --Heu3
839 2744 922 2806 magis
940 2745 1021 2794 etiam
1038 2746 1137 2794 mirum
1154 2759 1222 2796 eun-

127 2825 232 2883 scisso‚
251 2822 315 2884 quia
327 2821 385 2870 eius
404 2820 536 2882 margines
553 2831 606 2869 nou
619 2833 660 2868 re·
697 2820 761 2869 dem
778 2818 909 2883 placuisse
927 2820 954 2866 et
974 2819 1091 2882 cruquio
1108 2821 1135 2869 et
1156 2822 1223 2871 Ges-

128 2901 173 2948 cte
191 2895 300 2946 consuti
322 2895 384 2944 sunl
407 2895 571 2956 achirurgo.
603 2892 660 2944 Cel·
697 2907 772 2945 nero.
813 2893 951 2957 Sapienter
984 2894 1093 2944 Bothius
1126 2892 1224 2945 delevit

128 2985 177 3022 sus
194 2974 227 3032 5,
247 2969 277 3018 6:
298 2981 398 3016 assuere
415 2981 464 3016 cca
479 2969 592 3018 volnera.
620 2967 657 3017 ld.
697 2970 775 3019 liuius
798 2969 1012 3018 annotationem:
1041 2968 1222 3019 «Patheticum

128 3047 159 3106 4,
178 3045 208 3096 8:
241 3043 350 3092 Tertium
370 3047 418 3102 ert,
442 3041 463 3090 si
486 3043 546 3103 quid
567 3041 602 3090 idi
625 3042 659 3102 (ln
698 3041 774 3092 valde
800 3045 828 3092 et
852 3043 1015 3092 miserationi
1040 3045 1133 3106 aptum
1159 3043 1223 3094 illud

128 3133 195 3170 eure
215 3119 338 3174 44444444,
357 3117 382 3165 in
399 3114 481 3166 labris
499 3119 526 3166 et
542 3113 658 3177 neribus]
697 3118 869 3168 Heu--ieua
881 3117 1124 3181 -44444444444444441
1138 3118 1222 3168 «Cum

128 3196 198 3244 curti
223 3197 274 3252 est,
305 3191 409 3240 sarcire.
443 3217 469 3228 -
493 3189 659 3253 nequiquam]
698 3205 768 3256 quae
789 3191 917 3242 alteruter
939 3194 1012 3243 recte
1030 3195 1111 3256 etque
1129 3193 1223 3243 ordine

130 3271 181 3318 uite
200 3271 232 3318 ut
249 3266 365 3325 curatio,
384 3278 466 3328 quam
483 3263 660 3329 exspectaba-
700 3269 799 3318 iecerat
815 3269 861 3316 aul
877 3267 993 3325 dixerut,
1017 3265 1085 3316 alter
1101 3266 1166 3316 laiso
1183 3269 1224 3316 in-

130 3357 207 3404 mus‚
228 3341 328 3392 ellectu
345 3342 461 3390 careat.»
490 3339 556 3390 llale
574 3342 601 3389 44
618 3339 660 3388 hic
699 3343 860 3405 terpretatur
877 3343 957 3404 etque
974 3342 1000 3390 in
1017 3353 1095 3391 suern
1106 3341 1148 3390 vel
1161 3355 1224 3390 cou-

131 3420 160 3466 44
176 3417 249 3478 l'irg.
269 3415 374 3472 444444,
393 3413 451 3464 stt.
470 3415 515 3472 44,
535 3413 591 3463 oti.
619 3412 662 3476 (Et
701 3414 838 3466 tumeliam
860 3414 903 3464 vel
928 3415 1051 3464 iniuriam
1075 3414 1144 3464 iactu
1170 3416 1226 3478 opi-

130 3503 198 3540 nuno
216 3488 370 3550 nequiquam
391 3487 460 3549 [441144
481 3487 549 3550 dea.)
581 3487 662 3536 Scho-
698 3482 1226 3552 4444444.(4414444444444441444.)Ἀπει·

132 3565 389 3626 liestueexponuut:
410 3575 505 3611 anon·
532 3561 570 3611 Cl.
586 3561 661 3612 lland
698 3565 764 3634 ρίαν
792 3560 848 3612 τῶν
876 3556 1065 3632 ἀνθρωπίνων
1090 3557 1225 3630 πραγμά-

132 3641 209 3689 Turs.
228 3638 271 3688 lV.
292 3650 318 3700 p.
338 3637 380 3686 444
406 3649 447 3700 sq.
475 3638 513 3687 De
531 3637 661 3702 scriptura
700 3654 755 3687 των
773 3635 815 3686 4144
833 3637 977 3701 4441144444
998 3637 1047 3686 sed
1058 3637 1110 3687 hoc
1122 3638 1149 3688 iu
1161 3637 1226 3686 duo-

132 3714 188 3763 rid.
202 3714 255 3762 Sat.
270 3713 300 3772 2,
319 3713 348 3770 4,
367 3712 408 3761 tt.
430 3739 456 3748 -
477 3711 533 3774 coit]
553 3711 622 3761 Cels.
635 3711 660 3768 8.
699 3725 760 3761 rum
777 3709 925 3775 proborum
942 3709 1153 3761 eilolesceutium
1171 3711 1226 3761 lor-

135 3789 182 3837 to:
207 3792 289 3850 potest
309 3799 340 3836 44
356 3787 456 3836 retiam
470 3791 494 3836 et
513 3799 540 3834 44
556 3787 622 3834 coire
640 3789 662 3834 44
700 3788 765 3836 tuito
783 3784 891 3835 dissidio
909 3786 1020 3835 nimium
1038 3787 1086 3836 est.
1108 3813 1136 3822 -
1154 3787 1227 3835 lada-

133 3863 222 3910 eolnuc
237 3873 375 3911 4444444444.
406 3860 480 3911 Ouid.
494 3861 570 3911 Trist.
584 3859 612 3918 4,
632 3858 660 3920 1,
698 3861 763 3910 mito
783 3861 878 3910 4444444
896 3859 970 3923 seros]
994 3861 1164 3924 Comparatio
1181 3874 1227 3910 re-

134 3936 181 3986 li:
199 3939 267 3987 Neve
278 3937 440 3986 retractando
451 3937 562 3985 nondum
573 3937 663 3984 codiee·
701 3935 781 3999 petite
793 3933 827 3983 444
841 3935 916 3997 equis
929 3935 1003 3998 (Epp.
1017 3935 1045 3993 1,
1059 3936 1087 3994 4,
1101 3935 1146 3984 tit:
1166 3935 1228 3984 Fia-

135 4012 173 4060 tio
188 4024 309 4073 rumpam
329 4011 442 4060 Volnera.
460 4037 488 4046 —
507 4010 623 4073 Recepta
635 4022 660 4057 v.
700 4010 737 4073 pit
753 4022 845 4071 equum
856 4008 1228 4060 anecdociemceroicema·

136 4086 177 4136 ³⁰.
198 4086 314 4137 lectione
339 4086 370 4134 sit
394 4084 538 4135 Obbsrius:
566 4083 663 4144 «Quod
700 4082 798 4147 944444.)
827 4084 854 4130 44
878 4095 893 4130 4
919 4083 1017 4141 tauris,
1044 4094 1112 4145 quos
1133 4082 1226 4132 Graeci

137 4160 260 4210 lloretius
284 4174 316 4210 444
338 4161 456 4210 oratioue
479 4159 607 4210 indirecta
629 4157 662 4208 ed
701 4152 919 4226 σκληραύχενας
936 4159 963 4205 et
980 4152 1164 4222 ζυγομάχονς
1178 4169 1228 4204 vo-

138 4237 239 4285 rectum
256 4233 345 4284 subito
363 4235 468 4296 transit,
488 4247 541 4284 non
553 4234 663 4284 estsine
701 4234 771 4281 cant.
784 4258 811 4266 -
821 4231 961 4292 4444444444
971 4229 1228 4293 loccmm18icredit

223 4326 315 4371 1144444.
332 4337 386 4371 vor..
402 4325 430 4370 ll.
460 4337 500 4370 4444,
517 4336 569 4370 4444.
584 4323 620 4368 411.
1032 4321 1060 4364 tsi
