2925 4892
268 382 331 448 356
648 379 779 431 llOlillTil
795 378 977 430 sarmationi

311 540 349 605 Et
370 537 487 605 calices
510 535 614 623 poscit
635 536 785 600 maiores.
832 536 964 599 Vertere
987 530 1091 618 pallor
1139 536 1150 543 “
1317 534 1358 597 35

310 663 389 727 Tum
411 657 544 747 parochi
566 657 679 723 laciem
702 653 745 720 nil
770 655 817 721 sic
839 654 1011 721 metuentis
1033 662 1069 718 ut
1093 673 1187 719 acres

309 783 459 857 Potores,
483 778 535 845 vel
560 778 651 866 quod
673 776 757 843 male
780 775 891 843 dicunt
911 774 1047 842 liberius
1068 773 1119 841 vel

311 901 448 969 Fervida
470 898 560 988 quod
582 897 698 965 subtile
721 896 898 964 exsurdant
918 896 994 963 vina
1015 894 1165 984 palatum.

314 1024 478 1088 Invertunt
499 1018 640 1087 Allifanis
663 1018 787 1083 vinaria
809 1026 876 1083 tota

310 1142 455 1211 Vibidius
477 1140 685 1226 Balatroque,
709 1138 830 1205 secutis
852 1137 1018 1218 omnihus;
1042 1139 1097 1204 imi
1317 1140 1358 1205 40

311 1263 472 1331 Convivae
493 1260 566 1327 lecti
589 1258 722 1326 nihilum
745 1280 887 1326 nocuere
909 1260 1042 1347 lagenis.

333 1422 373 1474 34.
389 1426 495 1485 poscam
511 1418 593 1471 Aldus
611 1419 683 1469 4409,
703 1422 730 1469 44
749 1420 822 1469 44449.
844 1448 871 1456 -
890 1420 930 1469 96.
950 1421 1018 1469 aare
1038 1432 1061 1469 c.
1093 1419 1167 1482 (ilinc
1184 1432 1270 1482 usque
1288 1420 1324 1469 ari

299 1512 325 1549 v.
344 1496 385 1550 84.
404 1510 515 1548 mancus
533 1497 574 1547 est
591 1494 658 1545 Cod.
677 1494 716 1557 E.)
737 1520 764 1532 -
783 1493 825 1546 49.
844 1494 901 1543 imis
916 1493 1013 1558 bcp,Lt
1030 1494 1093 1558 (non
1110 1494 1145 1555 S).

266 1638 403 1688 4444444444
413 1636 494 1687 inciti.
514 1635 553 1686 Ci.
566 1633 592 1696 4,
605 1634 682 1697 saei.
696 1636 725 1683 nt
737 1634 793 1697 cpi·
828 1632 1014 1697 praebendum
1031 1630 1172 1693 attinebat,
1191 1634 1262 1682 tecte
1273 1633 1358 1695 signi-

267 1714 345 1764 nalur
366 1712 495 1771 Diintzer,
519 1723 552 1759 ex
574 1710 657 1759 Ennio
678 1708 791 1758 tortasse
828 1707 924 1756 fleatur
939 1720 965 1755 v.
983 1706 1035 1766 46.;
1054 1705 1106 1755 hcc
1127 1707 1185 1769 ipsc
1208 1704 1267 1756 loco
1292 1708 1357 1771 (quo

265 1787 356 1851 petita,
366 1783 477 1835 ridicule
486 1782 520 1833 ad
531 1784 695 1846 potationem
707 1783 792 1831 trans·
825 1781 911 1844 pellor
936 1792 1021 1844 prope
1047 1780 1159 1829 nimium
1184 1778 1296 1831 aiiectds
1317 1782 1359 1831 si-

266 1861 359 1912 lertur.
394 1860 436 1909 Sic
459 1861 549 1909 autem
572 1856 636 1906 ultio
660 1853 791 1906 sumenda
829 1868 911 1918 gnum
933 1856 1018 1915 esset,
1045 1854 1067 1904 si
1092 1866 1141 1918 pro
1161 1854 1233 1904 veris
1250 1852 1356 1905 habeas

266 1936 324 1985 erat
340 1934 374 1985 de
394 1946 478 1984 coena
497 1930 588 1996 putida
600 1932 680 1993 atque
692 1928 791 1991 alioqui
827 1930 968 1979 rationesa
980 1927 1115 1978 Fundanio
1129 1924 1239 1990 allatasi3
1258 1942 1284 1976 v.
1298 1928 1355 1989 444,

267 2007 348 2059 taedii
364 2006 451 2071 plena.
828 2003 901 2066 quod
926 2004 971 2053 imi
996 2003 1122 2052 convivae
1144 2000 1218 2062 lecti,
1249 2005 1358 2066 patroni

299 2078 388 2131 34-44.
417 2076 636 2141 consociarer]
657 2076 694 2126 Ex
714 2088 790 2126 mora
828 2077 1023 2141 parcimoniae,
1049 2077 1076 2126 in
1092 2076 1155 2126 vino
1171 2074 1267 2126 4444444
1288 2090 1358 2141 pro—

266 2155 367 2205 acrium
375 2154 509 2217 potorum.
529 2151 604 2201 Conl.
614 2149 698 2214 Epod.
712 2149 737 2210 9,
747 2149 788 2198 33.
828 2150 939 2211 mendo,
966 2148 1051 2214 proba
1076 2150 1168 2213 gnari,
1195 2162 1210 2198 a
1234 2150 1357 2213 potando

265 2229 355 2291 Enrip.
363 2228 418 2277 lon.
427 2225 499 2277 tilii:
510 2224 601 2293 γέρων
608 2216 677 2287 ἔλεξ’
681 2238 687 2251 ·
698 2236 791 2293 areop
827 2224 973 2284 abstinent;
986 2238 1012 2273 v.
1022 2225 1074 2285 82,
1085 2223 1158 2288 quod
1169 2222 1273 2275 Vibidio
1281 2228 1358 2275 servi

265 2298 362 2365 παίζειν
380 2294 472 2371 χρεών
489 2295 597 2369 0444]ρά
614 2292 703 2362 τεύχη
721 2312 790 2361 σμι-
827 2301 937 2364 propter
958 2312 1055 2350 arcana
1073 2299 1132 2348 heri
1152 2297 1276 2348 mandata
1298 2312 1357 2349 uon

265 2374 337 2447 apd,
363 2369 476 2441 μεγάλα
500 2371 524 2422 δ’
550 2370 692 2443 ἐσφέρειν.
733 2371 787 2420 Cic.
827 2372 892 2425 dant
908 2372 1011 2437 pocula.
1027 2372 1205 2437 -lnoertonq
1218 2367 1293 2421 κατὰ
1303 2388 1357 2423 κε·

264 2451 450 2501 Veri-..iocus
470 2450 499 2509 4,
518 2448 562 2509 26,
581 2447 625 2497 66:
655 2444 790 2495 444444444-
827 2445 925 2513 φαλῆς
949 2448 1109 2519 τρέπονται.
1153 2447 1238 2498 Coae.
1259 2447 1355 2509 (1444),,

264 2530 321 2575 tor:
342 2526 468 2588 fltsemw
485 2523 551 2571 ieter
567 2534 607 2575 444
623 2524 646 2570 44
663 2520 787 2581 incitatio,
826 2526 857 2573 nt
883 2536 932 2573 nos
959 2524 1155 2571 emetie'rzee.
1202 2520 1358 2573 «inclinant

262 2604 291 2649 44
308 2599 404 2649 Gracco
424 2610 495 2647 more
515 2596 646 2646 biberetur.
673 2595 790 2645 44444444
824 2598 928 2646 4444444
951 2595 1088 2659 (lagenas;
1118 2594 1244 2645 Glossae:
1276 2596 1359 2645 oinc-

262 2674 365 2737 444444·
389 2676 496 2734 4444444
522 2669 660 2720 4444444444
682 2669 787 2732 ponto.
825 2673 911 2734 44444,
949 2668 1160 2741 οἰνοφορετον.)
1193 2669 1228 2719 ad
1261 2670 1356 2720 44444-

266 2775 293 2785 -
309 2744 424 2809 peccat]
442 2744 495 2795 Cir.
509 2746 562 2794 Sat.
576 2746 606 2805 4,
625 2745 655 2805 4,
674 2743 715 2794 te.
741 2744 789 2793 llic
827 2745 946 2796 dandum
964 2757 1071 2795 merum
1088 2745 1114 2793 in
1135 2742 1259 2794 calices.»
1302 2745 1355 2796 Od.

262 2821 355 2872 leslive
379 2821 413 2869 ita
430 2821 509 2868 vocat
525 2831 626 2867 coenae
650 2815 789 2880 praebito·
826 2818 856 2879 3,
874 2818 922 2880 29,
940 2818 965 2867 2.
995 2816 1124 2868 Lucilius:
1151 2818 1260 2866 Vertitur
1274 2830 1357 2867 oeno-

263 2906 330 2943 ram.
352 2921 379 2929 -
398 2892 506 2941 Fervida
529 2891 591 2954 cet]
616 2892 708 2941 «Acria
727 2891 788 2940 vina
822 2892 1254 2956 pensauriensecium.
1276 2893 1352 2955 virg.

263 2964 392 3015 hebetant
403 2962 570 3014 subtiliorem
581 2962 660 3027 palati
670 2967 786 3027 gustum,
825 2968 891 3018 Aen.
921 2966 951 3025 9,
970 2966 1033 3015 4654
1058 2970 1159 3015 certum
1174 2971 1290 3015 44444444
1305 2970 1358 3015 44·-

263 3039 352 3101 itaque
371 3038 498 3087 convivae
521 3035 580 3085 talis
598 3049 698 3087 444444
721 3036 789 3087 deli·
824 3054 878 3091 444.
900 3067 928 3076 -
945 3039 1069 3103 Alisontia]
1088 3038 1205 3090 dativus:
1226 3040 1356 3089 emaiori-

264 3112 319 3161 clas
341 3112 429 3161 minus
452 3110 673 3174 persentiscam.»
693 3137 721 3147 -
741 3124 789 3160 ec-
825 3114 877 3165 bus
899 3114 1040 3178 scyphis;»
1070 3112 1104 3161 ab
1127 3111 1223 3172 silias,
1250 3114 1356 3163 Samnii

262 3184 376 3249 4444444]
399 3182 500 3234 tralatio
522 3182 556 3233 ab
574 3184 665 3234 auditu
682 3183 716 3233 ad
739 3197 789 3246 gu-
826 3187 937 3252 oppido,
957 3185 1019 3236 «ubi
1036 3184 1128 3235 fictiles
1140 3188 1168 3235 et
1184 3184 1292 3235 latiores
1304 3200 1356 3236 ca-

263 3260 370 3311 statum.
405 3259 533 3308 Neutram
551 3260 641 3308 autem
658 3260 789 3308 rationem
825 3262 890 3312 lices
910 3260 1037 3311 flebant.»
1065 3260 1149 3311 Coae.
1168 3260 1247 3316 Cano.
1273 3258 1356 3311 Silius

263 3332 383 3399 prolerre
406 3334 510 3397 poterat
534 3333 591 3397 ipse
614 3332 787 3394 Nasidienus,
827 3337 871 3395 44,
890 3334 952 3384 4464
970 3334 1095 3396 Allifanus
1110 3332 1198 3383 444444
1208 3333 1357 3384 44444444-

263 3407 313 3459 sed
338 3405 509 3458 manifestum
534 3409 576 3457 ast
604 3408 747 3470 utramque
773 3418 789 3455 a
824 3414 909 3458 mattea
924 3420 994 3471 eger.
1016 3434 1043 3445 —
1068 3408 1113 3457 4444
1136 3408 1260 3457 04444444
1284 3408 1355 3476 tecte]

264 3482 399 3533 Fundanio
416 3479 546 3531 malitiose
564 3481 670 3543 suggeri
687 3480 789 3531 homini
825 3484 1008 3533 Nomentanus
1025 3484 1053 3531 et
1068 3482 1195 3543 Porcius,
1216 3482 1356 3534 Nasidieni

263 3554 352 3607 subito
375 3553 563 3619 expallescenti
585 3556 667 3616 atque
691 3552 787 3603 silenti.
825 3556 946 3620 parasiti,
974 3553 1121 3618 prudenter
1142 3554 1289 3616 cavebam,
1317 3570 1356 3608 ne

264 3629 334 3678 Vara
349 3627 473 3679 videlicet
493 3628 559 3677 ratio
581 3628 608 3677 in
626 3628 683 3677 eius
704 3628 791 3677 inerat
826 3642 889 3679 eum
906 3628 1074 3679 offenderent
1093 3627 1191 3692 largius
1211 3628 1355 3691 bibendo;

264 3701 440 3765 parcimonia:
466 3702 566 3751 etenim
582 3699 649 3752 tales
666 3702 789 3752 homines
825 3706 954 3768 patronus
982 3704 1039 3767 ipse
1067 3702 1102 3752 ob
1130 3704 1268 3754 avaritiam
1300 3704 1356 3756 sibi

266 3774 338 3825 44444
354 3774 414 3824 4444
431 3775 494 3836 orti,
521 3774 570 3825 sed
590 3788 656 3826 casu
677 3777 789 3839 repenle
826 3775 1027 3840 temperabata
1049 3779 1123 3840 potu.
1158 3777 1211 3828 Cir.
1232 3778 1301 3841 Epp.
1323 3780 1355 3839 4,

265 3848 361 3899 divites
378 3846 437 3897 iacti
455 3846 609 3913 (44444444),
628 3850 695 3899 mira
718 3850 790 3899 tem-
827 3851 873 3910 48,
892 3850 938 3899 tt:
965 3850 1011 3899 imi
1032 3850 1138 3900 Derisor
1161 3846 1237 3900 lectis
1262 3853 1357 3901 Lectio

265 3922 403 3986 paratione
425 3919 583 3986 plerumque
607 3935 703 3985 magna
727 3936 791 3973 cum
826 3924 884 3973 44444
900 3936 932 3973 ex
949 3937 1033 3987 prava
1050 3923 1300 3975 accommodatione
1318 3926 1356 3975 ad

266 3992 419 4060 prolusione
429 3994 523 4045 sordes
530 3996 698 4059 coniungunt.
706 3998 790 4047 94444
827 3997 1016 4061 praecedentia
1034 4002 1092 4048 orta
1108 3999 1158 4048 est.

268 4070 358 4119 autem
375 4072 403 4118 at
419 4068 541 4129 ridicula,
568 4082 650 4134 quam
673 4069 791 4121 nonnulli
859 4069 948 4121 ee-ec.
966 4070 1249 4136 44444444144444444.
1274 4072 1355 4124 Coni.

268 4154 414 4206 agnoscere
432 4140 587 4205 noluerunt,
610 4144 789 4207 parcimonia,
828 4144 881 4194 Sat.
894 4146 925 4205 4,
944 4143 974 4207 4,
993 4145 1034 4195 te.
1055 4172 1082 4181 —-
1101 4145 1233 4209 mercena]
1256 4146 1359 4197 44444-

268 4217 382 4268 maxime
411 4215 483 4278 quod
511 4215 545 4265 ad
572 4218 665 4269 vinum
691 4215 790 4279 largius
827 4219 886 4268 ccl.
909 4221 1088 4270 Romanorum
1103 4217 1223 4271 deliciae.
1248 4220 1358 4271 Necro-
