2925 4892
258 342 322 409 430
643 344 773 397 aoaaru
790 344 973 399 sarulsus

256 502 414 555 Animadvv.
432 517 459 568 p.
478 502 535 553 lta,
554 515 587 552 ex
604 503 711 567 lippi,
732 502 778 564 lo,
797 503 840 553 ⁴5:
859 502 901 552 obi
917 502 1097 567 pretiorum
1114 504 1202 555 umiae
1217 506 1348 555 eti-abiem

257 587 334 638 Cottia
349 592 373 637 st
387 591 514 637 momente
529 585 625 636 Leonis.

321 668 418 721 Similia
440 672 504 721 sunt
523 668 684 734 verborum,
711 681 781 733 queo
799 681 863 720 casu
880 668 1047 731 exciderant,
1074 673 1215 722 temeraria
1237 671 1348 736 supple-

255 756 368 888 mon&
388 835 416 897 l,
434 837 464 897 o,
483 837 527 887 it:
547 838 601 887 iim
612 836 717 899 pelosa,
736 837 820 901 captis
836 836 938 901 preest,
956 837 1004 887 heu
1018 838 1090 901 naim
1105 838 1153 889 bau
1169 840 1220 888 eet.

319 922 385 986 Epp.
397 920 531 982 anteo:
549 920 825 982 massmannum
836 918 933 970 domus
941 922 1033 983 procul
1043 920 1123 971 obsit:
1140 925 1344 985 epoatmoet.

319 1002 375 1055 Alia
393 1016 465 1053 nuno
481 1004 587 1054 videtur
603 1004 672 1053 ratio
689 1000 910 1066 interpolationis,
929 1016 1011 1067 quam
1028 1002 1091 1055 olim
1103 1004 1156 1054 huo
1169 1006 1344 1055 traxeramus.

254 1086 362 1139 Ovidius
378 1087 452 1137 enim
468 1087 575 1138 lietem.
593 1087 624 1147 8,
642 1086 701 1136 237,
719 1088 882 1150 scripserat:

318 1170 432 1221 amala
448 1168 544 1221 limoso
557 1170 691 1232 proposit
706 1170 740 1218 ab
757 1168 825 1219 elice
838 1170 951 1231 paula:

251 1254 291 1305 uti
313 1266 386 1304 nuno
401 1252 503 1303 sumus
523 1266 557 1302 ex
579 1251 680 1303 Libello
696 1252 731 1303 da
749 1251 892 1315 generibus
909 1253 1048 1305 nominum
1066 1255 1109 1305 ed.
1130 1255 1233 1319 Hauptii
1254 1268 1281 1320 p.
1300 1256 1343 1307 92,

251 1340 309 1388 lam
325 1336 390 1399 quid
406 1348 490 1385 ausus
506 1338 549 1386 eat
565 1334 759 1398 interpolatori

317 1420 432 1471 Gamla
447 1430 554 1468 ramosa
569 1419 700 1480 praeposit
716 1417 748 1467 ob
765 1417 824 1469 ilice
839 1420 951 1482 perdia:

251 1506 279 1555 in
297 1503 381 1554 codd.
401 1503 459 1553 aine
475 1504 618 1563 varietata,
646 1514 715 1566 quae
732 1502 767 1551 ad
790 1515 883 1553 veram
901 1502 985 1554 Ovidii
1002 1515 1110 1554 manum
1128 1516 1177 1555 nos
1194 1506 1342 1568 perducat,

251 1588 303 1638 nisi
323 1586 397 1651 quod
419 1584 587 1649 oormptelae
610 1585 701 1634 tenuia
723 1584 857 1647 quaedam
878 1588 989 1650 vestigia
1012 1590 1157 1651 supersunt
1178 1590 1204 1639 iu
1227 1590 1291 1641 lior.
1316 1593 1343 1640 l.

250 1672 377 1732 clunem,
395 1671 458 1720 Seu.
471 1670 496 1719 2.
509 1681 636 1727 samaeas,
654 1668 716 1718 Sen.
729 1669 753 1717 l.
766 1682 882 1719 ramoso:
900 1682 996 1719 verum
1007 1669 1080 1733 quod
1097 1670 1238 1723 inonloavit
1248 1676 1345 1724 Gram-

251 1754 366 1806 maticus
386 1764 498 1818 prorsus
515 1752 647 1816 repugnat
669 1754 698 1801 et
719 1752 776 1803 avis
794 1754 904 1802 naturae
922 1754 991 1803 etv.
1009 1754 1072 1803 ito:
1100 1755 1157 1805 Non
1177 1760 1261 1805 tamea
1281 1756 1346 1807 haee

250 1839 301 1889 olto
315 1838 425 1887 ooloeu'o
440 1849 488 1886 aaa
504 1848 614 1897 corpora
632 1836 696 1885 tollit
712 1838 764 1887 oet.
794 1834 900 1887 scilieet
915 1836 974 1886 aliea
996 1838 1023 1886 in
1038 1838 1120 1887 ilicem
1137 1840 1262 1903 corrupto
1278 1840 1345 1890 huie

251 1919 437 1985 quaerendum
449 1920 508 1969 erat
523 1916 595 1968 aliud
612 1920 762 1982 epitheton,
781 1920 855 1983 quod
871 1918 1021 1983 praebebat
1035 1918 1101 1971 alius
1113 1920 1234 1972 eiusdem
1244 1926 1344 1984 poetae

252 2004 328 2055 loeus
343 2005 374 2054 Α.
392 2005 422 2052 Α.
442 2001 472 2064 3,
492 2000 556 2051 ilo:
575 2002 624 2051 Seu
640 2015 719 2064 aeque
733 2015 862 2053 ramosa
877 2004 1063 2054 emorousae
1080 2004 1147 2055 ilica
1162 2004 1272 2067 plaudes.

316 2088 354 2138 Ex
370 2083 448 2137 simili
465 2084 650 2135 recordatione
668 2087 725 2135 orta
743 2088 785 2137 est
800 2084 969 2150 interpolatio
987 2086 1052 2150 Epp.
1073 2088 1103 2147 i,
1122 2086 1166 2147 ⁴8,
1186 2087 1235 2135 iil:

380 2170 493 2227 Poteras,
511 2166 594 2217 bibuli
612 2169 701 2219 media
718 2168 753 2219 de
771 2171 849 2220 noete
869 2168 969 2219 Falerni

381 2250 500 2303 Oderunt
511 2257 632 2314 porrecto
647 2257 780 2317 aequatura
794 2254 901 2316 pocula,
926 2253 1041 2315 quamvis
1055 2278 1094 2313 -‚
1113 2252 1158 2303 ubi
1176 2253 1236 2305 vide
1254 2254 1344 2305 adno-

416 2336 551 2387 lationem.
