2925 4892
287 397 348 462 578
652 397 782 446 4404444444
799 397 1019 448 errsronmuu

330 556 501 640 Temperat
522 552 671 628 Alcaeus,
696 551 755 618 sed
779 551 877 618 rebus
898 563 931 617 et
952 550 1067 618 ordine
1088 550 1214 637 dispar,

328 676 394 742 Neo
417 693 568 741 socerum
591 673 729 760 quaerit,
754 692 853 758 qoem
875 671 1024 738 versibus
1046 671 1169 738 oblinat
1190 674 1285 748 atris,
1335 675 1373 737 30

327 796 394 861 Ν44
416 815 555 882 sponsae
579 793 730 881 laqueum
752 793 877 859 famoso
898 792 1042 859 carmine
1063 795 1170 860 nectit.

327 917 419 982 Hune
441 935 502 1002 ego
526 935 589 981 non
615 914 678 980 alio
700 913 822 980 dictum
844 915 935 1000 prius
956 934 1014 980 ore
1035 914 1165 980 Latinm

327 1037 456 1124 volgavi
479 1034 610 1114 fidicen;
636 1037 723 1102 iuvat
745 1038 966 1101 immemorata
987 1035 1143 1101 ferentem

326 1158 474 1244 ingenuis
498 1155 666 1243 oculisque
689 1154 751 1243 legi
773 1155 988 1244 manibusque
1010 1157 1122 1222 teneri.

346 1337 387 1388 30.
406 1337 497 1387 40444444
514 1336 549 1396 Ε,
567 1335 654 1386 attinet
670 1348 696 1398 p.
718 1359 745 1370 —
772 1337 812 1385 34.
832 1337 929 1386 tasse
944 1335 991 1394 bd,
1009 1336 1020 1384 t
1036 1336 1064 1384 et
1079 1333 1191 1385 wetzel.
1220 1335 1260 1396 (04
1277 1350 1342 1399 nus,

314 1413 368 1463 Silo
386 1414 414 1462 44
430 1411 546 1462 Pottierii
563 1409 676 1470 omnes.)
692 1437 719 1444 -
733 1409 773 1460 33.
786 1409 900 1460 Exhibet
910 1410 1069 1473 scripturam
1084 1408 1188 1472 Volpoui
1203 1409 1233 1460 E.
1256 1437 1286 1446 —
1300 1411 1341 1462 34.

280 1578 496 1630 subobsooenam
521 1577 740 1641 significationem
757 1576 806 1624 tri-
879 1575 980 1625 32·3l.
1008 1573 1089 1638 444444]
1113 1575 1236 1625 Proxime
1262 1577 1374 1640 quidem

279 1653 365 1704 liuere
390 1651 521 1704 vocabulo
541 1652 671 1709 4444444444,
699 1661 761 1699 nam
782 1651 806 1700 si
845 1649 961 1699 retertur
977 1647 1012 1698 ad
1022 1647 1149 1699 Alcaeum
1167 1649 1204 1711 (et
1215 1661 1294 1710 rere,
1313 1664 1374 1701 oum

279 1726 323 1777 vel
340 1727 455 1777 maxime
473 1726 525 1776 huo
544 1723 682 1782 voluisset,
701 1722 806 1773 adden·
846 1721 964 1774 Catullus
980 1721 1022 1772 bis
1039 1721 1163 1785 quidem,
1182 1723 1275 1773 Carm.
1289 1725 1333 1775 44.
1350 1730 1376 1776 et

280 1801 344 1851 dum
362 1799 461 1864 aliquid
478 1799 584 1858 luisset,
603 1801 634 1848 44
650 1801 691 1849 est
705 1797 805 1860 insaga
844 1798 897 1857 si..
924 1797 1031 1847 tentarit
1056 1799 1172 1847 metrum
1197 1797 1374 1862 sapphicum,

278 1873 322 1924 illa
345 1874 473 1924 4444444444
497 1873 647 1922 libidinis
672 1867 805 1942 (spetiales)
844 1870 1374 1934 444444444444444),4444444410

279 1949 363 2014 Epod.
382 1952 411 2009 3,
431 1948 472 2000 ll.
499 1948 599 1998 Verum
616 1947 724 1996 omnino
742 1945 806 1996 nihil
843 1943 998 2004 voluerunt.
1026 1945 1060 1995 ad
1079 1943 1285 2008 Archilochum,
1313 1961 1371 2009 4444,

279 2025 363 2086 magis
374 2025 494 2085 ineptum
504 2022 609 2081 luisset,
623 2032 704 2083 quarn
717 2021 740 2070 si
752 2020 804 2082 hio,
843 2023 873 2070 ut
889 2018 1022 2080 nonnulli,
1040 2019 1075 2070 ad
1091 2033 1118 2069 v.
1133 2021 1240 2081 pedem,
1265 2033 1371 2082 verum,

279 2097 325 2146 abi
350 2095 535 2146 tantummodo
558 2095 592 2144 de
610 2095 722 2158 poeticis
739 2096 806 2158 sap-
843 2092 1073 2157 quemadmodum
1084 2107 1127 2142 vv.
1141 2093 1182 2143 30.
1195 2093 1237 2143 34.
1256 2109 1315 2146 non
1327 2097 1374 2146 mi

278 2171 349 2236 pirus
365 2169 506 2220 virtutibus
523 2171 589 2231 agit,
608 2169 727 2232 poetriae
745 2181 806 2218 4444-
843 2181 894 2218 nus
910 2167 945 2217 ad
962 2169 1134 2233 Sepphonem
1151 2171 1278 2232 spectant
1289 2185 1372 2235 quam
1387 2219 1394 2226 .

277 2257 322 2294 res
340 2245 473 2304 notasset,
497 2241 595 2304 quibus
612 2243 669 2292 eius
687 2243 805 2293 carmina
843 2241 878 2293 ad
893 2241 1033 2302 Alcaeum,
1048 2242 1087 2291 sic
1098 2241 1171 2305 qnod
1182 2241 1216 2292 ad
1229 2243 1313 2296 huius
1323 2245 1372 2296 loei

277 2331 329 2368 neo
353 2316 463 2368 meliora
480 2327 531 2366 neo
552 2315 644 2380 peiora
661 2313 739 2364 reddi
755 2328 806 2379 po-
842 2329 953 2366 sensum
972 2316 1127 2366 universum
1150 2317 1246 2366 attinet
1264 2321 1371 2370 444444444-

278 2394 373 2442 terant.
403 2390 479 2441 Idem
505 2389 578 2440 dicas
600 2388 662 2438 licet
686 2387 720 2438 de
738 2390 805 2440 Tur-
842 2403 896 2454 que
907 2393 1014 2454 poetam
1023 2389 1101 2440 simul
1110 2389 1257 2458 signifieat.¹
1269 2393 1311 2442 Cl.
1322 2395 1369 2444 Od.

277 2465 340 2516 nebi
352 2465 582 2528 interpretatione:
600 2463 757 2513 «3444444444
767 2463 806 2514 io·
842 2465 872 2525 4,
886 2465 931 2524 43,
943 2463 977 2514 st
987 2477 1046 2528 sqq.
1066 2463 1114 2514 0d.
1128 2464 1156 2524 3,
1170 2463 1215 2524 30,
1233 2465 1266 2515 43
1277 2479 1322 2530 eq.
1342 2495 1368 2504 -

277 2538 381 2602 telligit,
408 2551 478 2602 quae
503 2540 558 2588 tam
582 2537 676 2588 audaci
694 2540 722 2588 et
737 2537 805 2588 virili
841 2536 1074 2602 Latiam-fidicen]
1105 2540 1205 2602 «poeta
1233 2537 1369 2602 lyricus„

239 2621 244 2631 “
276 2615 366 2665 animo
383 2612 476 2674 444444,
497 2615 527 2662 44
544 2612 578 2662 de
591 2612 713 2663 Leucade
729 2615 804 2676 petra
841 2617 873 2663 ut
887 2613 935 2664 0d.
949 2612 975 2671 l,
989 2611 1013 2673 3,
1026 2611 1071 2662 434
1090 2613 1218 2663 amissae
1226 2614 1371 2677 444444444-
1450 2648 1451 2669 ,

275 2689 449 2754 praecipitem
467 2687 532 2737 dare
550 2699 580 2738 se
592 2700 657 2737 ausa
669 2688 709 2738 sit.
737 2688 802 2738 stat.
839 2701 894 2739 rue.
921 2685 1024 2738 Falsam
1040 2685 1102 2738 leet.
1120 2687 1217 2737 0444444
1237 2686 1305 2739 olim
1322 2703 1370 2740 ex-

275 2761 337 2812 Sllv.
351 2764 376 2823 44,
389 2761 414 2824 3,
427 2761 489 2812 stt:
508 2761 805 2824 estnequsinpresrooi·
840 2759 975 2824 plicabant
995 2759 1056 2811 vel:
1087 2761 1204 2811 «totenes
1230 2763 1316 2813 4444444
1340 2777 1370 2814 oe
1449 2774 1450 2787 ¹

274 2835 804 2900 rtlerossonnirtatotsmeroriotee·
839 2833 1369 2896 este,·vst:«aomsnts,inaomn-
1448 2870 1449 2905 ,

275 2913 337 2962 rods
360 2911 488 2972 Sappho.»
508 2935 536 2946 -
553 2909 671 2970 44444444]
694 2909 734 2959 Cl.
753 2907 800 2960 0d.
840 2921 916 2958 nos.»
936 2931 964 2944 ·-
986 2908 1098 2972 l'olpooi]
1122 2909 1261 2973 :Sapphus
1278 2913 1309 2960 et
1324 2909 1370 2961 Al-

276 2987 304 3044 4,
322 2984 369 3042 34,
388 2984 403 3033 s
422 2995 482 3045 sqq.
839 2983 898 3033 saei
914 2995 999 3045 genus
1015 2982 1141 3034 omnibus
1161 2984 1214 3033 iam
1231 2986 1303 3034 meis
1318 2999 1369 3049 po-

308 3057 349 3106 30.
362 3056 403 3105 34.
426 3056 478 3106 Ν44
493 3069 607 3106 eorm
624 3055 685 3119 cet]
704 3057 803 3107 Errem-
839 3055 977 3122 polarihus
1000 3061 1094 3107 notum
1118 3056 1250 3107 reddidi.»
1270 3083 1300 3095 -
1318 3061 1369 3110 444-
1446 3074 1447 3143 p

274 3130 319 3197 plo
336 3129 477 3180 manifesto
495 3131 575 3193 atque
593 3129 702 3180 indubio
718 3131 756 3193 (ut
766 3133 803 3181 ait
838 3131 987 3196 4444444444]
1006 3143 1037 3180 «a
1054 3128 1127 3180 nullo
1144 3143 1176 3180 ex
1189 3131 1288 3182 latinis
1305 3137 1368 3183 44444

275 3203 457 3266 Quintilianus)
470 3205 646 3265 demonstrat,
665 3205 801 3267 quomodo
839 3217 884 3255 me
893 3205 989 3254 diota.»
998 3207 1091 3255 Poma.
1104 3206 1368 3268 -444444444441444444-

274 3279 381 3344 sappho
404 3281 432 3329 et
452 3277 563 3330 Alcaeus
586 3275 637 3328 alia
653 3280 734 3340 atque
752 3281 802 3329 Ar·
838 3292 920 3343 quam
937 3282 1041 3343 gratum
1057 3278 1159 3329 donum
1175 3291 1192 3328 a
1208 3291 1254 3329 me
1267 3280 1368 3332 latinis

274 3353 411 3404 ehiloolrus
428 3354 585 3417 argumenta
602 3353 749 3402 4444444444.
772 3379 799 3390 -
838 3352 986 3404 oblatum.»
1007 3379 1034 3390 .-
1059 3351 1184 3416 Imperatr]
1211 3356 1366 3416 «generosis

274 3429 381 3494 44444444]
392 3425 599 3480 «4444440444444
609 3425 707 3488 deligit,
718 3439 800 3489 quem
838 3428 867 3476 et
882 3426 1001 3478 candidis
1018 3425 1176 3486 lectoribus,
1186 3446 1200 3470 ι
1217 3425 1316 3489 quales
1332 3427 1366 3478 illi

275 3501 356 3553 veluti
376 3503 431 3554 luto
453 3501 595 3567 inquinans
612 3500 723 3551 infamet
738 3514 801 3550 ver-
837 3503 928 3563 erant,
953 3513 1021 3564 quos
1040 3502 1181 3550 enumerat
1201 3501 1257 3551 Sat.
1276 3505 1306 3564 4,
1325 3504 1364 3563 40,

274 3575 349 3628 sibus
361 3579 511 3642 pemietem
523 3577 547 3627 44
558 3573 758 3626 afferentibus.»
770 3601 798 3611 -
837 3575 927 3627 444-37.
957 3576 1078 3638 lnam,
1102 3575 1152 3625 nisi
1169 3573 1258 3635 444οο4,
1277 3589 1365 3642 oppo-

273 3652 347 3713 utris]
364 3653 521 3702 evenenosis
538 3663 570 3701 ao
581 3649 758 3710 mortiferis,»
771 3649 802 3698 ut
837 3653 938 3700 nuntur
954 3649 1034 3699 etiam
1045 3649 1178 3709 4404444444,
1197 3661 1253 3712 quo
1270 3663 1306 3700 ex
1316 3664 1364 3715 ge·

273 3727 347 3772 444444
361 3725 464 3786 44444444
480 3723 528 3774 od.
546 3723 577 3783 3,
593 3723 618 3786 l,
638 3725 678 3774 ti.
708 3725 800 3788 Ipsum
837 3737 903 3774 nere
930 3722 1052 3788 plerique
1078 3724 1156 3773 erant
1181 3726 1362 3786 grammatici,

273 3807 409 3848 venenum
427 3797 522 3847 dieitur
538 3803 624 3848 44444444
640 3797 687 3848 Od.
706 3799 737 3859 4,
756 3797 798 3857 34,
837 3799 937 3850 4444444444
945 3797 1147 3848 obtrectatores.
1160 3797 1292 3848 Cetemm
1300 3801 1364 3850 ror-

273 3868 314 3916 ti.
342 3868 526 3933 crispose,
546 3871 591 3920 ts:
616 3873 638 3920 44
662 3873 718 3932 petr
741 3876 800 3921 atro
836 3874 966 3937 phyrion:
984 3871 1112 3922 moeret
1127 3871 1365 3924 adnrchiloehum

273 3942 344 3992 4444444
358 3955 398 3992 444
411 3943 535 4004 4444444444.
552 3969 579 3980 -
598 3945 710 4008 44444444]
728 3947 799 3995 Neo—
835 3947 951 3998 refertur
970 3946 1053 3998 mults
1073 3946 1210 3997 obseoena
1227 3946 1365 3997 4444444444

274 4013 362 4066 bulas.
390 4043 406 4054 ··
423 4019 521 4080 fornum
540 4019 660 4084 remise]
679 4018 798 4070 «lamam
835 4019 878 4070 vel
896 4019 931 4070 ad
948 4018 1089 4081 lucilium,
1112 4020 1159 4083 qui
1175 4033 1265 4084 aeque
1282 4019 1364 4070 44444444

274 4091 331 4140 eius
348 4089 497 4141 laedente·
530 4093 572 4141 stc
593 4093 701 4144 Sueten.
719 4093 796 4144 Caes.
835 4092 933 4158 punice
945 4094 1027 4157 (44444
1037 4091 1239 4157 Dillenburger:
1260 4095 1362 4157 444444)

273 4163 320 4214 73:
348 4165 449 4226 sunmro
474 4165 660 4228 epigrammata
685 4165 794 4228 (Calvi).
835 4179 933 4231 spurca
950 4167 1128 4231 composuit.»

1439 3756 1441 3851 l

273 4237 363 4288 Ootav.
379 4239 425 4288 st:
444 4237 534 4300 sarneii
550 4237 632 4290 4404444.
867 4240 957 4292 eoae.
977 4241 1047 4292 84444
1062 4239 1126 4305 est]
1145 4241 1283 4292 4344444444
1293 4243 1363 4293 seire
