2925 4892
261 338 322 404 444
620 340 750 392 nonum
778 341 1000 395 arrsromumr

305 496 428 577 Quodsi
452 517 505 564 me
527 497 620 566 uoles
643 519 783 587 usquam
805 497 992 574 discedere,
1018 496 1139 564 reddes
1313 500 1353 563 25

307 620 402 686 Forte
423 617 522 698 latus,
547 621 657 707 nigros
679 629 815 706 augusta
837 618 941 686 lroute
967 617 1117 706 capillos,

306 738 435 806 Reddes
457 738 553 806 dulce
575 739 680 828 loqui,
705 738 825 806 reddes
846 739 956 806 ridere
978 738 1189 806 decorumst

305 861 391 927 Inter
412 859 486 928 vina
507 861 615 949 lugam
637 861 773 928 Cinarae
795 880 942 927 maerere
963 869 1145 948 protervae.

227 1023 236 1034 -
307 983 401 1049 Forte
424 1003 483 1070 per
506 991 673 1069 angustam
695 981 802 1049 tenuis
823 981 995 1070 volpecula
1016 983 1131 1048 rimam

328 1151 371 1202 45.
388 1151 465 1202 4444444
481 1151 549 1212 E,C.
564 1179 592 1188 -
610 1163 774 1216 cruqucrnp.
789 1151 1323 1217 -mootpmoubsudepcumoetens

297 1225 383 1276 Libris
400 1226 482 1286 notis,
502 1223 627 1277 omuibus
639 1226 719 1276 etiam
731 1226 860 1285 Pottierii,
878 1226 945 1278 item
955 1227 1045 1278 tcto:
1062 1227 1176 1278 44444444
1185 1226 1322 1280 Boudeion

263 1373 364 1436 tepoui
376 1374 490 1437 possunt
501 1373 562 1436 (Sat.
577 1376 587 1424 4
601 1413 606 1435 ,
620 1376 650 1435 4,
669 1373 714 1424 84;
732 1387 791 1423 man
827 1378 922 1430 parem
939 1379 984 1417 me
1001 1379 1054 1416 non
1077 1367 1130 1418 lam
1148 1379 1210 1418 0⁸⁸0
1233 1369 1291 1418 tute
1314 1369 1356 1419 vi-

263 1453 292 1498 444
308 1451 414 1511 aram
427 1453 484 1509 posi
501 1447 587 1497 mnia
600 1461 689 1510 ponas,
710 1450 740 1509 l,
759 1449 788 1508 6,
828 1441 887 1491 des.
921 1439 1025 1504 Alioqui
1048 1441 1161 1502 reddes,
1188 1442 1212 1493 si
1236 1445 1355 1508 poteris·

263 1521 311 1572 aa:
329 1521 716 1584 circumduceremus&
730 1535 789 1584 quo,
828 1518 880 1566 cet.
905 1543 933 1552 -
954 1516 1070 1580 mquam]
1097 1517 1139 1567 «iu
1163 1530 1356 1582 quemcunque

263 1596 339 1658 bone,
358 1595 791 1660 circa.)ve1iuvv.quae-cunqu0
827 1590 917 1641 locum
934 1593 1010 1640 extra
1026 1590 1152 1644 Urbem.»
1172 1593 1295 1642 -Forte
1313 1594 1357 1643 lc·

265 1669 321 1733 404.
344 1672 374 1732 4,
401 1671 448 1732 st,
473 1669 535 1733 44.),
562 1671 791 1732 quondo-mosque
828 1666 879 1730 4444]
907 1665 988 1716 «lotus
1006 1665 1354 1729 potiensloboristouiuiil.

264 1745 326 1806 (Sat.
345 1746 372 1804 4,
392 1744 420 1805 9,
445 1743 506 1806 33),
533 1758 691 1807 quo-cunque
714 1746 789 1810 (Epp.
829 1742 952 1789 Prooem.
968 1739 1046 1802 44)»,
1065 1739 1138 1803 quod
1154 1740 1302 1802 requiritur
1320 1741 1357 1792 ad

264 1820 292 1880 4,
312 1821 339 1880 4,
359 1821 420 1881 444),
439 1820 658 1880 quodum-tenos
676 1820 750 1884 (Epp.
765 1821 789 1880 4,
829 1813 905 1866 Urbis
922 1812 1024 1878 plateas
1041 1815 1250 1878 percurrendos,
1273 1814 1358 1868 colles

263 1895 288 1954 4,
302 1893 363 1956 34).
394 1895 521 1945 Ceterum
539 1894 572 1945 44
585 1893 694 1945 44444444
707 1894 734 1942 44
744 1906 790 1943 vv.
829 1889 887 1938 eius
921 1887 1106 1940 ascendendos
1140 1891 1192 1940 444.
1225 1889 1355 1953 (storbo,

262 1981 303 2018 444
325 1969 402 2018 etium
424 1969 471 2020 cir.
491 1969 616 2020 Haasium
634 1969 668 2020 ad
687 1967 791 2030 Reisiqii
828 1962 958 2024 petunda
974 1963 1087 2026 444444.)
1099 1980 1128 2000 -·
1141 1963 1259 2028 maudo]
1272 1965 1358 2015 Frons

263 2042 321 2092 Lat.
334 2043 465 2105 sprauto.
479 2056 506 2107 p.
520 2043 577 2092 444.
598 2044 706 2103 «Proui,
722 2055 791 2105 quae
828 2038 909 2088 4444444
921 2037 977 2100 (Od.
990 2038 1015 2098 4,
1024 2038 1065 2099 33,
1078 2038 1124 2101 4.),
1142 2038 1223 2088 brevis
1233 2039 1355 2102 (44444441.

262 2113 398 2176 laudetur,
434 2131 484 2181 per
515 2130 545 2168 44
577 2116 721 2168 liberalitas
746 2119 792 2166 tua
830 2111 860 2172 4,
879 2111 995 2175 4Ξ,9.),
1021 2126 1070 2176 pro
1095 2112 1207 2177 pulchra
1231 2113 1358 2165 babeba-

264 2191 343 2254 digua
365 2195 419 2254 444,
445 2193 481 2242 444
507 2193 602 2252 etiam,
630 2204 664 2242 us
689 2192 715 2241 in
739 2205 792 2242 uon
830 2191 881 2238 tur.
910 2189 1032 2252 Optimus
1048 2189 1181 2252 interpres
1192 2192 1234 2240 est
1244 2191 1355 2242 Luciau.

264 2268 416 2318 merentem
443 2265 537 2318 collata
566 2265 703 2326 videatur,
733 2267 793 2316 444-
829 2263 920 2312 Amor.
933 2260 980 2312 4οι
1006 2262 1040 2311 αἱ
1059 2264 1146 2333 μέχρι
1161 2262 1219 2313 τῶν
1234 2257 1358 2335 ὀφρύων

265 2341 360 2391 ciem.»
389 2343 482 2392 Zuncu.
513 2341 625 2391 Huthius
641 2340 713 2404 apud
736 2341 792 2391 0b-
830 2333 1054 2402 dmsclxoopivci
1078 2335 1171 2402 κόμαι
1193 2337 1291 2410 βραχὺ
1317 2337 1357 2407 τῷ

265 2415 385 2464 barium:
416 2417 550 2478 «Dignum
575 2414 720 2480 praestabo
748 2429 792 2466 me
828 2407 952 2477 μετώπῳ
976 2407 1011 2462 τὸ
1035 2414 1209 2478 pezcinmos
1235 2410 1356 2477 ἀφιᾶσι.

266 2490 360 2550 edam,
390 2491 620 2554 quemadmodum
648 2491 792 2540 cousenta-
830 2485 1355 2540 4144.Ἦί44444444444444.4444.4.4444.

265 2575 349 2614 neum
365 2565 408 2614 444
424 2563 494 2614 44444
512 2567 589 2626 tuas,
609 2577 661 2628 qua
673 2577 717 2614 444
730 2577 793 2614 cen·
829 2563 902 2612 Tunc
919 2564 1024 2623 autem,
1039 2576 1187 2625 praecem
1202 2577 1266 2614 cum
1282 2567 1359 2615 esset

266 2653 311 2692 444
328 2639 459 2690 44444444
477 2643 521 2691 444
536 2642 698 2700 meruissep
717 2642 752 2690 ita
763 2643 792 2690 44
829 2637 903 2700 [Epp.
918 2639 1004 2697 4,40,
1022 2637 1073 2699 at.)
1092 2651 1145 2688 uec
1155 2639 1210 2689 iam
1220 2640 1275 2688 tam
1286 2638 1358 2689 deu-

261 2729 312 2780 pro
329 2716 404 2765 444444
420 2716 455 2766 444
472 2717 542 2766 «dau
558 2716 662 2779 Beisulle
678 2717 719 2766 444
742 2717 792 2766 (44-
828 2725 904 2770 sum,
928 2714 958 2762 ut
974 2710 1049 2773 olim,
1072 2712 1289 2777 capillamentum
1306 2713 1357 2764 ba·

265 2791 358 2842 444444
377 2795 503 2854 qaudam»
526 2804 607 2855 quam
632 2792 792 2855 interpreta—
827 2785 920 2847 beret,
939 2785 1209 2838 lrouedilutataerat.
1229 2788 1359 2851 amusos

149 2919 154 2930 ,
265 2866 366 2916 tionem
383 2864 524 2914 admittere
537 2865 790 2929 equidemuequeu,
829 2861 907 2911 lrouti
924 2863 1067 2926 opponitur
1077 2863 1139 2912 4444.
1169 2861 1234 2914 Pliu.
1247 2865 1317 2928 Epp.
1330 2863 1355 2925 3,

266 2941 328 3003 quia
349 2952 397 3001 pro
418 2939 493 2988 444444
514 2939 720 3003 44444444444
741 2952 791 3003 ap-
829 2937 908 2997 M:
933 2937 1034 2986 rurist
1055 2939 1167 2988 44444444
1181 2938 1282 3000 capilli,
1301 2939 1359 2988 luta

265 3011 375 3077 plausu»
393 3011 543 3075 significare
560 3025 613 3062 nou
630 3014 731 3076 potest,
751 3015 792 3062 44-
827 3013 907 3076 [roris.
928 3013 1045 3062 —dulce
1060 3013 1137 3078 loque]
1160 3026 1223 3064 cam
1243 3012 1355 3078 puellis,

267 3099 320 3150 que
338 3088 393 3136 tota
409 3087 541 3138 sententia
559 3101 608 3150 par
625 3099 654 3138 se
675 3087 791 3150 44434444-
829 3099 943 3150 quarum
961 3100 994 3137 ex
1010 3101 1124 3138 numero
1141 3088 1208 3138 bonu
1224 3087 1267 3138 illa
1280 3089 1358 3140 cius·

267 3163 336 3213 sima
347 3162 460 3212 videtur.
492 3161 791 3227 (Dbntuerushaecpro
829 3176 859 3212 ra
877 3161 976 3226 (04.4,
995 3164 1023 3220 4,
1042 3163 1057 3212 3
1074 3163 1127 3226 sq.)
1145 3165 1197 3214 ioci
1212 3177 1296 3214 causa
1307 3163 1356 3215 ali·

266 3237 316 3287 viri
332 3237 396 3287 boni
414 3241 442 3287 44
457 3238 584 3301 sapientis
596 3236 687 3288 verbis
698 3237 790 3300 44444,
829 3237 937 3300 quaudo
954 3238 1024 3287 iuter
1037 3237 1185 3302 potandum
1195 3237 1285 3289 subita
1294 3238 1357 3302 luga

266 3312 318 3362 444
342 3313 488 3362 sententia:
516 3314 588 3363 «Non
614 3310 702 3364 solum
727 3327 791 3364 vera
829 3312 906 3377 capta
923 3325 987 3362 eum
1004 3311 1169 3362 deseruerat.
1186 3339 1212 3350 -
1226 3314 1277 3363 vv.
1290 3314 1359 3364 ister

265 3387 396 3439 beneficia
422 3387 448 3438 iu
476 3388 614 3438 homiuem
641 3391 791 3438 merentem
826 3389 888 3437 oisc
903 3385 949 3436 ubi
967 3387 1099 3449 langueat
1116 3399 1178 3437 cum
1190 3401 1216 3437 v.
1228 3388 1358 3452 reponet

267 3463 417 3524 couleram,
436 3462 484 3515 sed
497 3464 576 3513 444444
587 3475 632 3524 44,
651 3475 720 3526 quae
733 3465 790 3515 eius
827 3479 853 3513 v.
865 3475 991 3522 44444444,
1014 3464 1068 3512 tota
1080 3475 1162 3514 scena
1174 3463 1203 3513 44
1214 3465 1300 3527 magis
1312 3477 1357 3514 co-

265 3539 362 3589 virtuta
380 3541 407 3588 et
423 3539 525 3588 meritis
542 3537 619 3601 digua
636 3538 732 3601 4444»)
828 3539 906 3590 mica.
943 3538 1011 3588 Cum
1034 3538 1144 3588 minime
1166 3540 1355 3604 exspectabat,

299 3613 388 3664 att-aa.
408 3615 549 3676 0444444444
561 3613 623 3678 444]
643 3613 710 3663 4844
726 3627 792 3677 quo-
827 3613 927 3665 1444444
947 3611 1036 3677 puella
1057 3627 1120 3664 4444
1141 3618 1254 3678 repente
1271 3615 1357 3666 desti·

267 3688 347 3746 niam‚
366 3688 501 3750 quomodo
512 3703 576 3739 vera
590 3689 721 3740 beneficia
739 3691 791 3739 im·
827 3689 889 3750 tuit,
902 3701 918 3738 a
929 3699 1023 3739 meuse
1033 3686 1185 3750 aufugiens,
1199 3687 1272 3739 uude
1284 3703 1358 3740 ama·

267 3761 405 3824 partienda
423 3763 489 3824 sint,
507 3762 618 3827 pulchre
636 3765 720 3825 nosti,
739 3765 791 3815 boc
827 3765 892 3814 toris
910 3775 1025 3813 maeror.
1037 3789 1065 3798 -
1074 3763 1219 3828 4444444444]
1238 3765 1358 3829 liespou·

268 3846 375 3897 quoque
393 3838 491 3900 cogita,
510 3851 626 3900 quaeso,
646 3839 709 3889 mihi
726 3853 792 3904 pro-
828 3840 874 3889 det
891 3841 934 3888 Gr.
952 3834 1090 3908 λαμυρός.
1120 3837 1295 3902 Asclepiades
1306 3841 1359 3889 Au-

266 3909 327 3972 pter
338 3911 466 3969 aetatem,
481 3924 561 3974 quam
574 3913 658 3976 attigi,
673 3926 724 3964 uon
737 3915 791 3964 iam
828 3912 892 3963 4444.
913 3911 996 3963 Palat.
1012 3913 1032 3962 1.
1051 3925 1079 3976 p.
1099 3912 1160 3961 ⁴28:
1183 3905 1221 3962 Ἦ
1239 3909 1356 3982 λαμυρή

267 3995 426 4033 concessum
439 3997 515 4046 4444,
534 3989 563 4035 ut
579 3999 688 4052 semper
700 3991 791 4039 tecum
827 3990 858 4053 μ’
881 3981 990 4060 ἔτρωσε
1012 3985 1166 4038 udaium.
1198 3987 1238 4039 Ct.
1256 3988 1307 4039 0d.
1326 3989 1355 4049 4,

267 4057 366 4108 itomee
383 4056 494 4121 degam;
513 4071 563 4109 nec
581 4075 645 4110 vero
663 4061 724 4113 iliud
744 4063 790 4112 tibi
830 4065 873 4123 44,
893 4062 922 4113 7:
940 4063 1189 4128 praenotemus.

267 4133 434 4197 propositum
455 4147 573 4197 unquam
596 4149 656 4186 esse
679 4138 789 4201 poterit,
861 4137 951 4189 49-33.
979 4139 1049 4188 «lam
1071 4151 1136 4188 vero
1153 4140 1281 4202 quoniam
1298 4138 1357 4189 tieri

268 4209 296 4258 ut
321 4209 384 4260 mihi
410 4208 496 4297 cilicia
525 4209 660 4273 imponas,
693 4213 791 4275 quibus
828 4214 935 4277 nequit,
969 4216 999 4263 ut
1029 4213 1155 4277 pristinae
1186 4213 1259 4264 vires
1290 4215 1356 4264 mibi
