2925 4892
269 339 332 405 730
755 335 883 386 uonaru

270 497 349 570 πρῶυ
366 496 645 564 συγκεκαττυμένος,
663 493 713 544 καὶ
730 488 749 558 ἡ
767 487 856 555 ἀσπὶς
873 492 1003 556 οἰσυὶνη,
1022 491 1072 541 καὶ
1088 491 1205 560 χοιρίνη
1222 489 1287 558 περὶ
1301 493 1370 550 ταῖς

269 579 403 647 κνήμαις.
421 575 508 642 Ἴδοις
524 574 580 648 γὰρ
596 573 634 628 ἂν
651 572 804 639 ἀφθόνους
822 571 972 638 τοιούτους
983 576 1168 644 συγγραφέας
1179 571 1234 624 τοῦ
1249 568 1369 623 Ῥοδίου

269 661 417 716 κολοσσοῦ
442 659 496 728 τὴν
521 657 654 726 κεφαλὴν
678 657 815 711 ναννώδει
837 657 951 724 σώματι
971 657 1164 720 ἐπιτιθέντας·
1192 650 1304 718 ἄλλους
1329 649 1371 706 αὖ

267 741 392 814 ἔμπαλιν
416 741 552 808 ἀκέφαλα
574 741 609 795 τὰ
628 741 752 808 σώματα
768 727 939 808 εἰσάγοντας
955 740 1031 792 κτλ.»
1051 743 1131 792 Hau.
1166 742 1217 792 Vix
1234 741 1370 804 equidem

269 832 403 892 adducor,
420 833 451 880 ut
467 829 578 882 credam
596 829 621 878 in
640 829 681 878 bia
699 829 798 878 Horatii
816 827 989 876 imitationem
1007 827 1152 884 cortinam
1179 825 1228 874 sed
1247 827 1370 888 uterque

270 920 316 967 eut
341 914 446 965 lortuito
470 915 498 962 in
516 912 610 963 similia
628 909 753 962 incidisse
772 913 818 961 aut
835 911 905 960 idem
924 911 1055 959 Graccum
1072 907 1210 970 exemplar
1226 909 1371 972 antiquius

270 999 379 1050 secutos
404 1010 465 1047 esse
488 997 553 1046 mibi
576 995 694 1053 videtum
722 994 836 1044 fortasse
855 992 991 1043 Platonem
1009 993 1034 1042 in
1052 992 1173 1042 Phaedro
1197 1005 1222 1056 p.
1245 991 1307 1042 set.
1330 993 1368 1040 C:

271 1080 343 1133 Τόδε
368 1095 399 1146 γε
424 1075 507 1144 οἶμαι
528 1093 562 1128 σε
587 1075 679 1139 φάναι
696 1071 750 1137 ἄν,
778 1074 837 1126 δεῖν
855 1073 949 1126 πάντα
967 1072 1053 1142 λόγον
1069 1067 1168 1144 ὥσπερ
1184 1073 1259 1138 ζῶον
1276 1089 1371 1126 συνε-

269 1162 374 1216 στάναι
394 1161 480 1228 σῶμα
504 1177 531 1212 τι
551 1156 658 1221 ἔχοντα
680 1154 771 1212 αὐτὸν
792 1155 898 1220 αὑτοῦ,
923 1151 998 1210 ὥστε
1019 1158 1094 1224 μήτε
1115 1153 1268 1219 ἀκέφαλον
1290 1155 1369 1210 εἶναι

270 1246 345 1315 μήτι
365 1243 474 1307 ἄπουν,
496 1239 569 1297 ἀλλὰ
591 1247 669 1311 μέσα
686 1259 717 1294 τε
732 1239 811 1305 ἔχειν
828 1245 878 1294 καὶ
894 1237 984 1314 ἄκρα,
1008 1243 1140 1314 πρέποντ’
1158 1237 1298 1306 ἀλλήλοις
1317 1246 1370 1294 zoi

272 1329 311 1398 τῷ
328 1325 387 1398 ὅλῳ
403 1330 596 1400 γεγραμμένα.

747 1489 885 1500 ...-.-..-

596 1641 966 1702 EXGURSU!
997 1647 1042 1701 ΙΙ.

672 1780 751 1825 ani.
771 1779 798 1826 P.
819 1789 844 1824 v.
864 1777 892 1826 st
913 1789 954 1839 sq.

336 1885 416 1943 coepti
426 1880 531 1944 institui]
543 1881 626 1930 Docte
638 1877 672 1928 de
685 1879 736 1928 bac
749 1879 946 1928 constructione
960 1879 1012 1941 egit
1022 1878 1196 1942 Nipperdaius
1209 1879 1233 1927 in
1248 1879 1366 1939 Qunam.

272 1965 374 2015 caesor.
392 1977 420 2028 p.
434 1963 474 2012 49.
493 1963 534 2013 bia
551 1961 658 2012 verbis:

337 2047 383 2097 nc.
397 2047 462 2105 tat
484 2043 554 2108 feeit.
573 2045 638 2106 Alr.)
656 2043 768 2108 legimus
782 2045 867 2106 pulvis
883 2045 971 2108 inpane
986 2045 1094 2106 conspici
1110 2050 1210 2106 coeptus
1227 2051 1263 2094 eat
1280 2047 1309 2093 ct
1322 2045 1365 2098 82.
1452 2087 1453 2106 p

269 2130 361 2178 iciam
381 2131 446 2178 ἰδοτα
467 2127 617 2190 captoribus
639 2129 807 2178 animadverti
827 2132 940 2190 coeptum
960 2133 1038 2177 earet:
1064 2130 1144 2191 atquc
1162 2127 1197 2176 ita
1216 2129 1320 2177 Caesar
1340 2133 1368 2178 et

269 2211 367 2261 Hirtius
384 2223 493 2275 semper
510 2210 648 2271 dixerunt,
672 2211 765 2261 Cicero
784 2223 890 2275 quoque
909 2211 1017 2275 praeter
1034 2223 1117 2260 unum
1134 2209 1225 2260 locum
1241 2211 1323 2261 l'usc.
1341 2213 1364 2266 4,

271 2293 317 2353 43,
335 2294 367 2343 29
383 2293 426 2342 aad
441 2295 485 2354 qni
501 2294 611 2342 αοιιδαια
628 2306 671 2352 ια,
690 2308 756 2356 quoa
771 2295 855 2344 multia
863 2300 920 2356 post
930 2295 1004 2344 αααὶι
1015 2295 1121 2344 troctoia'
1133 2295 1279 2355 coepissent,
1295 2295 1366 2356 plap-

268 2378 322 2427 aicc
346 2376 499 2438 didicisasnt,
526 2375 560 2425 de
581 2389 634 2440 quo
658 2359 835 2428 dubitandum
851 2375 971 2438 videtur,
1001 2379 1050 2428 etsi
1067 2377 1159 2441 optimi
1177 2377 1278 2428 codicis
1296 2379 1365 2440 regii

268 2465 380 2511 tractore
406 2460 468 2510 lerri
492 2461 610 2523 nequit.»
636 2460 777 2523 (scribitur
800 2475 871 2512 nunc
891 2461 925 2512 de
943 2461 1064 2524 Madvigii
1082 2463 1234 2512 coniectura
1252 2463 1365 2512 tractari
1451 2475 1452 2486 ¹

269 2549 358 2607 coepto
373 2544 451 2607 nait.)
487 2544 555 2594 «sed
571 2544 641 2593 banc
657 2544 772 2595 termam
789 2545 921 2596 habemus
939 2545 982 2595 bic
1000 2542 1071 2608 (Bell.
1084 2544 1148 2606 llic.)
1166 2545 1237 2604 im
1254 2559 1313 2594 mon
1332 2547 1364 2595 αδ

270 2628 424 2678 adimitis
439 2627 536 2689 lapidea
549 2627 616 2676 mitti
632 2629 765 2689 coepissent
782 2631 810 2677 et
820 2629 866 2690 82,
880 2627 896 2678 4
913 2629 987 2691 aipno
1002 2629 1029 2677 in
1042 2629 1135 2678 bostem
1146 2640 1249 2690 coepere
1259 2629 1360 2692 ιἰιῖοτή,

270 2714 351 2775 atque
376 2713 411 2760 ita
437 2711 603 2775 scripserunt
628 2711 712 2760 Varro
737 2710 771 2762 de
795 2724 824 2760 ra
842 2712 908 2761 rust.
927 2711 957 2772 3,
977 2711 1021 2773 49,
1042 2713 1081 2761 ti.
1109 2709 1204 2762 salust.
1224 2709 1298 2762 Catil.
1319 2713 1359 2762 ta.

270 2795 326 2858 lug.
342 2793 384 2844 et.
397 2793 442 2854 96,
469 2795 557 2844 livius
575 2796 603 2842 et
619 2793 758 2844 interiores
775 2805 865 2857 saepe.
899 2795 997 2845 Contra
1014 2797 1178 2859 antiquiores
1196 2797 1359 2851 constanter.
1451 2795 1452 2810 ¹

271 2875 345 2939 quod
361 2878 458 2938 sciam,
477 2877 602 2928 dixerunt
618 2879 698 2940 coepit
711 2879 779 2942 lteri,
804 2890 867 2928 cum
884 2879 936 2929 boc
953 2879 1037 2929 verbo
1056 2893 1109 2930 non
1126 2882 1156 2929 ut
1173 2881 1293 2945 passivo,
1311 2879 1360 2930 sed

270 2960 300 3007 ut
317 2957 463 3022 deponenti
480 2961 636 3010 uterentur:
660 2962 704 3011 bic
721 2962 818 3012 eadem
836 2963 984 3013 constantia
1002 2964 1108 3027 ponitur
1124 2969 1238 3026 coeptum
1254 2968 1290 3013 eat
1304 2964 1361 3026 μή

271 3041 370 3172 (3649’233
389 3041 433 3172 732,
456 3040 499 3186 4)),
526 3043 599 3105 quod
625 3045 697 3094 livio
723 3043 850 3095 familiare
874 3048 917 3096 eet
934 3045 990 3108 (ii,
1009 3045 1049 3097 lt.
1069 3045 1109 3096 49.
1128 3047 1174 3106 25,
1193 3046 1233 3097 34.
1251 3047 1297 3106 il,
1315 3045 1356 3096 ts.

309 3159 316 3182 ‚
369 3159 375 3172 .
431 3124 526 3183 ,idm

743 3271 884 3282 —.-—

585 3412 949 3471 EXCURSU!
983 3417 1044 3471 ΙΙΙ.

656 3545 736 3592 init.
756 3545 784 3593 P.
803 3555 845 3592 vv.
865 3543 971 3594 43-46.

339 3641 396 3690 Dici
412 3643 455 3690 vix
473 3645 576 3706 potest,
596 3646 662 3706 quot
678 3645 822 3707 quantique
840 3657 946 3696 errores
962 3647 987 3695 in
1000 3646 1040 3696 lais
1053 3645 1176 3698 versibus
1187 3644 1349 3712 explanandis

275 3725 303 3771 et
318 3723 511 3774 constituendis
529 3722 563 3773 ab
581 3725 772 3789 interpretibus
784 3728 920 3778 commissi
938 3729 997 3779 sint.
1028 3730 1185 3781 Memorabo
1202 3732 1348 3796 praecipuos
1450 3747 1451 3776 3

276 3804 421 3856 dumtaxat.
451 3807 516 3857 Sunt
533 3808 699 3868 etiamnunc,
719 3810 763 3872 qui
782 3813 820 3862 sic
838 3810 1014 3874 distinguant:
1450 3815 1451 3822 ’

472 3891 502 3939 lli
518 3890 571 3940 iam
586 3905 653 3942 nunc
670 3893 750 3954 oica,
769 3893 822 3942 ioan
839 3907 905 3944 natac
922 3893 1034 3946 motin
1050 3897 1100 3946 dici

471 3973 592 4036 Pleraque
608 3975 708 4038 differ&
728 3977 795 4034 cct.;

276 4055 412 4121 tripliciter
427 4059 518 4107 autem
535 4061 687 4122 exponunt:
716 4059 739 4118 4)
758 4061 804 4112 «ut
821 4071 892 4110 nunc
910 4061 997 4123 ipsum
1014 4061 1102 4122 dicat,
1121 4075 1191 4126 quae
1208 4059 1347 4114 αοοιοειτίο

276 4139 329 4190 dici
346 4139 458 4198 debent,
486 4138 567 4188 multa
590 4141 680 4191 umen
702 4153 789 4206 aeque
806 4141 932 4193 debentia
949 4142 1000 4194 dici
1018 4143 1123 4196 diflerat
1140 4147 1165 4197 in
1183 4145 1346 4211 praesentia.-
