2925 4892
532 380 589 431 crs.
610 382 627 431 1.
663 383 781 433 stru.
1156 386 1197 451 33

106 536 139 603 l't
160 534 335 623 quondam
359 536 538 613 Marsaeus,
565 548 689 603 amator
710 539 853 625 Originis
874 540 940 615 ille,
1154 546 1196 609 55

107 658 162 737 Qui
185 658 333 744 patrium
356 658 473 723 mimae
495 656 593 723 donat
614 657 814 748 fundumque
834 660 1015 750 laremque,

106 777 151 843 Nil
172 778 271 845 luerit
293 779 356 853 mi,
381 778 496 865 lnquit,
520 798 594 845 cum
616 778 772 847 uxoribus
793 803 938 870 unquam
958 783 1081 851 alienis.

108 901 222 966 l'emm
243 908 297 965 est
318 920 394 966 cum
414 898 537 975 mimica,
562 910 611 966 est
631 920 705 967 cum
727 903 968 981 meretricibus,
992 903 1078 970 unde

108 1024 201 1087 Fama
221 1018 347 1086 malum
370 1021 502 1107 gravius
524 1040 623 1107 quam
645 1042 699 1087 ras
720 1022 824 1089 trabit.
869 1028 917 1089 dn
938 1022 995 1090 tibi
1017 1024 1146 1093 abunde

106 1144 284 1209 Personam
305 1141 383 1207 satis
407 1151 471 1219 est,
496 1162 560 1207 non
582 1140 675 1221 illud,
699 1143 860 1231 quidquid
881 1144 1003 1231 ubique
1152 1150 1196 1213 60

107 1262 223 1337 Olficit,
249 1261 398 1328 evitare?
418 1263 541 1328 Bonam
562 1261 747 1349 deperdere
768 1263 901 1341 lamam,

105 1388 180 1451 llem
203 1382 307 1471 patris
334 1382 504 1459 oblimare,
527 1382 646 1449 malurn
667 1395 717 1451 est
737 1384 933 1474 ubicunque.
978 1389 1063 1467 Quid
1087 1391 1169 1459 inter
1182 1430 1198 1441 -

105 1506 157 1573 Est
176 1506 211 1571 in
234 1514 397 1584 matrona,
422 1503 536 1573 ancilla
557 1524 717 1591 peccesne
743 1508 874 1593 togata?

165 1723 209 1773 63.
228 1722 267 1787 tn]
285 1736 320 1770 aa
334 1735 351 1770 τ
363 1723 391 1771 et
407 1734 463 1771 var.
478 1720 539 1773 lect.
557 1720 582 1773 λ.
598 1748 625 1759 -
635 1736 752 1785 peccesne
771 1738 846 1783 ιφω,
863 1721 948 1773 Bentl.
962 1724 1034 1774 mss:
1049 1738 1166 1786 pecccare

133 1796 314 1860 obscenos?
332 1798 359 1846 et
379 1796 495 1845 Pottlerii
512 1808 606 1848 omnes
632 1801 741 1861 praeter
756 1809 840 1847 unum
857 1797 881 1846 9.
898 1797 1039 1860 (metrone,
1057 1800 1164 1860 metite,

129 1884 251 1933 peccem
267 1870 387 1921 distinxit
404 1868 558 1932 bonimius.)

106 2065 139 2115 ab
152 2067 184 2118 iis
199 2070 253 2126 est,
271 2066 319 2126 qui
334 2064 446 2116 alteram
458 2067 634 2117 constructio·
671 2068 731 2131 vigil
760 2067 976 2133 disputationem.
1020 2072 1125 2122 Etenim
1153 2070 1197 2123 alil

102 2154 161 2192 nem
177 2154 233 2191 non
245 2142 314 2191 satis
326 2139 466 2201 callerent,
485 2140 518 2191 de
533 2154 586 2205 qua
598 2140 631 2191 cl.
671 2154 720 2206 pro
746 2144 881 2206 praeteriti
906 2158 1026 2210 syncopa
1052 2144 1122 2197 male
1147 2146 1197 2197 hs-

100 2214 632 2277 sat.t‚t,49.-toceeamptectttureno]
672 2214 746 2266 bent.
768 2241 795 2252 -
813 2218 857 2267 Nil
876 2219 953 2280 fcerit
971 2220 1008 2268 mi
1028 2220 1090 2284 cet]
1111 2222 1197 2271 blani-

102 2291 165 2340 abnc
186 2288 248 2340 solo
273 2288 325 2339 sibi
344 2286 503 2339 blanditur.»
521 2292 582 2339 Aca.
604 2316 631 2327 -
671 2290 740 2340 testo
756 2291 869 2342 llarssel
884 2294 947 2342 sunt
962 2292 1059 2353 verba,
1078 2306 1131 2343 nou
1147 2294 1197 2343 Sa-

100 2366 148 2415 lios
158 2364 242 2427 canet]
256 2364 305 2413 Est
315 2364 404 2427 potius
413 2362 544 2415 ablativus
554 2376 634 2428 apro-
670 2363 752 2424 lustii,
772 2366 818 2428 qui
834 2367 874 2415 sic
890 2366 963 2416 idem
979 2366 1022 2416 bis
1039 2366 1149 2417 diceret.
1164 2392 1192 2404 -

101 2442 156 2502 pter
173 2440 229 2489 hoc
247 2451 281 2489 se
296 2440 383 2499 amat,
403 2436 545 2501 φίλαυτός
561 2438 631 2499 ἐστι,
673 2439 882 2503 Vettonestcetl
896 2442 969 2501 «st»,
988 2442 1135 2505 respondet
1144 2443 1197 2493 llo·

100 2516 209 2578 propter
227 2514 283 2563 hoc
300 2525 331 2563 se
354 2510 474 2573 laudam»
492 2526 573 2577 mam
591 2528 634 2564 ac·
671 2513 761 2573 ratius,
781 2526 841 2563 «res
858 2513 906 2563 tibi
925 2516 968 2563 est
984 2527 1047 2565 cum
1063 2516 1153 2565 mimis
1168 2518 1197 2567 et

102 2590 245 2639 marus.
284 2588 328 2637 Sic
340 2588 480 2648 ssent,
494 2587 538 2637 3⁴:
556 2590 594 2637 tta
611 2594 634 2639 ts
670 2586 1196 2652 meretricibusequarumamoregm-

101 2664 193 2725 βίαια
210 2664 278 2711 dicis
294 2674 418 2721 amesque
434 2662 488 2723 (tel.
523 2662 569 2713 Est
583 2676 633 2713 no-
668 2662 744 2712 vicra
769 2662 849 2711 etiam
874 2661 961 2711 lamec
987 2674 1069 2723 mam
1094 2664 1133 2712 rei
1156 2663 1197 2713 ta-

102 2742 184 2789 strum
200 2738 257 2787 siclt
275 2736 326 2800 aas
337 2741 416 2785 etwas
434 2749 469 2785 ze
484 2740 542 2799 prete
562 2738 631 2788 mun.
669 2734 779 2787 milleris
795 2736 893 2786 damna
905 2737 1052 2786 oriuntur.»
1067 2764 1094 2773 -
1108 2738 1195 2802 eald]

102 2812 205 2863 Freund
224 2810 352 2875 quidem:
370 2810 632 2861 «montefusco
670 2810 738 2859 csibi
749 2809 908 2860 contrahit.»
922 2836 951 2847 -
963 2810 1105 2872 Perennem]
1120 2824 1197 2863 «con-

101 2888 169 2951 spud
192 2898 284 2936 unum
307 2886 466 2935 ciceronem
485 2886 631 2948 reperitur»
669 2884 804 2935 dicionem
820 2896 854 2934 ac
869 2885 969 2935 statum
979 2882 1116 2947 alicuius»,
1135 2886 1162 2937 h.
1175 2886 1194 2936 l.

102 2963 200 3026 (atim
220 2961 257 3011 de
270 2957 409 3026 φιλαυτίᾳ
423 2960 529 3023 proprie
542 2958 630 3022 dicta).
670 2961 817 3009 matronae.
836 2984 866 2995 -
887 2958 986 3023 ιὼίᾳω]
1009 2961 1052 3010 dn
1073 2972 1197 3023 quacun·

129 3035 223 3087 55-63.
242 3033 383 3098 eamdent]
402 3032 515 3084 «abhinc
532 3033 633 3097 aliquot
670 3045 722 3095 que
740 3044 855 3095 persona
870 3046 996 3095 pecces.»
1016 3061 1044 3069 -
1065 3033 1195 3099 obtenere]

101 3123 214 3161 sanos.»
226 3136 255 3145 -
270 3108 411 3172 Mamm]
424 3109 505 3157 homo
517 3108 630 3171 ignotus.
670 3108 701 3158 Ut
716 3105 820 3157 illuvies
837 3106 934 3170 pingue
949 3108 1057 3171 pratum
1073 3108 1133 3158 tene
1144 3109 1196 3161 ob·

101 3212 126 3221 -
139 3182 265 3249 ortuum]
280 3184 395 3233 «Romae
407 3182 514 3233 luerunt
525 3182 631 3245 leodem
669 3180 743 3231 ducit
758 3179 842 3244 atqud
859 3180 949 3232 sterile
965 3180 1066 3243 reddit,
1089 3183 1128 3233 stc
1145 3197 1195 3248 pa·

100 3261 237 3322 tempore,
258 3257 366 3307 circiter
380 3271 404 3307 a.
418 3270 443 3306 u.
458 3270 482 3307 c.
495 3256 563 3319 tto.)
577 3249 631 3307 tr'es
669 3255 825 3305 trimonium
846 3268 862 3304 a
883 3253 994 3319 prodigo
1018 3257 1192 3308 consumitur.

100 3333 262 3383 meretrices
276 3329 467 3391 nobilissimae,
481 3331 568 3394 origo,
582 3332 633 3393 Ly·
669 3328 717 3381 Alii
738 3329 827 3379 miuus
850 3328 969 3393 apposita
986 3343 1003 3379 a
1019 3343 1045 3379 v.
1064 3330 1126 3379 ttmc
1143 3330 1195 3381 du·

101 3408 169 3457 coris
187 3410 217 3458 et
232 3403 413 3457 Arbuscula.»
440 3406 524 3456 Coun.
550 3405 629 3461 Caua.
669 3405 745 3463 cunt,
771 3405 802 3452 ut
822 3403 856 3453 ait
872 3400 950 3452 arma
967 3404 1096 3463 atterere,
1122 3402 1194 3455 lente

99 3482 263 3543 Lycoridem
293 3478 404 3542 Virgilii,
434 3494 500 3530 vero
523 3479 630 3531 nomine
669 3478 860 3535 imminuerem
884 3488 937 3539 qua
959 3476 1150 3537 significatione
1166 3492 1192 3529 v.

99 3556 295 3619 Cytheridem,
327 3556 431 3605 Antonii
460 3558 487 3605 et
515 3554 630 3607 Cornelii
667 3551 731 3603 illud
756 3562 890 3613 nusquam
912 3549 1055 3612 reperitur.
1078 3576 1107 3586 -
1129 3551 1195 3613 onita

99 3630 162 3681 Galli
188 3633 310 3681 amicam
335 3630 415 3681 luisse
438 3630 500 3681 dicit
522 3630 630 3681 Servius
667 3626 815 3687 inter-Est]
834 3623 869 3674 ad
886 3621 1000 3686 culpam.
1037 3625 1137 3686 «Neget
1151 3626 1194 3675 in·

100 3705 134 3755 ad
155 3704 212 3756 Ecl.
235 3706 285 3766 444,
308 3705 334 3753 2.
354 3730 384 3741 ·-
407 3704 492 3768 donet]
516 3705 547 3754 H.
566 3704 584 3755 l.
603 3704 630 3755 in
668 3703 772 3751 teresse
790 3699 953 3763 quidquam,
978 3700 1069 3749 utrum
1089 3700 1149 3761 quis
1165 3702 1193 3753 in

98 3782 285 3845 propositione
302 3778 411 3829 relativa
430 3791 559 3843 praesens
580 3790 630 3842 pro
668 3778 791 3826 matrona
807 3786 842 3823 en
859 3773 885 3823 in
902 3771 997 3823 ancilla
1013 3784 1048 3822 an
1065 3774 1146 3825 etiem
1165 3776 1194 3826 in

98 3856 234 3917 perlecto,
261 3855 294 3903 ut
310 3851 373 3903 alibi
389 3855 416 3903 tn
434 3852 630 3905 narrationibus
667 3850 787 3901 adultera
816 3848 967 3913 delinquam
997 3849 1108 3899 secutus
1133 3851 1193 3913 opi-

98 3928 217 3980 mactis
254 3928 352 3977 Nescio
375 3929 436 3991 quis
460 3928 512 3978 hoe
538 3940 631 3978 corre-
667 3925 950 3982 nionemStoiecrum,
968 3924 1193 3987 qtdomniapec-

99 4006 190 4053 murus
209 4003 252 4053 sic
270 4001 452 4067 interpolavit:
468 4003 630 4052 mimeecet-
668 4001 727 4050 cata
743 4000 818 4063 paria
831 3998 1020 4049 essedicunt.»
1042 3996 1134 4045 Senon
1152 3998 1192 4046 De

98 4090 153 4126 m
161 4077 384 4136 mamaeam,
398 4089 480 4139 quam
488 4074 630 4127 lectionem
666 4072 753 4124 verbo
770 4073 905 4123 interduo
914 4083 1011 4122 versus
1023 4070 1109 4119 diviso
1120 4069 1190 4119 coni.

99 4151 154 4202 (luo
181 4151 269 4203 codd.
288 4150 417 4202 exhibent
442 4151 515 4215 apud
539 4152 628 4201 Feam.
668 4151 721 4200 Sat.
741 4149 771 4209 ἲ,
789 4147 817 4208 3,
836 4148 892 4196 tta.
919 4145 1027 4209 Eppt,
1046 4145 1074 4205 2,
1092 4143 1133 4193 93.
1160 4146 1190 4193 Α.

99 4224 631 4287 mdeomninoaasat.t,o,ts.uact-
668 4226 696 4275 P.
715 4222 772 4274 ltl.
800 4246 829 4259 -
857 4221 951 4271 matta
969 4216 1127 4281 --tepath
1152 4218 1191 4265 llo

160 4318 253 4365 flama.
270 4328 328 4365 voc.
344 4317 372 4365 tl.
402 4328 442 4364 sn.
458 4326 511 4363 ιω.
526 4315 564 4362 ltl.
978 4311 993 4355 t
