2925 4892
288 368 350 432 654
647 370 775 419 libasti!
793 369 1011 423 saisselinus

329 528 406 591 Tres
430 525 505 589 mini
529 525 685 591 convivae
707 546 808 611 prope
831 524 1004 593 dissentire
1027 524 1191 601 videntur,

330 648 504 712 Poscentes
526 645 615 711 vario
637 644 771 711 multum
794 644 923 713 diversa
945 646 1061 733 pelato.

330 766 415 847 Quid
430 766 528 832 dem?
550 766 628 854 quid
643 786 708 831 nou
723 764 820 832 dem?
842 768 1008 843 00004440,
1025 768 1114 855 quod
1131 767 1221 835 iubet
1235 766 1323 843 0140ος

330 889 424 968 Quod
447 888 545 974 petis,
569 887 600 953 id
623 908 703 954 sane
724 898 775 953 est
797 887 934 953 invisum
956 888 1150 975 acidumque
1173 889 1309 957 duobus.

330 1010 462 1075 Praeter
483 1020 606 1084 cetera,
630 1029 683 1074 mc
705 1010 867 1075 Romaene
890 1016 1040 1097 00004040
1062 1030 1177 1077 censes
1326 1011 1359 1073 44

330 1130 479 1197 Scribere
500 1150 599 1217 posse
621 1130 703 1195 inter
724 1140 770 1194 lot
791 1150 887 1197 ouras
910 1140 1021 1217 totque
1043 1130 1195 1199 labores?

330 1252 388 1317 Hic
410 1272 565 1337 sponsum
587 1262 697 1325 vocat,
722 1249 774 1316 lrie
799 1249 942 1315 auditum
965 1252 1082 1338 scripta
1105 1250 1227 1318 relictis

350 1484 391 1535 63.
410 1491 451 1543 tu,
470 1486 537 1545 cuod
552 1484 653 1543 bSEcd‚
668 1486 764 1535 LCth:
784 1486 849 1547 quod
859 1490 887 1533 to
898 1482 956 1550 γλῐ,
976 1484 1091 1533 Ρο4440044
1108 1486 1244 1546 quattuor,
1260 1487 1333 1535 Benl-

319 1558 384 1610 leius
402 1563 429 1609 et
446 1560 478 1610 ll.
500 1588 527 1597 —
545 1560 586 1609 445.
606 1560 697 1608 bornae
712 1572 783 1608 mene
800 1557 881 1609 Aldus
899 1560 960 1621 lnon
978 1558 1087 1619 bSEcdl.

287 1764 437 1824 virulentis,
466 1776 549 1827 quam
577 1768 639 1815 sunt
667 1777 808 1815 sermones
846 1763 1361 1827 Hauol'urs.lv.p.lili.l-mellomer·

286 1841 402 1889 blanel·
428 1838 503 1888 Conl.
526 1839 578 1888 Sat.
602 1839 631 1895 4,
660 1840 705 1897 44),
731 1840 756 1888 3.
779 1867 806 1875 -
845 1836 889 1901 00]
918 1835 1059 1887 «Nonnulli
1076 1838 1192 1889 Codices
1209 1844 1236 1891 et
1253 1842 1360 1891 vetustae

282 1914 370 1977 prope]
388 1927 441 1963 nou
460 1912 666 1976 aptatumque.»
687 1913 736 1962 sed
758 1914 809 1962 boc
846 1912 983 1961 Editloues
993 1910 1061 1961 male
1071 1913 1251 1963 limnoemcrre.
1264 1914 1313 1963 Sed
1323 1915 1362 1962 llo

285 1988 359 2035 dicit:
379 1987 441 2035 «Vix
454 1985 530 2035 aliter
541 1986 598 2035 lieri
610 1990 711 2049 potest,
727 2000 807 2050 quam
845 1998 903 2035 moe
920 1998 978 2035 voc.
992 1998 1101 2035 omnem
1116 1986 1166 2036 sibi
1181 1988 1297 2038 vindicat
1307 1988 1360 2035 viru

284 2064 327 2120 ut,
351 2062 374 2110 sl
392 2061 578 2111 tantummodo
595 2063 651 2110 tres
669 2062 721 2124 lqui
744 2074 809 2111 con·
847 2059 885 2110 Cl.
906 2060 947 2121 (ed
966 2060 1134 2120 senteutiam)
1158 2062 1214 2112 Sal.
1232 2063 1262 2121 4,
1281 2062 1309 2119 6,
1326 2060 1360 2109 di.

284 2135 345 2183 vivii
365 2134 490 2183 minimus
512 2137 554 2183 est
574 2146 717 2194 numerus,
744 2133 807 2185 Gell.
847 2134 878 2183 60
896 2146 973 2198 seqq.
998 2136 1064 2199 Epp.
1083 2137 1113 2196 l,
1131 2134 1177 2195 44,
1197 2138 1213 2187 8
1231 2150 1287 2199 seq.
1308 2136 1360 2185 ti.-

285 2208 329 2265 ts,
349 2209 399 2269 tl.)
418 2220 526 2257 mensae
544 2206 719 2267 accumbant,
742 2211 810 2259 inter
826 2207 828 2228 ¹
847 2209 1007 2257 1400000-
1027 2209 1131 2273 4000004]
1157 2224 1228 2274 quos
1251 2213 1289 2261 sic
1304 2222 1362 2261 enu-

284 2296 315 2333 se
331 2281 515 2332 dissentiant.»
541 2282 605 2331 llire
631 2282 706 2331 lland
732 2284 808 2333 Ture.
825 2253 828 2358 4
848 2284 933 2331 meret
950 2281 1015 2332 Plin.
1034 2284 1141 2346 Eppl,
1160 2285 1191 2345 9,
1209 2286 1238 2335 4ε
1257 2286 1285 2335 84
1300 2296 1362 2345 quen

285 2357 327 2407 lV.
349 2370 375 2420 p.
397 2356 459 2405 eoo:
490 2356 564 2405 «Tros
587 2356 707 2405 00004000
731 2370 810 2417 prope
846 2358 1154 2419 indumentumque
1165 2360 1258 2421 episti?
1273 2372 1362 2420 reapon-

283 2433 347 2481 sunt
363 2431 441 2494 pauci
452 2430 532 2480 amici
549 2442 633 2494 prope
645 2431 809 2481 accubantes
847 2432 917 2481 drot:
944 2432 1029 2495 0444040
1054 2437 1128 2495 tepor
1148 2433 1233 2483 uirilis
1256 2432 1360 2494 404ον444

285 2509 313 2557 04
328 2504 542 2565 confabulantes,
561 2506 607 2567 qui
619 2505 745 2555 videntur
756 2518 808 2555 000
846 2506 973 2566 sponsalia
997 2512 1042 2555 out
1067 2508 1170 2569 nuptias
1197 2506 1360 2572 4000004404.Ι

285 2594 365 2645 posse
374 2580 525 2640 dissentire,
539 2582 628 2631 temen
638 2581 806 2631 dissentiunt.
846 2580 886 2629 illo
907 2594 946 2629 nse
967 2581 1001 2630 cd
1021 2582 1172 2643 4490004004
1190 2586 1360 2634 talamaniam,

287 2656 377 2707 Redde
394 2657 448 2706 drei
464 2656 529 2704 0040
539 2655 689 2705 beisommen
699 2656 809 2703 44400040
847 2654 888 2704 4440
898 2656 925 2703 40
936 2656 1135 2717 adumaticum,
1153 2656 1197 2706 4440
1207 2659 1235 2706 40
1245 2656 1362 2706 consilium

285 2731 387 2781 cure.»
405 2754 433 2767 -
451 2730 558 2779 multum
574 2731 682 2794 diuerch
699 2730 765 2793 Epp.
782 2729 806 2789 4,
846 2730 953 2792 ropooit.
970 2754 996 2764 -
1016 2729 1141 2792 speculan]
1159 2732 1215 2780 Sat.
1231 2733 1260 2791 2,
1276 2732 1302 2787 4,
1319 2726 1359 2777 il:

286 2805 331 2862 44,
349 2804 379 2853 3;
402 2804 510 2853 multum
526 2804 660 2854 diuinitas.
691 2804 730 2853 Cl.
753 2804 806 2853 sal.
846 2804 938 2853 llornoe
957 2816 1099 2865 sponsorem
1119 2806 1256 2867 nsarepis.
1276 2830 1301 2839 -
1318 2816 1361 2851 cs-

285 2879 314 2938 4,
333 2878 360 2937 3,
379 2879 419 2927 oi.
435 2904 463 2915 -
482 2879 548 2938 potu
563 2878 644 2941 demi]
664 2878 743 2927 044400
755 2878 808 2927 lam
846 2878 1039 2941 clitumscriplo]
1052 2875 1118 2927 Nihil
1130 2880 1225 2929 aulem
1237 2876 1360 2929 molestius

284 2950 431 3000 dramatico
448 2952 603 3001 charactere
620 2955 758 3015 40000000]
774 2949 808 3000 ad
846 2964 927 3014 quiam
945 2952 1119 3001 mediocrium
1142 2956 1282 3015 poetarum
1300 2950 1360 2999 recl·

285 3025 357 3088 ipsos
386 3025 512 3074 convivus
544 3024 674 3087 loquitur,
709 3036 808 3075 unum·
846 3026 966 3075 taliones.
987 3025 1026 3076 Cl.
1041 3039 1065 3075 v.
1080 3026 1136 3075 445,
1156 3020 1359 3090 Epp.l,ls‚st

284 3110 421 3161 quemque
443 3111 537 3147 eorum
557 3098 693 3162 appellans
711 3098 737 3147 ld
757 3112 808 3161 po·
846 3116 887 3166 sq.
903 3124 929 3137 -
949 3102 1049 3165 0440444]
1077 3114 1129 3151 000
1156 3101 1311 3161 moralibus,
1335 3099 1357 3147 ul

283 3176 421 3232 40004000,
448 3172 520 3235 quod
545 3174 642 3223 ceteris
659 3172 806 3236 displicet.»
846 3176 880 3225 440
893 3176 996 3235 dicam;
1015 3175 1064 3227 sed
1076 3174 1215 3235 civilibus,
1234 3172 1359 3238 ergaam'r

285 3251 378 3299 Poura.
399 3276 426 3285 -
443 3248 587 3307 00004440,
605 3247 679 3311 prod]
697 3246 808 3298 Bentleii
846 3264 893 3299 004
904 3250 1073 3315 praesertim,
1089 3274 1116 3284 —
1135 3249 1358 3315 mbmlraegmtus
1433 3308 1434 3317 2

284 3322 362 3374 lectio
378 3324 463 3373 renuis
479 3325 545 3384 quod
561 3327 589 3371 tu
605 3324 708 3373 4004004
719 3321 806 3382 abest,
845 3326 938 3375 lacet.»
957 3323 1014 3373 vid.
1028 3323 1063 3372 ud
1074 3325 1127 3373 Sat.
1142 3324 1169 3383 4,
1183 3324 1213 3385 9,
1228 3325 1272 3374 le:
1292 3323 1358 3371 Troos

284 3400 314 3447 ut
330 3397 475 3462 simplicior
490 3398 525 3446 sit
546 3399 574 3446 et
590 3395 750 3458 elegantior.
779 3398 808 3445 ut
847 3398 950 3447 Tiberim
972 3398 1044 3461 lonpo
1066 3397 1192 3447 meotis.
1214 3424 1242 3433 -
1259 3402 1358 3447 maro

285 3474 377 3522 (4004οο
397 3474 491 3521 merito
512 3473 663 3521 censeatur.
687 3498 715 3507 -
739 3470 806 3533 4000]
844 3472 870 3521 in
887 3470 1014 3535 Aventino]
1034 3470 1074 3521 «iu
1094 3474 1214 3521 04400000
1233 3472 1303 3534 purte
1314 3465 1358 3517 col·

285 3561 350 3611 «pro
367 3551 454 3607 00040,
473 3548 606 3611 prolecto,
625 3546 740 3609 9040444.»
844 3545 875 3595 lis
896 3546 1032 3601 Aventini.
1059 3545 1105 3607 qui
1131 3545 1259 3605 Quirinali
1284 3538 1355 3605 [quod

845 3618 951 3681 volgare
969 3624 1027 3668 erat
1045 3630 1157 3669 nomen:
1178 3619 1234 3669 Cic.
1253 3618 1286 3667 de
1300 3618 1354 3677 llep.

315 3695 403 3743 oli-72.
422 3696 523 3745 Praeter
533 3696 624 3759 cetero]
642 3706 720 3757 «prae
734 3696 808 3743 oete·
845 3696 874 3753 4,
889 3694 1290 3757 l0,20.leregioneoppositus
1301 3685 1357 3741 mul
1431 3726 1432 3741 2

284 3769 334 3825 044,
360 3770 422 3816 ante
440 3768 560 3827 omnia.»
586 3771 616 3817 ut
637 3780 718 3830 saepe
736 3766 808 3830 apud
847 3771 901 3817 tum
928 3766 961 3815 ab
987 3781 1020 3817 οο
1046 3767 1133 3817 distel.
1164 3770 1274 3819 Rectum
1296 3764 1356 3814 04404

284 3844 451 3891 Ciceronem.
470 3844 521 3890 Pro
538 3840 607 3891 Sulla
625 3842 655 3891 d:
676 3842 733 3890 Nisi
749 3854 809 3891 uero
846 3844 926 3891 eiiam
951 3843 1050 3892 lleinsii
1073 3844 1100 3891 40
1116 3842 1177 3893 collo
1193 3842 1310 3904 (4044400,
1333 3838 1356 3883 ul

283 3914 566 3976 monumentorum
585 3920 808 3976 prcrrercele-
845 3914 918 3967 Ouid.
937 3917 996 3965 liet.
1013 3916 1057 3977 44,
1073 3916 1131 3967 836.
1150 3930 1212 3981 pars
1229 3914 1353 3965 codiuim:
1430 3950 1431 3969 i

283 3987 808 4051 004004.(48000444440004000140044
844 3990 903 4039 00440
915 3990 1026 4051 Quirino.
1053 3990 1105 4039 Sed
1124 3992 1214 4041 contra
1227 3988 1306 4039 libros
1318 3994 1354 4033 no

283 4062 484 4128 interpretibus:
499 4076 566 4125 prce
574 4064 673 4122 courir,
686 4068 808 4113 antemio·
845 4067 886 4115 404
910 4064 937 4113 id
963 4065 1082 4129 recipere
1108 4063 1170 4115 nibil
1195 4066 1293 4113 attinet.
1320 4056 1352 4107 Ci-

283 4141 335 4189 nio.
364 4141 398 4190 st
414 4140 536 4189 lloratius
553 4138 630 4187 dicii:
649 4138 738 4187 missis
749 4136 806 4187 allis
844 4139 918 4189 Ouid.
933 4140 1001 4189 last.
1013 4138 1038 4199 i,
1049 4138 1108 4189 375:
1124 4141 1253 4202 Quondam
1262 4136 1353 4185 4000044

284 4214 399 4272 caussis,
426 4226 509 4263 unum
526 4213 579 4263 boc
595 4224 804 4263 commemorem
843 4212 972 4263 04400440
989 4213 1112 4275 Quirini
1129 4214 1305 4264 Housmam
1321 4208 1354 4255 444
