2925 4892
257 317 319 384 584
617 318 984 372 eonirnsrrsromnnu

299 477 369 541 Non
392 473 434 540 ite
456 473 602 538 nutritus.
647 476 751 560 Fuge,
775 495 841 562 quo
862 474 1065 542 descendere
1087 477 1198 562 gestis.
1323 478 1341 535 ti

300 599 370 663 Non
393 573 461 661 erit'
475 594 595 661 emisso
619 594 743 661 reditus
764 593 830 661 tibi.
875 596 961 674 Quid
982 597 1085 662 miser
1104 597 1182 683 egil
1232 559 1244 580 ⁰

301 717 387 796 Quid
409 715 520 782 volui?
542 715 650 792 dices,
677 714 734 781 ubi
756 716 830 802 quis
852 726 884 782 te
906 715 1050 797 laeserit3
1072 728 1106 784 44
1126 719 1192 785 scis

301 840 336 903 ln
358 837 458 904 breve
481 847 511 904 te
534 837 622 924 cogi,
646 857 720 903 cum
743 836 858 923 plenus
878 837 1009 924 languet
1029 849 1163 906 amator.

324 1030 349 1078 5.
368 1027 491 1078 discedere
508 1026 569 1076 LCt.
589 1025 629 1088 (llt
644 1037 702 1084 nos,
722 1025 805 1075 nostri
817 1026 845 1075 et
855 1027 972 1076 Pettierii
989 1039 1100 1086 omues,
1117 1026 1220 1077 Veneta
1233 1027 1316 1088 4484.)

294 1130 321 1140 --
340 1103 427 1166 pestis]
443 1101 527 1165 pliscie
542 1101 568 1150 d.
590 1127 618 1136 -
637 1100 661 1149 l.
682 1099 918 1161 quindennem
937 1099 1072 1164 plerique,
1096 1101 1202 1152 comm.
1222 1104 1317 1166 Crnq„

292 1177 391 1227 LCth:
419 1175 479 1236 quid
495 1175 583 1234 bSEc‚
602 1175 707 1238 septem
724 1173 851 1234 Pottierii,
869 1173 1003 1225 Bentleius
1024 1175 1099 1237 (cnm
1115 1175 1244 1226 omnibus
1261 1177 1317 1226 iere

294 1249 459 1302 membranis
487 1247 640 1308 Pulmenni,
664 1249 821 1298 Bersmeuni
844 1251 872 1298 et
887 1249 951 1310 4444)
969 1251 997 1300 et
1012 1250 1047 1300 ll.
1065 1274 1089 1288 -
1115 1251 1140 1299 8.
1154 1250 1246 1312 ptem
1261 1264 1320 1300 44444

293 1335 324 1374 44
337 1337 390 1374 uno
403 1323 469 1374 Ced.
481 1322 545 1378 Coll.
556 1323 625 1374 Trin.
636 1321 783 1382 Bentleies,
804 1324 869 1372 item
880 1336 896 1372 e
908 1322 1032 1374 Chisieno
1044 1324 1071 1373 F.
1091 1325 1131 1386 (ili
1141 1337 1200 1386 nos,
1213 1326 1319 1384 4444444

292 1492 348 1543 es.
372 1492 429 1542 Non
443 1492 481 1542 444
494 1493 612 1554 nutritiis]
629 1491 723 1555 «Atqui
736 1503 786 1554 eqo
825 1492 885 1553 Quis
900 1492 963 1555 tepet
977 1489 1060 1541 laec?
1086 1492 1349 1542 Veldueuelnenros:

260 1569 315 1616 tem
340 1566 411 1616 bene
437 1567 465 1616 et
488 1565 585 1630 pudice
609 1578 663 1616 uon
681 1566 742 1616 ideo
758 1568 785 1615 te
824 1566 858 1615 de
869 1578 968 1629 puero:
988 1566 1026 1615 esi
1038 1565 1098 1629 quis
1110 1565 1267 1629 pudicitiam
1279 1571 1348 1615 44444

261 1640 388 1702 educavi,
414 1642 444 1690 ut
466 1643 494 1690 tn
518 1643 572 1691 tem
588 1639 703 1690 lascivus
721 1652 787 1689 era·
824 1641 923 1690 44444444
939 1638 1075 1702 (violarit),
1095 1642 1153 1690 mm
1169 1653 1236 1690 rere
1253 1640 1350 1690 irem

260 1716 367 1766 derce.»
385 1716 510 1766 Detracta
521 1715 636 1778 imagine
649 1715 700 1765 hee
712 1713 784 1774 dicit¹
825 1727 917 1764 meum
932 1713 1060 1764 4444444444
1072 1712 1257 1777 implorabis.»
1275 1713 1349 1764 ovid.

260 1789 310 1842 sed
327 1791 440 1840 ironice:
470 1791 579 1841 «Primo
597 1790 689 1839 emicis
706 1789 787 1838 dum·
824 1789 886 1838 4444.
905 1789 931 1848 e,
948 1787 1014 1838 los:
1033 1787 1111 1838 Nullo
1125 1787 1281 1850 murabilis
1297 1793 1352 1838 crte

261 1866 346 1923 44444,
365 1877 418 1914 444
436 1861 550 1914 librariis
568 1865 596 1913 et
611 1861 735 1927 publicae
747 1860 787 1910 le·
824 1863 924 1911 deese
935 1862 1061 1923 pudicitie
1076 1867 1119 1911 est.
1141 1889 1169 1897 -
1192 1863 1223 1911 in
1239 1862 1316 1912 lrrem
1329 1867 1352 1911 tr

261 1939 341 1988 otioni
359 1938 506 1988 destinatae
529 1938 605 1987 erent
622 1935 786 2000 Epistoleee
824 1936 888 1999 copi]
909 1935 944 1985 de
964 1934 1047 1985 libro:
1076 1937 1149 1987 «scis
1173 1938 1200 1985 te
1217 1939 1311 1986 ertum
1326 1937 1351 1986 ln

261 2025 305 2062 me
328 2012 501 2075 compositus.
529 2011 586 2060 lem
604 2023 681 2070 vero,
700 2013 729 2059 ut
746 2011 788 2060 iu·
825 2008 951 2060 volumen
973 2007 1094 2060 convolvi
1116 2011 1144 2059 et
1163 2011 1190 2059 in
1208 2023 1292 2074 capse
1308 2023 1352 2060 re-
1444 2026 1445 2049 2

262 2084 328 2135 hent
344 2098 388 2135 mc
406 2085 548 2149 populares
573 2086 639 2144 mei,
664 2084 786 2135 edendae
824 2084 901 2147 poni,
932 2095 965 2132 cx
995 2096 1048 2146 que
1073 2083 1187 2133 tortasse
1211 2097 1353 2147 uunquam

262 2161 349 2210 eunt.»
370 2186 398 2195 -
416 2157 492 2222 repe]
511 2161 612 2208 senece
631 2159 712 2223 Epist.
728 2159 786 2218 408,
825 2160 919 2221 posteo
934 2169 1028 2208 rursus
1045 2170 1206 2222 promerem
1227 2159 1263 2208 dc
1284 2171 1354 2223 pne-

262 2233 309 2282 444
320 2233 457 2294 Nunquam
470 2233 587 2295 Virpilius
597 2233 655 2283 dies
667 2233 726 2282 dicit
737 2234 785 2293 ire,
825 2245 865 2282 ro:
885 2232 1024 2282 «desertus
1039 2231 1075 2282 ab
1086 2234 1209 2282 amatore
1224 2235 1252 2283 in
1263 2247 1352 2297 engu-

262 2305 305 2356 red
331 2305 437 2368 lugere,
465 2309 531 2367 quod
559 2307 684 2356 currendi
711 2320 790 2370 ponere
826 2307 889 2358 stias
900 2305 1054 2368 redigeris.»
1080 2307 1124 2358 Sic
1135 2308 1241 2357 Terent.
1255 2309 1352 2358 444444,

261 2380 542 2431 cmcitolissimurneet.
573 2383 603 2432 el
622 2395 705 2443 nune,
724 2395 789 2446 pro-
826 2379 857 2441 i,
877 2381 956 2440 m:
976 2378 1022 2443 (nl.
1043 2379 1120 2441 3,6,
1140 2381 1178 2443 21)
1206 2382 1249 2430 ito
1271 2383 1354 2432 nn'cle

262 2456 320 2518 ripe
338 2456 364 2504 te
386 2455 412 2504 in
431 2455 562 2514 rorum»
589 2456 660 2520 quod
682 2468 744 2506 cum
762 2456 788 2504 in
825 2455 853 2504 in
877 2459 1013 2518 4444444444
1031 2456 1122 2516 oppido
1141 2469 1208 2505 nunc
1222 2469 1298 2506 mene
1315 2469 1356 2506 co·

263 2529 323 2579 loco
340 2527 418 2593 pleno
436 2531 464 2578 et
480 2527 571 2579 humill
584 2532 670 2591 esset,
690 2543 723 2579 eo
735 2531 789 2578 itu·
826 2534 922 2592 puntur
937 2531 1032 2590 copiae
1051 2531 1129 2593 Prop.
1146 2531 1171 2589 e,
1188 2530 1213 2590 4,
1236 2531 1302 2581 ree:
1328 2533 1355 2580 ln

263 2605 300 2654 ris
325 2603 518 2653 dercendcndrrm
543 2605 600 2653 eret
623 2617 655 2652 ex
677 2603 790 2654 collibus
826 2608 910 2652 unues
932 2605 1030 2666 ceperis
1051 2604 1104 2664 ipre
1122 2605 1208 2653 Lares.
1236 2605 1356 2655 iliintzer
1445 2602 1446 2611 ’

264 2679 435 2744 propinquls;
461 2679 523 2728 hinc
546 2692 571 2728 v.
593 2679 730 2742 proprium
748 2679 790 2727 est
826 2677 927 2726 incenit
948 2675 1063 2739 explicet
1087 2677 1152 2727 «enit
1166 2678 1266 2728 reulus
1283 2679 1356 2728 iide-

265 2752 299 2803 de
318 2753 392 2803 Foro,
420 2755 450 2812 0.
469 2755 563 2803 Cicero
580 2753 614 2802 de
632 2755 686 2803 Pet.
707 2754 787 2802 Cons.
827 2753 875 2800 den
890 2752 1032 2813 cupressu,
1050 2753 1202 2816 importum
1213 2765 1301 2803 mann
1311 2766 1356 2802 er·

265 2828 289 2887 4,
308 2828 339 2876 i:
366 2828 445 2888 Prope
461 2829 571 2887 quotidie
587 2829 621 2876 ud
637 2829 730 2878 Forum
746 2826 790 2876 tibi
827 2825 951 2888 ripere.»
969 2828 997 2875 et
1011 2827 1040 2874 in
1056 2825 1129 2876 brem
1143 2827 1213 2889 copi,
1237 2826 1285 2876 ein
1303 2829 1356 2877 eine

265 2901 418 2950 descendenti
433 2902 580 2950 meditatum
589 2901 684 2950 1444444.
704 2902 790 2951 illinus
826 2901 893 2950 liele
922 2901 1050 2963 peuersen
1072 2902 1125 2949 tend
1148 2901 1206 2950 liert
1231 2900 1356 2964 oedem

264 2977 338 3025 recte
356 2972 398 3023 elii
416 2973 559 3036 explicent:
588 2976 672 3038 «Fuge
689 2975 788 3036 locum,
827 2976 939 3035 44444444,
963 2975 990 3024 44
1007 2973 1133 3036 angulum
1149 2973 1228 3023 obiici
1246 2977 1275 3024 et
1290 2987 1355 3038 pre·

265 3061 319 3113 quo
337 3047 503 3100 descendere
522 3049 611 3112 cupis,
631 3047 683 3098 noll
698 3063 730 3099 eo
743 3051 790 3099 de·
827 3049 900 3112 mi»)
918 3075 946 3084 -
968 3061 1026 3097 nen
1045 3048 1145 3109 plener]
1168 3049 1250 3098 «Duo
1267 3048 1353 3098 Codd.

264 3121 433 3180 secederem
459 3123 500 3170 cui
518 3124 725 3185 interpretationi
742 3137 790 3174 re·
823 3125 913 3186 plenus
936 3135 1009 3183 cunt,
1035 3121 1108 3185 qnod
1133 3120 1238 3185 plenius
1260 3125 1291 3171 et
1310 3135 1355 3170 ro-

264 3198 384 3263 pngnent
399 3209 442 3244 rv.
457 3195 488 3245 48
499 3207 576 3259 seqq.
595 3199 623 3246 et
638 3198 718 3246 totius
730 3199 791 3260 Epi-
826 3197 935 3248 tundins
951 3209 1012 3247 esse
1028 3195 1163 3246 Bentleius
1179 3197 1208 3244 et
1224 3196 1278 3245 dea
1296 3208 1356 3246 mo-

264 3269 347 3322 stolee
381 3270 550 3320 menifestum
579 3268 727 3326 consilinm.
759 3299 787 3308 -—
827 3273 942 3322 nnerunt
967 3271 1041 3320 etin
1061 3271 1164 3319 textum
1181 3273 1353 3334 receperunt.

263 3344 360 3409 4444444]
378 3343 477 3408 Dilogie
496 3343 529 3394 de
544 3357 628 3407 puero
640 3357 655 3393 e
668 3345 789 3397 custodie
827 3347 939 3398 Omnino
957 3345 1058 3394 lloretii
1074 3344 1250 3407 interpretes,
1275 3357 1355 3407 pree-

263 3419 348 3474 semel
374 3421 473 3471 emisso
499 3421 526 3468 el
550 3419 584 3469 de
613 3417 680 3469 libro
706 3420 787 3469 edite.
827 3421 920 3472 sertim
937 3419 1160 3481 Cuningleamius,
1186 3419 1297 3469 aurium
1314 3419 1355 3468 iu·

264 3497 318 3548 Cic.
339 3495 374 3545 ed
391 3497 462 3545 Fam.
482 3495 509 3554 4,
529 3493 575 3554 33,
595 3495 623 3542 4;
650 3493 789 3556 siquenm
827 3497 897 3545 dicio
908 3494 958 3552 usi,
970 3492 1068 3543 multos
1080 3495 1175 3556 poetes
1184 3492 1261 3544 locos
1270 3497 1356 3548 trane·

263 3571 361 3631 aliquid
377 3569 479 3632 dianen
494 3574 580 3618 nestro
596 3569 695 3618 nornine
710 3570 790 3618 enei-
826 3571 919 3635 positis
935 3567 1027 3618 verbis
1043 3566 1229 3628 sollicitarunt,
1255 3572 1356 3636 qnippe

263 3644 365 3692 simus.
390 3670 416 3678 —
444 3642 507 3706 quis]
531 3643 602 3692 llaec
625 3641 703 3692 lectio
724 3643 789 3692 setis
827 3645 978 3696 nescientes
1003 3654 1141 3705 nunqnem
1164 3642 1248 3692 verbe
1267 3649 1356 3695 trem-

264 3715 385 3765 firmetur
402 3717 525 3776 eCodd.‚
544 3719 789 3766 eCommentetore
827 3717 950 3784 ponende
968 3730 1045 3776 esee,
1069 3717 1119 3766 nisi
1137 3718 1183 3766 eut
1198 3721 1356 3779 4444444444·

265 3790 373 3853 Cmquii
397 3789 563 3854 (epostquem
586 3793 612 3840 te
633 3790 727 3854 uliquis
744 3805 790 3840 re-
827 3806 875 3843 eee
898 3793 945 3842 aut
960 3791 1111 3841 rhetoricae
1131 3788 1205 3852 leges
1221 3791 1355 3842 eiusmodi

264 3862 465 3928 prehenderit»)
492 3867 519 3913 et
544 3863 578 3913 eb
604 3865 661 3928 ipsa
684 3862 788 3927 dilogie‚
828 3867 1060 3934 transpositionem
1092 3865 1247 3914 necessario
1281 3867 1356 3929 flegi-

264 3935 790 4002 qneepersonnmeliquempotiusquem
828 3944 910 3991 tent.»
927 3943 998 3991 44444.
1025 3939 1117 3990 Adde:
1137 3940 1188 3989 nisi
1205 3941 1356 4004 unuquissi

263 4024 321 4062 rem
339 4009 489 4061 laedentem
503 4013 621 4075 requirit.
636 4041 665 4052 -
682 4015 790 4075 44444444]
828 4026 935 4064 morene
951 4015 980 4063 et
995 4013 1289 4077 preostentissimornm
1307 4016 1356 4064 co·

265 4085 299 4135 de
311 4085 392 4135 libro:
413 4084 474 4134 «ubi
485 4085 519 4135 eh
533 4087 628 4149 iniquis
641 4086 790 4138 meismele
829 4089 919 4138 dicum
936 4088 1093 4146 aucteritas,
1120 4085 1147 4136 id
1164 4089 1195 4136 ut
1210 4086 1353 4145 iaciemus.

264 4163 392 4228 exceptus
419 4159 471 4210 eris
496 4173 528 4210 ec
551 4161 585 4210 de
610 4163 636 4210 te
660 4163 788 4212 dixerint:
827 4161 931 4212 snedet.
961 4162 1089 4211 Ceterum
1105 4161 1132 4211 in
1149 4161 1249 4211 iloretii
1263 4163 1355 4212 setim
