2925 4892
260 396 280 440 rr

260 544 435 621 occupatus
458 554 562 600 erum:
597 531 683 599 unde
706 533 826 605 evenit,
859 542 895 597 ut
922 531 1025 599 sicubi
1048 532 1109 599 utic
1131 541 1228 620 etque
1251 554 1270 599 a
1294 554 1346 599 mc

259 714 298 759 ex
321 691 383 759 hoe
406 692 526 759 Codice
549 701 675 758 enotata
698 690 775 765 sint,
806 690 963 757 maiorem
985 690 1062 756 mihi
1084 690 1145 777 ipsi
1166 690 1265 757 fidem
1287 690 1347 756 be-

257 851 397 918 bendem
434 870 508 917 csse
542 849 701 917 affirmare
731 849 851 935 possim
881 850 951 915 sine
982 847 1171 935 arrogantia.
1216 850 1277 921 itu,
1309 860 1346 914 ut

260 1008 409 1097 exemplu
430 1008 592 1097 quaedam
614 1006 758 1083 afferam,
783 1008 815 1072 in
836 1005 946 1073 verbis
969 1004 1135 1073 Kircbneri
1158 1004 1223 1090 (1.1.
1243 1026 1274 1093 p.
1291 1006 1343 1069 53.

257 1188 286 1232 v.
303 1166 364 1252 ii.)
391 1166 510 1233 «mutili
533 1188 562 1233 v.
579 1164 776 1231 cti-too.»
801 1164 963 1249 posterior
983 1182 1138 1229 numerus
1153 1184 1216 1229 non
1234 1174 1343 1231 rectus

257 1334 319 1400 est,
352 1324 411 1391 sed
441 1323 538 1391 scribi
567 1322 708 1390 debebat
741 1323 864 1389 «453».
908 1325 1073 1390 Postrema
1102 1322 1188 1389 enim
1209 1343 1272 1389 vox
1292 1333 1344 1390 est
1453 1333 1454 1344 ¹

256 1493 353 1569 urpet.
396 1480 475 1549 lbid.
498 1503 527 1547 v.
552 1480 601 1547 ⁴2.
624 1480 797 1569 legendum
818 1491 883 1548 est:
910 1482 968 1557 «6,
992 1479 1027 1547 ct
1044 1480 1163 1547 -99r
1188 1482 1263 1566 (non
1277 1482 1340 1567 98),

255 1662 330 1708 curn
360 1638 507 1707 ultimum
527 1639 664 1706 verbum
686 1640 727 1706 sit
754 1649 887 1707 avectos.
932 1637 1056 1706 Ibidem
1077 1638 1173 1705 scrib.
1200 1638 1342 1705 «403-

255 1797 335 1865 767»
362 1800 436 1885 (non
459 1797 542 1883 tro).
575 1800 761 1865 Postremus
783 1798 868 1865 enim
890 1797 1014 1865 Sutiree
1036 1817 1151 1866 versus
1173 1798 1207 1864 in
1220 1798 1341 1866 Codice

255 1977 318 2024 non
340 1955 442 2023 deest.
487 1954 566 2021 lbid.
589 1976 619 2021 v.
642 1954 693 2021 73.
715 1954 810 2021 scrib.
837 1956 1119 2042 «8i(non86)-
1140 1954 1216 2021 96».
1259 1956 1339 2023 lbid.

253 2136 282 2178 v.
307 2113 358 2180 tt.
391 2112 486 2180 scrib.
521 2134 576 2177 cv.
599 2114 640 2177 32
664 2114 738 2197 (non
760 2111 811 2198 ct)
833 2152 876 2162 -
896 2113 938 2178 72
959 2113 1097 2181 mutili».
1146 2114 1340 2183 Addendum

254 2280 337 2347 eret,
370 2291 485 2338 versus
507 2270 557 2336 52.
581 2282 615 2339 et
636 2272 686 2337 73.
709 2292 844 2363 prorsus
866 2270 994 2340 deesse.
1037 2271 1163 2340 Deinde
1193 2273 1342 2340 seriben-

253 2429 330 2495 dum
353 2438 423 2496 eret
447 2428 552 2496 elndc
574 2450 594 2496 e
616 2450 713 2496 versu
736 2430 776 2495 74
799 2430 874 2515 (non
896 2431 979 2515 7ep.
1023 2429 1103 2497 lbid.
1126 2452 1156 2497 v.
1172 2430 1341 2519 iblverba

256 2587 319 2655 «ed
350 2586 447 2654 finem
477 2608 583 2676 usque
612 2589 737 2678 integre
758 2599 856 2657 sunt»
889 2591 933 2657 itu
953 2611 1031 2657 vere
1053 2600 1141 2666 sunt,
1175 2600 1211 2654 ut
1232 2588 1341 2656 desint

251 2746 412 2837 Epistulae
435 2746 485 2813 49.
508 2767 622 2814 versus
645 2749 696 2814 46.
720 2758 752 2815 et
773 2749 824 2813 47.
840 2747 1001 2836 Epistulae
1023 2748 1073 2814 20.
1096 2769 1146 2812 vv.
1163 2746 1213 2812 tr.
1230 2756 1263 2813 et
1284 2748 1337 2813 ⁴8.

250 2904 337 2971 Libri
359 2904 454 2991 primi
477 2902 639 2991 Epistolae
661 2906 784 2993 primae
806 2905 924 2973 abscisi
947 2916 1022 2973 sunt
1040 2926 1155 2973 versus
1177 2907 1207 2971 8.
1230 2906 1260 2971 9.
1282 2906 1336 2972 29.

250 3063 300 3128 30.
325 3061 395 3129 455.
420 3059 491 3127 t7o.
535 3063 583 3128 Dc
616 3062 745 3130 Codicis
766 3062 904 3132 lectione
926 3064 1007 3132 hacc
1028 3064 1096 3131 sere
1117 3066 1224 3131 minus
1245 3075 1336 3132 reete

250 3220 365 3286 asserit
387 3218 583 3287 Kircbnerus
608 3220 642 3305 (l.
666 3220 685 3285 l.
708 3241 739 3307 p.
757 3222 834 3307 66.);
859 3222 922 3289 Sat.
946 3224 982 3299 2,
1006 3223 1042 3299 7,
1064 3222 1117 3288 20.
1140 3222 1249 3291 Codex
1268 3244 1335 3289 non

249 3379 378 3447 exbibet
399 3391 481 3461 tom,
516 3377 574 3445 sed
596 3380 675 3459 iem,
706 3381 786 3467 Epp.
809 3379 843 3456 t,
867 3380 901 3455 t,
929 3381 959 3446 9.
982 3402 1046 3447 non
1070 3382 1147 3461 Qui,
1177 3380 1237 3447 sed
1261 3381 1333 3461 Cui,

249 3542 327 3639 Epp.
351 3539 385 3617 t,
409 3538 466 3615 to,
490 3536 541 3603 28.
565 3556 629 3603 non
646 3539 851 3625 propiusque,
874 3537 934 3605 sed
950 3540 1128 3627 propiusue.

311 3733 522 3819 Praecipuum
553 3742 661 3801 cutem
690 3732 786 3800 buius
813 3734 983 3801 voluminis
1004 3744 1243 3810 ornamentum,
1277 3756 1333 3802 ec-

247 3888 387 3959 curotior
416 3888 589 3977 descriptio
619 3890 776 3959 Codicum
805 3892 1050 3960 Horatianorum
1078 3895 1110 3960 in
1131 3892 1331 3961 Bibliotheca

246 4045 382 4115 Scholae
411 4045 573 4123 medicae,
603 4068 688 4135 quee
716 4048 822 4116 Monte
844 4048 1021 4117 Pessulano
1041 4050 1149 4126 floret,
1179 4070 1330 4119 asserve-

246 4215 366 4283 torum,
394 4205 546 4291 quonium
576 4226 651 4273 sero
674 4206 714 4273 cd
738 4228 798 4273 nos
820 4209 979 4295 pervenit,
1012 4209 1044 4275 in
1066 4209 1246 4297 appendice
1267 4232 1327 4298 po-
