2925 4892
268 343 330 407 350
646 339 776 391 troarru
792 338 974 391 serrarauar
1010 322 1019 337 ’

312 500 403 577 Quae
425 497 532 585 prima
552 496 666 561 iratum
689 504 835 561 ventrem
857 492 1032 580 placaverit
1053 512 1140 560 esca.
1339 496 1358 556 5

311 621 346 684 ln
368 618 479 706 primis
500 618 649 683 Lucanus
672 636 767 702 aper;
791 614 855 680 leni
878 614 935 679 luit
955 615 1072 679 Austro

312 742 445 828 Captus,
469 748 503 805 ut
524 737 631 805 aiebat
652 756 776 803 coenae
798 744 906 822 pater;
930 736 1018 801 acria
1040 737 1163 802 circum

312 860 448 949 llapula,
471 860 629 931 lactucae,
653 856 795 931 radices,
820 855 928 944 qualia
950 855 1072 922 lassum

334 1062 358 1111 5.
374 1058 506 1122 pacaverit
522 1070 537 1107 c
554 1056 714 1109 etPottierii
731 1053 864 1118 plerique,
885 1060 1026 1117 pacaverat
1049 1068 1184 1119 superscr.
1204 1058 1213 1105 i
1229 1058 1255 1105 S.
1284 1060 1324 1116 ,Ut

302 1146 365 1194 noe,
390 1133 429 1183 hE
451 1134 478 1181 et
498 1130 615 1181 Pottierii
633 1129 769 1192 quinque.)
791 1156 819 1164 -
836 1128 860 1177 6.
879 1142 942 1191 oper
958 1129 1007 1179 leni
1024 1130 1082 1179 sine
1100 1128 1267 1181 distinctione
1286 1133 1325 1182 tf.

305 1237 332 1246 -
351 1209 375 1259 8.
394 1206 512 1269 Ropputc
528 1205 585 1254 bSE
603 1206 664 1267 (non
683 1204 715 1265 c).
737 1231 765 1239 -
782 1203 874 1265 sessum
891 1202 975 1253 Codri.
994 1202 1055 1265 aliq,

270 1372 474 1445 μεσημβρίας),
491 1384 617 1433 reprenso.
636 1372 692 1420 lam
704 1370 730 1420 in
742 1370 794 1420 hoc
831 1381 906 1430 esse,
933 1371 1008 1421 cuius
1031 1372 1130 1421 erroris
1147 1370 1213 1422 ialso
1229 1384 1274 1421 me
1292 1374 1363 1423 insi-

270 1452 376 1503 inficeto
393 1447 525 1500 Nasidieni
536 1444 654 1495 luxuries
665 1444 793 1501 cernitur,
831 1445 914 1497 mutat
945 1447 1076 1506 Danaen
1111 1460 1161 1509 ego
1195 1447 1363 1497 recordabar

270 1524 343 1591 quod
360 1524 452 1575 contra
475 1532 579 1571 morem
597 1533 613 1569 a
629 1517 794 1584 principibus
831 1533 896 1571 sane
914 1534 976 1572 curn
999 1521 1114 1573 indicem
1137 1534 1238 1571 coenae
1261 1520 1362 1573 Metelli

270 1595 796 1658 virisservatumrdtempestnumcon-
831 1596 962 1660 pontilicis
991 1598 1098 1647 maximi
1131 1597 1204 1660 opud
1237 1595 1360 1647 llacrob.

269 1676 370 1725 virium
394 1672 518 1723 invitarat
544 1669 735 1721 Maecenatem.
765 1694 792 1701 -
831 1672 979 1729 Saturni,
999 1674 1031 1721 9:
1049 1672 1230 1722 Antecomom
1246 1672 1361 1727 cennos,

269 1750 320 1814 Do]
338 1750 410 1799 llaec
427 1745 505 1797 lectio
518 1744 640 1794 firmatur
651 1741 685 1791 ab
695 1740 796 1804 aliquot
830 1751 925 1795 ocreas
936 1748 1029 1796 nodos
1040 1750 1103 1808 oet,
1121 1749 1179 1797 tum
1191 1747 1307 1796 Petronii
1319 1745 1363 1795 le·

271 1826 338 1875 Fene
357 1820 453 1881 codd,
472 1832 523 1869 nec
540 1819 579 1867 die
601 1816 684 1880 (quod
700 1815 796 1867 delen·
831 1834 940 1886 porem,
960 1820 1051 1883 altilia,
1069 1823 1175 1873 sumina
1186 1824 1248 1871 onte
1259 1834 1362 1885 aprum

270 1898 310 1949 dit
333 1895 486 1947 Torrentius
512 1895 539 1942 et
566 1889 714 1949 uenustus,
745 1890 794 1939 elsi
832 1897 973 1960 apposita.)
992 1922 1020 1932 -
1037 1896 1305 1959 loni-Australanon
1321 1897 1364 1946 ni-

270 1974 344 2037 petot
372 1968 415 2019 vel
446 1982 479 2018 ex
509 1968 613 2017 Cotum.
635 1966 717 2028 Cruq·
743 1965 795 2014 hoc
831 1972 883 2021 mis
900 1970 1034 2031 lervldop·
1051 1984 1106 2033 quo
1125 1970 1201 2022 facile
1218 1972 1244 2020 iu
1262 1974 1362 2035 putre·

270 2046 401 2110 glossema
414 2043 483 2103 esse)
499 2056 532 2091 cx
548 2042 603 2091 suis
621 2040 720 2090 notavit
737 2041 796 2090 l’ot·
831 2044 923 2096 dinem
942 2045 1056 2105 abisset,
1081 2045 1132 2095 sed
1159 2046 1221 2106 teni,
1244 2046 1279 2094 ed
1306 2045 1363 2095 hoc

271 2120 371 2169 tierius.
387 2117 498 2167 Videtur
509 2115 617 2165 omniuo
629 2114 729 2165 reterre
739 2126 796 2163 ser·
831 2121 970 2172 dumtaxat
985 2121 1146 2180 sufficiente,
1164 2123 1195 2171 ut
1210 2134 1274 2171 cam
1286 2119 1363 2172 lam

271 2205 380 2244 monem
397 2190 590 2254 quotidianum.
629 2190 682 2241 Cir.
698 2202 724 2237 v.
743 2188 792 2238 80:
832 2197 923 2255 fleret,
941 2196 1172 2257 mmmm,
1187 2197 1303 2245 urracae
1315 2200 1364 2247 est

270 2268 316 2318 illo
332 2267 420 2317 Rttfflt·
455 2265 525 2327 virg.
547 2264 600 2315 30¹·
622 2266 649 2325 ⁴,
675 2264 718 2313 ⁴92
746 2263 796 2313 Sed
831 2272 858 2319 in
881 2270 1070 2334 Porphyrionis
1093 2269 1142 2320 Ed.
1161 2272 1280 2334 principe
1303 2271 1364 2321 Ve-

271 2349 355 2394 wmon
371 2343 417 2391 ἰδία
432 2342 492 2390 doio
509 2340 552 2402 qui
567 2341 612 2401 st'l,
631 2341 677 2400 tta,
698 2340 794 2399 Tityre,
830 2346 894 2405 peta
920 2343 1009 2401 illim
1036 2343 1113 2407 volgo
1139 2346 1364 2407 corruptestm-

271 2418 348 2469 oobis.
384 2414 440 2465 val.
454 2414 539 2465 Flaco.
554 2416 583 2475 t,
602 2414 662 2464 cte:
696 2414 796 2463 ηοω-
831 2420 926 2480 emoto.
962 2418 1365 2472 Ceterumrectamdistinctio·

271 2492 313 2542 lici
330 2492 364 2541 do
380 2490 444 2541 betto
460 2490 537 2539 ducta
558 2514 586 2525 -
605 2490 627 2538 st
648 2502 727 2552 prove
745 2502 796 2539 noo
833 2505 896 2543 nem
913 2492 1004 2555 (quam
1024 2490 1180 2543 obscuravit
1203 2492 1364 2547 Torrentius

271 2569 314 2633 ert]
333 2566 388 2617 Cic.
402 2564 436 2615 ad
448 2566 500 2614 att.
515 2562 659 2624 ⁴3,ta,t:
678 2563 796 2626 Siorooo
833 2570 861 2618 et
883 2567 947 2628 Fen)
965 2580 1043 2629 opem
1061 2567 1111 2616 toni
1132 2570 1239 2630 repperi
1260 2570 1363 2621 iamin

271 2656 322 2692 non
338 2645 383 2700 ost,
402 2639 476 2689 uelim
485 2638 561 2698 scira,
580 2638 640 2699 qnid
651 2638 682 2686 sit
692 2650 794 2687 causae.
832 2642 933 2691 Veneta
953 2640 1026 2691 tter.
1043 2638 1122 2691 Aldd.
1141 2642 1214 2691 4509.
1233 2643 1309 2692 tate.

274 2740 302 2752 -
317 2711 554 2778 Qnoeprimocet.]
567 2712 726 2763 Gustationis
739 2712 795 2761 nive
865 2715 921 2765 7-9.
948 2728 1040 2765 cooooc
1056 2714 1140 2779 poter]
1166 2718 1197 2766 ut
1212 2716 1285 2779 apud
1312 2720 1361 2768 tir.

271 2788 455 2856 promulsldls,
482 2788 608 2850 quoniam
633 2786 728 2837 insoliti
753 2786 796 2837 vel
833 2784 927 2857 πατὴρ
944 2784 1049 2854 λόγου,
1068 2785 1226 2854 δόγματος,
1240 2805 1363 2845 «000000

272 2863 374 2915 ridiculi
386 2861 450 2914 nihil
462 2860 594 2921 habebnt,
613 2861 662 2911 sed
674 2874 707 2912 ex
719 2860 796 2911 solito
833 2864 971 2923 domiuus,
998 2865 1116 2914 convivis
1140 2865 1271 2927 significat
1288 2870 1363 2932 opti-

272 2952 347 2989 more
364 2936 486 3001 praebita
502 2938 572 2995 erat,
599 2934 698 2986 nullum
718 2948 798 2987 men·
833 2949 906 2987 mam
923 2950 995 2987 nuno
1010 2938 1099 3001 ipsum
1117 2952 1178 2989 esse
1195 2940 1362 3005 hancapru-

272 3014 373 3063 tionem
390 3010 464 3069 lacit,
490 3012 521 3059 ut
536 3012 609 3059 recte
627 3010 727 3060 notavit
742 3012 796 3061 ianr
833 3024 943 3075 grumpi
962 3010 1027 3061 dum
1045 3024 1074 3061 re
1091 3025 1155 3062 vera
1167 3026 1298 3064 excusare
1309 3030 1363 3066 co-

273 3085 451 3137 Hoindorlius.
482 3110 509 3121 -
539 3084 647 3145 caten]
677 3084 797 3135 «iamal-
834 3088 912 3136 natur
933 3084 1101 3136 rancidulum
1123 3087 1177 3135 iam
1198 3088 1256 3139 eius
1274 3100 1362 3153 sepo-

272 3173 362 3211 curn.-
391 3158 445 3208 Cir.
466 3158 518 3207 Sat.
539 3159 569 3219 i,
593 3159 622 3217 2,
645 3158 684 3208 48.
719 3158 794 3209 Ouid.
833 3172 891 3210 rem
908 3160 943 3210 ob
961 3172 1076 3224 eamque
1093 3162 1180 3225 ipsam
1195 3174 1306 3213 oausam
1319 3166 1363 3213 tot

273 3236 334 3288 uet.
356 3234 387 3294 8,
413 3232 474 3284 att:
505 3232 704 3295 imploraturum
724 3234 797 3297 vtpe-
833 3234 948 3287 cinctam
965 3234 1049 3285 rebus
1065 3237 1187 3299 apponit,
1210 3250 1279 3300 quae
1297 3240 1363 3302 qni-

273 3310 316 3360 bot
331 3310 448 3359 Plomma
462 3307 550 3373 poton
577 3308 623 3370 qul
644 3305 718 3357 locus
735 3307 797 3358 lacit
832 3311 896 3361 dem
913 3322 966 3360 non
983 3322 1084 3361 coenae
1101 3311 1190 3372 initio,
1208 3310 1258 3361 sed
1274 3310 1363 3365 hsce·

273 3388 366 3437 contra
385 3383 529 3435 multorum
550 3382 635 3433 Codd.
653 3380 796 3434 lectionem
832 3388 858 3436 to
876 3387 930 3435 iarn
946 3384 1094 3436 ventriculo
1105 3386 1178 3450 apud
1194 3384 1260 3439 alios
1276 3400 1363 3452 prae-

269 3460 458 3525 pacaverit-
480 3456 605 3521 Lucania]
631 3458 684 3507 Sat.
705 3460 736 3521 2,
764 3459 794 3520 3,
832 3459 891 3511 beri
908 3458 1001 3511 solitae
1018 3462 1107 3522 crant,
1134 3474 1189 3524 quo
1205 3464 1294 3513 acrius
1314 3463 1362 3514 bi-

272 3535 330 3589 234.
348 3536 378 3597 2,
397 3533 425 3594 l,
443 3531 484 3584 lo.
515 3532 603 3596 Caput
618 3545 716 3583 coenae
729 3534 793 3596 (Cio.
832 3534 929 3585 herent
945 3535 1080 3585 canavae.
1102 3560 1129 3571 -
1148 3536 1253 3602 dream]
1271 3536 1298 3586 in
1316 3550 1364 3587 oa-

273 3607 447 3669 Tusc.5,3l.
461 3606 511 3668 98.)
524 3608 576 3657 hoc
587 3606 692 3657 videtur
702 3607 794 3669 luisse,
833 3607 893 3661 lillis
909 3609 1005 3672 posita.
1040 3608 1115 3659 Coni.
1140 3610 1193 3659 Sat.
1217 3610 1248 3670 2,
1274 3609 1306 3669 l,
1327 3612 1363 3662 73

273 3696 339 3747 aper
355 3683 469 3745 integer,
487 3680 535 3731 sed
553 3682 641 3746 inepte
652 3683 739 3747 primo
751 3697 797 3748 ap-
832 3697 893 3747 sqq.
913 3710 941 3719 -
960 3682 1060 3744 capeto
1076 3682 1138 3746 cet]
1155 3684 1362 3747 ltodiuctoe,

273 3758 388 3823 positus,
402 3758 431 3805 ut
442 3756 593 3806 coniectare
605 3755 693 3807 liceto
706 3758 796 3809 Coena
833 3757 970 3817 lotticli,
988 3757 1117 3807 ltcttict.
1147 3756 1188 3807 Ci.
1207 3758 1261 3807 Sat.
1278 3759 1311 3818 2,
1329 3760 1362 3818 2,

273 3829 472 3881 Trimalchionis
483 3830 606 3891 Petronii,
621 3832 685 3895 Cap.
695 3831 796 3891 36-40.;
833 3831 874 3883 li.
893 3833 924 3891 2,
949 3831 980 3891 l,
1007 3831 1048 3881 59.
1075 3856 1103 3867 -
1125 3833 1215 3893 puolo
1234 3832 1299 3896 cet]
1318 3837 1365 3884 eet

274 3906 324 3956 nisi
348 3905 437 3968 potius
459 3916 522 3966 grus
543 3902 586 3955 ille
607 3916 717 3969 sparsus
741 3904 797 3957 sale
834 3903 1365 3969 maliesimiliterlamemexcitant.»ci·

274 3978 357 4030 multo
375 3978 408 4040 (v.
421 3978 472 4040 87.)
491 3977 621 4029 torculum
641 3980 796 4043 primarium
832 3979 883 4030 bos
899 3980 1082 4044 appetentiam
1097 3980 1232 4031 irritantes
1248 3992 1364 4031 enume-

274 4053 334 4113 lult,
353 4055 383 4103 ut
398 4050 541 4103 arbitretur
560 4054 671 4105 Becker.
708 4054 797 4117 (Cete-
832 4056 875 4104 rat
898 4055 981 4104 etiem
1005 4055 1171 4105 Nicostratus
1194 4055 1221 4103 iu
1244 4054 1362 4105 lleinok.

273 4140 334 4177 rum
351 4138 488 4191 nunquam
511 4127 577 4188 diri,
605 4130 681 4179 rante
705 4132 796 4191 gusta-
833 4130 920 4192 Frgm.
938 4129 1014 4180 Com.
1032 4129 1075 4179 111.
1093 4142 1121 4192 p.
1137 4127 1195 4177 278.
1216 4154 1244 4163 -
1261 4128 1365 4177 Parnet-

274 4203 392 4253 tionem»
419 4214 513 4266 aprum
540 4202 619 4252 istum
645 4204 797 4269 appositum
832 4204 899 4268 lunt]
927 4216 1011 4253 «oum
1037 4204 1156 4267 quadam
1182 4200 1363 4253 delectatione
