2925 4892
542 369 603 419 sits
622 368 766 421 romei.

151 522 287 590 Romani
308 521 419 589 tolient
440 521 568 608 equites
589 522 781 610 peditesque
804 525 1003 593 cachinnum.

151 644 302 710 intererit
323 641 457 709 muitum
477 642 615 709 divusne
636 642 787 731 loquutur
808 664 848 711 sn
871 645 981 722 beros,

151 766 339 831 iioturusne
359 784 462 831 senex
481 784 523 830 nu
544 763 652 831 udbuo
672 762 808 832 floreme
831 766 960 835 inventu
1135 768 1197 835 445

151 883 326 961 Fervidus,
349 893 382 949 et
403 892 548 950 matrona
570 893 684 970 potens
706 906 747 951 un
770 886 883 953 sedula
903 888 1022 965 nutrix,

151 1008 353 1073 Mercatorne
374 1024 477 1090 vagus
499 1002 644 1071 cultorne
664 1005 797 1073 virentis
819 1006 928 1094 agelli,

141 1164 289 1217 Lambinus
298 1164 461 1216 oomeeturd.
476 1188 504 1201 -
524 1164 580 1214 tto.
597 1162 630 1229 st]
647 1177 683 1213 us
698 1164 816 1229 quinque
833 1166 915 1229 liegii,
934 1165 987 1217 duo
1005 1166 1163 1231 iioobederi‚

142 1241 205 1296 bct,
217 1244 289 1289 οιοο
299 1254 327 1287 κ.
347 1239 455 1301 (iituos‚
469 1237 566 1296 nostri,
585 1238 665 1287 otum
682 1238 711 1299 Ε,
729 1236 875 1291 Bentleinni
891 1252 986 1291 omnes
1002 1244 1110 1306 prester
1125 1245 1163 1307 οι.)

143 1340 172 1350 -
189 1312 293 1377 paese]
319 1324 413 1374 porois
433 1324 465 1361 es
490 1323 543 1361 uuo
565 1309 664 1361 codiee
686 1312 747 1362 Fen.
768 1338 796 1349 -
815 1313 871 1363 iti.
888 1314 994 1379 otpentit
1010 1328 1039 1377 ο,
1058 1320 1164 1381 septem

142 1389 217 1450 Regii
233 1384 345 1449 ulique,
364 1387 391 1436 F.

106 1540 224 1590 niiestne
240 1528 436 1600 interpolationi
446 1534 590 1597 debentur,
607 1537 638 1585 ut
673 1549 737 1587 vers
753 1535 861 1587 differre
876 1538 945 1589 inter
955 1551 985 1589 se
996 1551 1137 1592 sermones
1148 1541 1197 1592 de·

106 1616 231 1665 Duousss
253 1612 373 1673 loquutur
395 1610 492 1661 lirum
513 1608 635 1673 (bamb),
672 1610 914 1663 ommetberoum
927 1613 1197 1676 intragoediisorse-

108 1690 231 1738 vuum
245 1686 365 1747 ioquotur
379 1685 484 1735 bem
495 1683 634 1747 (boudin),
672 1684 732 1734 cisi
752 1685 855 1749 Quippe
872 1684 906 1735 iili
926 1686 1026 1750 (spolio
1042 1690 1070 1739 et
1080 1689 1197 1739 Minurus

106 1763 209 1811 dione
224 1760 345 1820 ioqnutw
359 1772 395 1809 uss
407 1759 465 1809 irus
480 1756 635 1821 (Erasmus),
672 1759 699 1808 in
714 1758 921 1821 Eumenidum,
940 1760 1056 1812 itinerun
1067 1762 1093 1813 in
1105 1763 1195 1823 Aiane,

106 1835 178 1884 ratio
188 1833 284 1883 bebori
294 1833 395 1896 nequit.
416 1833 530 1883 Exterm
541 1831 637 1883 utrius-
671 1832 754 1881 Dione
766 1832 792 1883 in
805 1832 962 1897 Hippolyto,
981 1836 1072 1900 ceteri)
1090 1848 1155 1901 prus
1166 1846 1196 1887 se

107 1921 164 1972 qne
175 1906 296 1958 iectionis
306 1907 450 1958 suotoritns
460 1905 634 1969 torepurest.
671 1904 760 1955 terunt
777 1906 868 1957 nescio
884 1906 951 1969 quid
969 1906 1129 1959 sublimioris
1145 1910 1197 1973 spi·

107 1982 314 2033 communitior
338 1981 420 2043 Gruq.
449 1978 513 2042 legit
537 1979 637 2029 dvm
671 1980 755 2039 ritus,
786 1977 846 2044 pius
872 1992 954 2043 qnam
982 1982 1103 2043 humani,
1132 1995 1196 2033 vere

107 2056 168 2106 sive
185 2056 304 2115 me,
320 2054 469 2117 Porphyrio
486 2051 637 2103 iioobederi
672 2050 810 2115 eoelestis,
829 2054 928 2118 quippe
945 2056 990 2119 qui
1006 2068 1111 2107 summu
1122 2058 1197 2106 um·

109 2131 137 2179 in
161 2128 290 2179 iemmnte
314 2128 424 2192 quidem
446 2127 561 2188 dium,
585 2124 635 2177 sed
671 2124 799 2189 quiliitute
816 2129 897 2190 utque
911 2129 1195 2181 ueternubeetitudine

109 2202 234 2253 scholion
249 2204 338 2266 ipsum
354 2202 535 2261 demonstret,
566 2199 634 2251 Edit.
672 2200 856 2265 pertruuntur,
875 2202 940 2253 dum
957 2203 998 2254 vei
1015 2206 1138 2255 aestuant
1154 2204 1196 2255 vei

108 2277 260 2341 principem
276 2276 405 2327 venetum
420 2274 493 2327 4484.
506 2276 637 2324 rectees-
673 2274 825 2327 mortalium
864 2277 1032 2341 aegrimoniis
1066 2276 1196 2345 metisque

108 2350 205 2401 bibere
221 2351 355 2409 omnem
378 2362 441 2401 nom
463 2349 555 2399 neseio
572 2347 636 2411 quid
673 2348 1198 2415 conflictentur-heroes,(Plutirob.com-

108 2426 194 2488 garrit
205 2425 241 2475 de
251 2423 411 2475 itennndro:
428 2422 521 2488 «Apud
531 2423 638 2473 Renun-
672 2437 730 2488 per.
745 2424 879 2488 Aristoph.
893 2427 921 2475 et
931 2425 1067 2476 itennndri
1079 2426 1102 2487 4,
1113 2426 1139 2477 6.
1151 2426 1194 2477 ed.

108 2500 192 2550 drnm
211 2497 347 2549 inducitur
369 2510 478 2559 seruus,
504 2496 638 2547 inducitur
673 2497 792 2547 Frnnoot.
813 2510 839 2561 p.
860 2498 919 2549 85³.
940 2498 988 2547 D.:
1017 2492 1114 2570 ὥσπερ
1136 2494 1196 2549 eisd

108 2572 180 2625 iiber
196 2571 308 2635 loquens
325 2574 354 2622 et
368 2573 421 2624 boo
437 2571 480 2623 iiie
496 2570 637 2635 indulgen·
672 2566 781 2641 κλήρου
798 2565 938 2635 ἀπονέμει
953 2576 1015 2634 τοῖς
1031 2569 1198 2659 προσώποις

110 2644 370 2708 teretinconsulio,
388 2645 637 2697 uiomnisdomino
671 2640 709 2695 τοὶ
734 2641 937 2715 προστυχόντα
960 2642 1018 2695 τῶν
1043 2642 1197 2711 orepavor

109 2720 268 2785 simpliciter
275 2720 398 2771 tutentur.
416 2722 509 2784 iisque
518 2732 572 2783 quo
580 2732 638 2770 mo
672 2712 847 2769 modestis
868 2715 1029 2785 διαγνοίης,
1056 2717 1112 2770 si'rs
1134 2716 1197 2784 uidg

109 2795 147 2845 do
171 2794 375 2858 (musondo)
401 2793 475 2847 ilium
500 2797 636 2845 excuset.»
672 2792 751 2845 ἐστιν
762 2790 818 2843 εἴτε
829 2788 924 2865 πατὴρ
935 2789 983 2843 οἵτ’
995 2786 1132 2865 ἄγροικος
1141 2792 1198 2845 situ

110 2869 244 2933 Equidem
265 2870 376 2934 propter
396 2869 446 2920 bos
469 2868 637 2933 potissimum
672 2863 759 2930 θεὸς
784 2864 839 2919 εἴτε
872 2864 961 2939 γραῦς
986 2864 1041 2919 εἴτε
1066 2861 1154 2939 ἥρως
1178 2864 1196 2919 ὁ

109 2944 230 2995 ustiones
245 2944 347 2994 diuum
362 2941 488 3007 praetuli,
509 2944 571 3006 quin
588 2954 638 3006 per
672 2939 898 3010 διαλεγόμενος.)

109 3020 198 3068 totum
208 3017 237 3067 b.
250 3016 267 3067 4.
280 3017 315 3068 de
326 3016 461 3079 trugoedis
472 3017 539 3079 egit,
557 3028 637 3078 equs
706 3018 829 3069 tto-its.
847 3018 994 3069 Moturum
1001 3018 1084 3083 mem]
1094 3018 1152 3069 vid.
1162 3018 1198 3070 ud

110 3092 208 3141 bausit
221 3090 257 3141 nd
273 3092 382 3153 satyros
393 3104 419 3141 v.
433 3091 506 3148 22⁰4
524 3090 589 3141 sutis
598 3092 638 3139 in·
674 3090 723 3142 od.
736 3090 762 3153 i,
774 3091 799 3151 i,
812 3093 854 3143 itt.
872 3093 944 3156 virg.
956 3096 1021 3145 Aen.
1034 3094 1059 3156 9,
1071 3092 1132 3145 nio:
1152 3108 1198 3144 us·

110 3165 305 3216 subvenientes
320 3165 399 3227 igitur
414 3166 458 3215 hio
475 3164 638 3215 immiscere-
672 3167 713 3217 nis
727 3166 815 3230 pronis
831 3171 906 3229 atque
922 3167 1001 3219 mirsi
1015 3168 1198 3219 mmsis-

111 3244 155 3290 tur
171 3250 288 3303 persono
305 3239 424 3298 comico,
449 3241 637 3289 comestores
673 3245 717 3291 tes.
732 3266 760 3275 —-
773 3241 875 3291 uem
884 3242 1013 3306 Feruidus]
1030 3243 1074 3293 Sin
1084 3237 1198 3307 ἡλικίας

110 3326 209 3364 ornnes
233 3313 283 3363 rite
307 3312 342 3363 nd
362 3311 528 3375 tragoediam
543 3310 638 3363 reterri
673 3308 796 3379 ζεσάσης
812 3312 904 3365 nobili.
923 3316 979 3365 Tei.
997 3329 1025 3380 p.
1037 3316 1078 3365 90.
1092 3316 1195 3367 iuoobs.

109 3386 224 3451 possint.
257 3387 302 3437 Sio
326 3388 400 3437 recte
425 3388 478 3437 ium
500 3386 578 3437 isson
602 3385 637 3436 de
676 3414 704 3425 -·
721 3392 842 3439 matrum
855 3388 951 3451 poiens]
970 3400 1055 3451 «quoe
1071 3388 1198 3439 domesti-

111 3464 208 3511 Nores:
228 3462 332 3511 ‹Dwus
347 3461 467 3511 oomious
481 3459 584 3512 alienus
595 3462 639 3511 est
674 3474 737 3511 oum
754 3463 830 3524 qussi
845 3462 987 3526 imperium
1004 3464 1089 3522 tenet,
1107 3464 1147 3513 dte
1157 3475 1199 3526 qo·

110 3538 182 3587 inter
206 3534 323 3598 reliques
345 3538 459 3599 tragions
480 3548 636 3599 personne·
672 3536 782 3587 tumus
796 3536 951 3599 Houssruuu
978 3534 1094 3586 iuvennl.
1109 3537 1133 3597 4,
1149 3536 1195 3586 69:

109 3614 149 3661 Ao
165 3609 287 3674 protecto
303 3622 414 3673 prorsus
431 3608 548 3661 absurda
565 3608 639 3660 vide·
675 3610 791 3661 osmerii
805 3614 926 3661 nouom
936 3614 1034 3672 potent.
1056 3634 1084 3647 ·-
1111 3610 1199 3661 uduo
1295 3596 1303 3614 '

110 3688 155 3735 tur
171 3678 319 3746 ἀπιθεσις
329 3682 428 3734 servuli
440 3685 536 3735 comici
548 3685 577 3734 et
587 3685 639 3733 tru-
673 3686 772 3747 miris]
798 3687 828 3735 nt
852 3683 893 3735 iiis
915 3684 1008 3735 Cilissa
1030 3684 1057 3735 in
1073 3684 1199 3749 Aesobyii

109 3760 162 3823 gici
186 3758 286 3809 herois.
318 3758 439 3821 Denique
465 3756 638 3808 intolerabilis
675 3760 796 3824 cbo'epb.
809 3758 857 3811 tii
869 3772 946 3823 seqq.
959 3760 988 3809 ei
1003 3758 1070 3809 uiino
1090 3760 1116 3811 in
1133 3762 1199 3810 Trn-

111 3833 177 3883 mibi
197 3830 293 3883 uitem
315 3831 422 3882 videtur
437 3830 560 3883 eiusdem
577 3844 639 3883 ser-
675 3834 770 3886 obiniis
787 3836 815 3885 et
831 3832 981 3899 Hippolyto.
998 3858 1025 3869 -
1041 3836 1199 3886 fluentum

110 3906 164 3958 unii
181 3907 247 3957 oevi
264 3907 388 3970 repetitio
404 3919 430 3955 v.
445 3905 503 3956 ssi.
534 3907 565 3956 V.
578 3906 636 3955 tsi.
673 3907 764 3973 oopus]
781 3910 811 3958 ut
825 3902 954 3979 ἔμπορος
965 3910 992 3959 io
1003 3906 1155 3958 Philoctete.
1170 3936 1196 3945 -

109 3985 203 4032 autom
228 3994 282 4031 nou
306 3983 493 4045 opponuntur,
520 3979 584 4040 sed,
610 3982 640 4029 nt
673 3982 892 4047 outtor--upettss
903 3975 1199 4052 nogrometensem

110 4065 187 4116 loeus
199 4056 257 4119 ipse
265 4055 429 4118 requirebat,
439 4057 640 4117 componuntur
675 4054 727 4123 γὸς
744 4058 770 4107 in
783 4056 914 4120 Euripidis
927 4055 1038 4107 Eieotru.
1057 4056 1200 4119 (Frequen-

110 4133 172 4182 dau
187 4132 216 4180 et
231 4129 311 4179 beros.
345 4130 378 4180 Et
394 4130 440 4193 qni
456 4129 547 4180 invent
563 4127 639 4183 elteri
676 4133 729 4183 tius
746 4144 825 4191 sune,
852 4131 882 4180 ut
904 4132 1113 4181 consentaneum
1130 4130 1196 4189 erut,

110 4205 233 4265 lectioni,
250 4204 386 4268 quomodo
402 4217 456 4256 non
468 4204 592 4257 videmnt
607 4219 637 4259 re
676 4207 703 4257 iu
728 4203 880 4257 Comoediis
902 4204 970 4256 bueo
991 4214 1107 4269 persone
1123 4212 1199 4253 oom-
