<?xml version="1.0" encoding="UTF-8"?>
<!DOCTYPE html PUBLIC "-//W3C//DTD XHTML 1.0 Transitional//EN"
    "http://www.w3.org/TR/xhtml1/DTD/xhtml1-transitional.dtd">
<html xmlns="http://www.w3.org/1999/xhtml" xml:lang="en" lang="en">
 <head>
  <title>
</title>
<meta http-equiv="Content-Type" content="text/html;charset=utf-8" />
  <meta name='ocr-system' content='tesseract 3.04.00' />
  <meta name='ocr-capabilities' content='ocr_page ocr_carea ocr_par ocr_line ocrx_word'/>
</head>
<body>
  <div class='ocr_page' id='page_1' title='image "./qhoratiusflaccu03baitgoog/qhoratiusflaccu03baitgoog_0642.png"; bbox 0 0 2925 4892; ppageno 0'>
   <div class='ocr_carea' id='block_1_1' title="bbox 253 323 985 389">
    <p class='ocr_par' dir='ltr' id='par_1_1' title="bbox 253 323 985 389">
     <span class='ocr_line' id='line_1_1' title="bbox 253 323 985 389; baseline -0.012 -8"><span class='ocrx_word' id='word_1_1' title='bbox 253 325 314 389; x_wconf 66' lang='grc'><strong>648</strong></span> <span class='ocrx_word' id='word_1_2' title='bbox 614 324 742 373; x_wconf 74' lang='grc' dir='ltr'>ΙΙΟΙὶΑΤΙΙ</span> <span class='ocrx_word' id='word_1_3' title='bbox 765 323 985 374; x_wconf 74' lang='lat' dir='ltr'><strong>EPISTULARUM</strong></span> 
     </span>
    </p>
   </div>
   <div class='ocr_carea' id='block_1_2' title="bbox 296 476 1335 688">
    <p class='ocr_par' dir='ltr' id='par_1_2' title="bbox 296 476 1335 688">
     <span class='ocr_line' id='line_1_2' title="bbox 297 476 1164 568; baseline -0.007 -23"><span class='ocrx_word' id='word_1_4' title='bbox 297 480 481 568; x_wconf 89' lang='lat' dir='ltr'><strong>insequeris</strong></span> <span class='ocrx_word' id='word_1_5' title='bbox 503 489 610 544; x_wconf 89' lang='lat' dir='ltr'><strong>tamen</strong></span> <span class='ocrx_word' id='word_1_6' title='bbox 632 478 717 544; x_wconf 91' lang='lat' dir='ltr'><strong>hunc</strong></span> <span class='ocrx_word' id='word_1_7' title='bbox 739 491 772 544; x_wconf 92' lang='lat' dir='ltr'><strong>et</strong></span> <span class='ocrx_word' id='word_1_8' title='bbox 792 477 846 543; x_wconf 90' lang='lat' dir='ltr'><strong>iite</strong></span> <span class='ocrx_word' id='word_1_9' title='bbox 869 477 1004 542; x_wconf 87' lang='lat' dir='ltr'><strong>moraris</strong></span> <span class='ocrx_word' id='word_1_10' title='bbox 1031 476 1164 562; x_wconf 75' lang='lat' dir='ltr'><strong>iniqua?</strong></span> 
     </span>
     <span class='ocr_line' id='line_1_3' title="bbox 296 597 1335 688; baseline -0.006 -22"><span class='ocrx_word' id='word_1_11' title='bbox 296 602 367 666; x_wconf 83' lang='lat' dir='ltr'>Dixi</span> <span class='ocrx_word' id='word_1_12' title='bbox 389 622 441 666; x_wconf 88' lang='lat' dir='ltr'><strong>mc</strong></span> <span class='ocrx_word' id='word_1_13' title='bbox 464 602 590 687; x_wconf 81' lang='lat' dir='ltr'><strong>pigrum</strong></span> <span class='ocrx_word' id='word_1_14' title='bbox 613 599 829 688; x_wconf 83' lang='lat' dir='ltr'><strong>proficiscenti</strong></span> <span class='ocrx_word' id='word_1_15' title='bbox 853 599 924 672; x_wconf 84' lang='lat' dir='ltr'><strong>tibi,</strong></span> <span class='ocrx_word' id='word_1_16' title='bbox 949 598 1013 663; x_wconf 78' lang='lat' dir='ltr'><strong>tiixi</strong></span> <span class='ocrx_word' id='word_1_17' title='bbox 1296 597 1335 660; x_wconf 75' lang='lat'><strong>20</strong></span> 
     </span>
    </p>
   </div>
   <div class='ocr_carea' id='block_1_3' title="bbox 294 720 1336 1520">
    <p class='ocr_par' dir='ltr' id='par_1_3' title="bbox 296 720 1173 929">
     <span class='ocr_line' id='line_1_4' title="bbox 296 720 1173 808; baseline -0.002 -22"><span class='ocrx_word' id='word_1_18' title='bbox 296 720 424 787; x_wconf 77' lang='lat' dir='ltr'><strong>iniibus</strong></span> <span class='ocrx_word' id='word_1_19' title='bbox 447 720 560 787; x_wconf 87' lang='lat' dir='ltr'><strong>officiis</strong></span> <span class='ocrx_word' id='word_1_20' title='bbox 582 741 684 808; x_wconf 85' lang='lat' dir='ltr'>prope</span> <span class='ocrx_word' id='word_1_21' title='bbox 708 741 871 794; x_wconf 88' lang='lat' dir='ltr'><strong>mancum,</strong></span> <span class='ocrx_word' id='word_1_22' title='bbox 896 739 937 784; x_wconf 90' lang='lat' dir='ltr'><strong>ne</strong></span> <span class='ocrx_word' id='word_1_23' title='bbox 959 739 1033 784; x_wconf 88' lang='lat' dir='ltr'><strong>mea</strong></span> <span class='ocrx_word' id='word_1_24' title='bbox 1053 739 1173 785; x_wconf 87' lang='lat' dir='ltr'><strong>saevus</strong></span> 
     </span>
     <span class='ocr_line' id='line_1_5' title="bbox 298 838 1095 929; baseline -0.003 -23"><span class='ocrx_word' id='word_1_25' title='bbox 298 845 445 929; x_wconf 73' lang='lat' dir='ltr'><strong>iurgares</strong></span> <span class='ocrx_word' id='word_1_26' title='bbox 468 841 509 906; x_wconf 85' lang='lat' dir='ltr'><strong>ad</strong></span> <span class='ocrx_word' id='word_1_27' title='bbox 533 853 563 906; x_wconf 92' lang='lat' dir='ltr'><strong>te</strong></span> <span class='ocrx_word' id='word_1_28' title='bbox 586 841 675 928; x_wconf 91' lang='lat' dir='ltr'><strong>quod</strong></span> <span class='ocrx_word' id='word_1_29' title='bbox 698 839 835 927; x_wconf 89' lang='lat' dir='ltr'><strong>epistoia</strong></span> <span class='ocrx_word' id='word_1_30' title='bbox 857 839 943 905; x_wconf 89' lang='lat' dir='ltr'><strong>nuiia</strong></span> <span class='ocrx_word' id='word_1_31' title='bbox 966 838 1095 905; x_wconf 80' lang='lat' dir='ltr'><strong>rediret.</strong></span> 
     </span>
    </p>

    <p class='ocr_par' dir='ltr' id='par_1_4' title="bbox 297 958 1046 1049">
     <span class='ocr_line' id='line_1_6' title="bbox 297 958 1046 1049; baseline 0.001 -22"><span class='ocrx_word' id='word_1_32' title='bbox 297 963 382 1043; x_wconf 88' lang='lat' dir='ltr'>Quid</span> <span class='ocrx_word' id='word_1_33' title='bbox 406 975 472 1028; x_wconf 89' lang='lat' dir='ltr'><strong>turn</strong></span> <span class='ocrx_word' id='word_1_34' title='bbox 494 962 631 1049; x_wconf 76' lang='lat' dir='ltr'><strong>profeci,</strong></span> <span class='ocrx_word' id='word_1_35' title='bbox 656 981 784 1026; x_wconf 89' lang='lat' dir='ltr'><strong>mecum</strong></span> <span class='ocrx_word' id='word_1_36' title='bbox 805 960 954 1026; x_wconf 82' lang='lat' dir='ltr'><strong>facientia</strong></span> <span class='ocrx_word' id='word_1_37' title='bbox 975 958 1046 1028; x_wconf 86' lang='lat' dir='ltr'><strong>iura</strong></span> 
     </span>
    </p>

    <p class='ocr_par' dir='ltr' id='par_1_5' title="bbox 294 1080 1336 1390">
     <span class='ocr_line' id='line_1_7' title="bbox 298 1080 1272 1168; baseline -0.004 -19"><span class='ocrx_word' id='word_1_38' title='bbox 298 1085 330 1150; x_wconf 85' lang='lat' dir='ltr'><strong>Si</strong></span> <span class='ocrx_word' id='word_1_39' title='bbox 354 1095 461 1150; x_wconf 88' lang='lat' dir='ltr'><strong>tamen</strong></span> <span class='ocrx_word' id='word_1_40' title='bbox 483 1082 643 1149; x_wconf 86' lang='lat' dir='ltr'><strong>attentas?</strong></span> <span class='ocrx_word' id='word_1_41' title='bbox 666 1082 820 1160; x_wconf 89' lang='lat' dir='ltr'><strong>Quereris</strong></span> <span class='ocrx_word' id='word_1_42' title='bbox 842 1101 942 1168; x_wconf 89' lang='lat' dir='ltr'><strong>super</strong></span> <span class='ocrx_word' id='word_1_43' title='bbox 963 1080 1025 1147; x_wconf 88' lang='lat' dir='ltr'><strong>hoc</strong></span> <span class='ocrx_word' id='word_1_44' title='bbox 1045 1082 1158 1154; x_wconf 75' lang='lat' dir='ltr'><strong>etiam</strong></span> <span class='ocrx_word' id='word_1_45' title='bbox 1184 1080 1272 1167; x_wconf 90' lang='lat' dir='ltr'><strong>quod</strong></span> 
     </span>
     <span class='ocr_line' id='line_1_8' title="bbox 294 1201 1336 1292; baseline -0.006 -22"><span class='ocrx_word' id='word_1_46' title='bbox 294 1207 488 1292; x_wconf 78' lang='lat' dir='ltr'><strong>Exspectata</strong></span> <span class='ocrx_word' id='word_1_47' title='bbox 509 1203 566 1270; x_wconf 89' lang='lat' dir='ltr'><strong>tibi</strong></span> <span class='ocrx_word' id='word_1_48' title='bbox 589 1223 652 1268; x_wconf 91' lang='lat' dir='ltr'><strong>non</strong></span> <span class='ocrx_word' id='word_1_49' title='bbox 675 1203 797 1268; x_wconf 89' lang='lat' dir='ltr'><strong>mittam</strong></span> <span class='ocrx_word' id='word_1_50' title='bbox 818 1205 962 1269; x_wconf 86' lang='lat' dir='ltr'><strong>carmina</strong></span> <span class='ocrx_word' id='word_1_51' title='bbox 983 1201 1131 1268; x_wconf 80' lang='lat' dir='ltr'><strong>mendax.</strong></span> <span class='ocrx_word' id='word_1_52' title='bbox 1297 1202 1336 1266; x_wconf 78' lang='lat'><strong>25</strong></span> 
     </span>
     <span class='ocr_line' id='line_1_9' title="bbox 298 1322 964 1390; baseline -0.003 0"><span class='ocrx_word' id='word_1_53' title='bbox 298 1324 421 1390; x_wconf 90' lang='lat' dir='ltr'><strong>Luouiii</strong></span> <span class='ocrx_word' id='word_1_54' title='bbox 445 1324 536 1390; x_wconf 90' lang='lat' dir='ltr'><strong>miies</strong></span> <span class='ocrx_word' id='word_1_55' title='bbox 558 1322 692 1390; x_wconf 88' lang='lat' dir='ltr'><strong>collecta</strong></span> <span class='ocrx_word' id='word_1_56' title='bbox 715 1324 830 1388; x_wconf 79' lang='lat' dir='ltr'><strong>viatica</strong></span> <span class='ocrx_word' id='word_1_57' title='bbox 855 1322 964 1388; x_wconf 88' lang='lat' dir='ltr'><strong>muitis</strong></span> 
     </span>
    </p>

    <p class='ocr_par' dir='ltr' id='par_1_6' title="bbox 299 1443 1165 1520">
     <span class='ocr_line' id='line_1_10' title="bbox 299 1443 1165 1520; baseline 0 -10"><span class='ocrx_word' id='word_1_58' title='bbox 299 1445 481 1520; x_wconf 65' lang='lat' dir='ltr'><strong>aerumnis,</strong></span> <span class='ocrx_word' id='word_1_59' title='bbox 504 1443 610 1510; x_wconf 89' lang='lat' dir='ltr'><strong>lassus</strong></span> <span class='ocrx_word' id='word_1_60' title='bbox 633 1443 710 1510; x_wconf 90' lang='lat' dir='ltr'><strong>dum</strong></span> <span class='ocrx_word' id='word_1_61' title='bbox 733 1454 829 1510; x_wconf 89' lang='lat' dir='ltr'><strong>noctu</strong></span> <span class='ocrx_word' id='word_1_62' title='bbox 852 1445 968 1518; x_wconf 86' lang='lat' dir='ltr'><strong>stertit,</strong></span> <span class='ocrx_word' id='word_1_63' title='bbox 993 1444 1034 1510; x_wconf 89' lang='lat' dir='ltr'><strong>ad</strong></span> <span class='ocrx_word' id='word_1_64' title='bbox 1057 1464 1165 1510; x_wconf 86' lang='lat' dir='ltr'><strong>assem</strong></span> 
     </span>
    </p>
   </div>
   <div class='ocr_carea' id='block_1_4' title="bbox 291 1678 1314 1892">
    <p class='ocr_par' dir='ltr' id='par_1_7' title="bbox 291 1678 1314 1892">
     <span class='ocr_line' id='line_1_11' title="bbox 323 1678 1310 1740; baseline -0.003 -9"><span class='ocrx_word' id='word_1_65' title='bbox 323 1683 364 1731; x_wconf 66' lang='lat' dir='ltr'><strong>ti.</strong></span> <span class='ocrx_word' id='word_1_66' title='bbox 382 1695 500 1731; x_wconf 74' lang='lat' dir='ltr'><strong>cronaca</strong></span> <span class='ocrx_word' id='word_1_67' title='bbox 521 1686 545 1730; x_wconf 81' lang='lat' dir='ltr'><strong>ot</strong></span> <span class='ocrx_word' id='word_1_68' title='bbox 565 1694 596 1730; x_wconf 76' lang='lat' dir='ltr'><strong>rte</strong></span> <span class='ocrx_word' id='word_1_69' title='bbox 612 1679 640 1729; x_wconf 91' lang='lat' dir='ltr'><strong>b.</strong></span> <span class='ocrx_word' id='word_1_70' title='bbox 662 1708 687 1716; x_wconf 88' lang='lat'>-</span> <span class='ocrx_word' id='word_1_71' title='bbox 707 1681 747 1730; x_wconf 76' lang='lat' dir='ltr'><strong>tt.</strong></span> <span class='ocrx_word' id='word_1_72' title='bbox 766 1681 859 1730; x_wconf 76' lang='lat' dir='ltr'><strong>rediret</strong></span> <span class='ocrx_word' id='word_1_73' title='bbox 874 1678 952 1730; x_wconf 72' lang='lat' dir='ltr'><strong>used</strong></span> <span class='ocrx_word' id='word_1_74' title='bbox 969 1682 996 1730; x_wconf 87' lang='lat' dir='ltr'><strong>ct</strong></span> <span class='ocrx_word' id='word_1_75' title='bbox 1013 1679 1078 1730; x_wconf 88' lang='lat' dir='ltr'><strong>Cod.</strong></span> <span class='ocrx_word' id='word_1_76' title='bbox 1098 1679 1225 1740; x_wconf 67' lang='lat' dir='ltr'><strong>irenem,</strong></span> <span class='ocrx_word' id='word_1_77' title='bbox 1248 1679 1310 1728; x_wconf 87' lang='lat' dir='ltr'><strong>item</strong></span> 
     </span>
     <span class='ocr_line' id='line_1_12' title="bbox 291 1753 1311 1814; baseline -0.005 -8"><span class='ocrx_word' id='word_1_78' title='bbox 291 1770 353 1808; x_wconf 90' lang='lat' dir='ltr'><strong>cum</strong></span> <span class='ocrx_word' id='word_1_79' title='bbox 372 1757 455 1807; x_wconf 91' lang='lat' dir='ltr'><strong>tribus</strong></span> <span class='ocrx_word' id='word_1_80' title='bbox 473 1769 583 1806; x_wconf 90' lang='lat' dir='ltr'><strong>suorum</strong></span> <span class='ocrx_word' id='word_1_81' title='bbox 601 1770 626 1806; x_wconf 92' lang='lat' dir='ltr'><strong>s:</strong></span> <span class='ocrx_word' id='word_1_82' title='bbox 653 1757 748 1806; x_wconf 77' lang='lat' dir='ltr'><strong>veniret</strong></span> <span class='ocrx_word' id='word_1_83' title='bbox 764 1754 855 1806; x_wconf 87' lang='lat' dir='ltr'><strong>Giossa</strong></span> <span class='ocrx_word' id='word_1_84' title='bbox 873 1754 978 1804; x_wconf 88' lang='lat' dir='ltr'><strong>Codicis</strong></span> <span class='ocrx_word' id='word_1_85' title='bbox 995 1755 1028 1814; x_wconf 85' lang='lat' dir='ltr'><strong>E,</strong></span> <span class='ocrx_word' id='word_1_86' title='bbox 1053 1755 1116 1803; x_wconf 89' lang='lat' dir='ltr'><strong>item</strong></span> <span class='ocrx_word' id='word_1_87' title='bbox 1134 1767 1163 1813; x_wconf 83' lang='lat' dir='ltr'><strong>c,</strong></span> <span class='ocrx_word' id='word_1_88' title='bbox 1186 1753 1311 1803; x_wconf 83' lang='lat' dir='ltr'><strong>Schmidii</strong></span> 
     </span>
     <span class='ocr_line' id='line_1_13' title="bbox 291 1825 1314 1892; baseline -0.003 -13"><span class='ocrx_word' id='word_1_89' title='bbox 291 1831 439 1892; x_wconf 88' lang='lat' dir='ltr'><strong>secundus,</strong></span> <span class='ocrx_word' id='word_1_90' title='bbox 467 1831 563 1882; x_wconf 71' lang='lat' dir='ltr'><strong>botru</strong></span> <span class='ocrx_word' id='word_1_91' title='bbox 590 1833 616 1880; x_wconf 88' lang='lat' dir='ltr'><strong>et</strong></span> <span class='ocrx_word' id='word_1_92' title='bbox 641 1827 783 1880; x_wconf 79' lang='lat' dir='ltr'><strong>bentieius.</strong></span> <span class='ocrx_word' id='word_1_93' title='bbox 811 1827 910 1890; x_wconf 79' lang='lat' dir='ltr'><strong>(rediret</strong></span> <span class='ocrx_word' id='word_1_94' title='bbox 926 1841 958 1878; x_wconf 85' lang='lat' dir='ltr'><strong>ex</strong></span> <span class='ocrx_word' id='word_1_95' title='bbox 976 1825 1046 1878; x_wconf 88' lang='lat' dir='ltr'><strong>nulio</strong></span> <span class='ocrx_word' id='word_1_96' title='bbox 1063 1840 1174 1877; x_wconf 90' lang='lat' dir='ltr'><strong>suorum</strong></span> <span class='ocrx_word' id='word_1_97' title='bbox 1196 1827 1314 1876; x_wconf 86' lang='lat' dir='ltr'><strong>enotavit</strong></span> 
     </span>
    </p>
   </div>
   <div class='ocr_carea' id='block_1_5' title="bbox 260 2011 1348 2970">
    <p class='ocr_par' dir='ltr' id='par_1_8' title="bbox 260 2011 1348 2970">
     <span class='ocr_line' id='line_1_14' title="bbox 260 2011 1345 2080; baseline -0.006 -16"><span class='ocrx_word' id='word_1_98' title='bbox 260 2017 313 2076; x_wconf 86' lang='lat' dir='ltr'><strong>ius,</strong></span> <span class='ocrx_word' id='word_1_99' title='bbox 333 2029 366 2064; x_wconf 85' lang='lat' dir='ltr'><strong>ex</strong></span> <span class='ocrx_word' id='word_1_100' title='bbox 377 2028 431 2079; x_wconf 90' lang='lat' dir='ltr'><strong>quc</strong></span> <span class='ocrx_word' id='word_1_101' title='bbox 443 2017 594 2066; x_wconf 86' lang='lat' dir='ltr'><strong>necessario</strong></span> <span class='ocrx_word' id='word_1_102' title='bbox 606 2015 689 2076; x_wconf 82' lang='lat' dir='ltr'><strong>iitem,</strong></span> <span class='ocrx_word' id='word_1_103' title='bbox 702 2028 784 2080; x_wconf 84' lang='lat' dir='ltr'><strong>quarn</strong></span> <span class='ocrx_word' id='word_1_104' title='bbox 822 2015 893 2064; x_wconf 86' lang='lat' dir='ltr'><strong>ditur</strong></span> <span class='ocrx_word' id='word_1_105' title='bbox 908 2015 980 2076; x_wconf 78' lang='lat' dir='ltr'><strong>virg.</strong></span> <span class='ocrx_word' id='word_1_106' title='bbox 998 2018 1064 2064; x_wconf 77' lang='lat' dir='ltr'><strong>Aen.</strong></span> <span class='ocrx_word' id='word_1_107' title='bbox 1084 2014 1129 2072; x_wconf 84' lang='lat' dir='ltr'><strong>tt,</strong></span> <span class='ocrx_word' id='word_1_108' title='bbox 1153 2012 1216 2062; x_wconf 70' lang='lat'>687:</span> <span class='ocrx_word' id='word_1_109' title='bbox 1244 2011 1345 2062; x_wconf 50' lang='lat' dir='ltr'><strong>timorit</strong></span> 
     </span>
     <span class='ocr_line' id='line_1_15' title="bbox 260 2085 1346 2152; baseline -0.005 -13"><span class='ocrx_word' id='word_1_110' title='bbox 260 2091 385 2152; x_wconf 77' lang='lat' dir='ltr'><strong>mangoni</strong></span> <span class='ocrx_word' id='word_1_111' title='bbox 401 2091 531 2152; x_wconf 83' lang='lat' dir='ltr'><strong>intendis,</strong></span> <span class='ocrx_word' id='word_1_112' title='bbox 559 2103 611 2139; x_wconf 94' lang='lat' dir='ltr'><strong>non</strong></span> <span class='ocrx_word' id='word_1_113' title='bbox 634 2089 783 2151; x_wconf 84' lang='lat' dir='ltr'><strong>obtinebis,</strong></span> <span class='ocrx_word' id='word_1_114' title='bbox 821 2090 865 2150; x_wconf 78' lang='lat' dir='ltr'><strong>qni</strong></span> <span class='ocrx_word' id='word_1_115' title='bbox 887 2093 992 2138; x_wconf 73' lang='lat' dir='ltr'><strong>oestro</strong></span> <span class='ocrx_word' id='word_1_116' title='bbox 1016 2089 1068 2137; x_wconf 77' lang='lat' dir='ltr'><strong>riter</strong></span> <span class='ocrx_word' id='word_1_117' title='bbox 1086 2085 1248 2136; x_wconf 61' lang='lat' dir='ltr'><strong>numum</strong></span> <span class='ocrx_word' id='word_1_118' title='bbox 1269 2085 1346 2134; x_wconf 59' lang='lat' dir='ltr'><strong>orm</strong></span> 
     </span>
     <span class='ocr_line' id='line_1_16' title="bbox 260 2161 1343 2226; baseline -0.003 -14"><span class='ocrx_word' id='word_1_119' title='bbox 260 2163 308 2212; x_wconf 88' lang='lat' dir='ltr'><strong>sed</strong></span> <span class='ocrx_word' id='word_1_120' title='bbox 326 2165 458 2214; x_wconf 74' lang='lat' dir='ltr'><strong>amittes.»</strong></span> <span class='ocrx_word' id='word_1_121' title='bbox 487 2165 572 2215; x_wconf 83' lang='lat' dir='ltr'><strong>Minus</strong></span> <span class='ocrx_word' id='word_1_122' title='bbox 594 2169 719 2214; x_wconf 85' lang='lat' dir='ltr'><strong>accurate</strong></span> <span class='ocrx_word' id='word_1_123' title='bbox 743 2163 784 2214; x_wconf 87' lang='lat' dir='ltr'><strong>aiii</strong></span> <span class='ocrx_word' id='word_1_124' title='bbox 826 2161 1343 2226; x_wconf 68' lang='lat' dir='ltr'><strong>Voroarmarpuott.-1nrpnror]cic.</strong></span> 
     </span>
     <span class='ocr_line' id='line_1_17' title="bbox 261 2235 1346 2301; baseline -0.003 -15"><span class='ocrx_word' id='word_1_125' title='bbox 261 2239 483 2300; x_wconf 85' lang='lat' dir='ltr'><strong>interpretentur:</strong></span> <span class='ocrx_word' id='word_1_126' title='bbox 505 2237 699 2288; x_wconf 77' lang='lat' dir='ltr'><strong>«Condiciones</strong></span> <span class='ocrx_word' id='word_1_127' title='bbox 718 2251 785 2288; x_wconf 84' lang='lat' dir='ltr'><strong>ven·</strong></span> <span class='ocrx_word' id='word_1_128' title='bbox 822 2239 856 2288; x_wconf 86' lang='lat' dir='ltr'><strong>de</strong></span> <span class='ocrx_word' id='word_1_129' title='bbox 873 2239 937 2301; x_wconf 84' lang='lat' dir='ltr'><strong>ch.</strong></span> <span class='ocrx_word' id='word_1_130' title='bbox 952 2237 981 2297; x_wconf 85' lang='lat' dir='ltr'><strong>l,</strong></span> <span class='ocrx_word' id='word_1_131' title='bbox 1000 2237 1027 2286; x_wconf 87' lang='lat'><strong>8:</strong></span> <span class='ocrx_word' id='word_1_132' title='bbox 1046 2235 1346 2296; x_wconf 67' lang='lat' dir='ltr'><strong>structuramque</strong></span> 
     </span>
     <span class='ocr_line' id='line_1_18' title="bbox 261 2309 1346 2375; baseline -0.002 -15"><span class='ocrx_word' id='word_1_133' title='bbox 261 2309 367 2360; x_wconf 88' lang='lat' dir='ltr'><strong>ditionis</strong></span> <span class='ocrx_word' id='word_1_134' title='bbox 379 2323 412 2358; x_wconf 84' lang='lat' dir='ltr'><strong>ex</strong></span> <span class='ocrx_word' id='word_1_135' title='bbox 429 2309 486 2374; x_wconf 79' lang='lat' dir='ltr'><strong>iege</strong></span> <span class='ocrx_word' id='word_1_136' title='bbox 500 2311 544 2361; x_wconf 89' lang='lat' dir='ltr'><strong>tibi</strong></span> <span class='ocrx_word' id='word_1_137' title='bbox 557 2313 710 2375; x_wconf 85' lang='lat' dir='ltr'><strong>propositae</strong></span> <span class='ocrx_word' id='word_1_138' title='bbox 723 2315 786 2362; x_wconf 88' lang='lat' dir='ltr'><strong>sunt</strong></span> <span class='ocrx_word' id='word_1_139' title='bbox 823 2315 884 2375; x_wconf 83' lang='lat' dir='ltr'><strong>(Lex</strong></span> <span class='ocrx_word' id='word_1_140' title='bbox 902 2313 941 2361; x_wconf 68' lang='lat' dir='ltr'><strong>lt.</strong></span> <span class='ocrx_word' id='word_1_141' title='bbox 960 2311 1064 2373; x_wconf 86' lang='lat' dir='ltr'><strong>Tabb.).</strong></span> <span class='ocrx_word' id='word_1_142' title='bbox 1083 2311 1264 2360; x_wconf 71' lang='lat' dir='ltr'><strong>benevolam</strong></span> <span class='ocrx_word' id='word_1_143' title='bbox 1287 2323 1346 2358; x_wconf 75' lang='lat' dir='ltr'><strong>con·</strong></span> 
     </span>
     <span class='ocr_line' id='line_1_19' title="bbox 261 2385 1345 2451; baseline -0.003 -16"><span class='ocrx_word' id='word_1_144' title='bbox 261 2386 786 2451; x_wconf 74' lang='lat' dir='ltr'><strong>amangone.n-irrrcqucrircet.]·ili-</strong></span> <span class='ocrx_word' id='word_1_145' title='bbox 821 2387 938 2447; x_wconf 80' lang='lat' dir='ltr'><strong>certatio,</strong></span> <span class='ocrx_word' id='word_1_146' title='bbox 964 2400 1015 2435; x_wconf 82' lang='lat' dir='ltr'><strong>non</strong></span> <span class='ocrx_word' id='word_1_147' title='bbox 1037 2385 1067 2434; x_wconf 74' lang='lat' dir='ltr'><strong>lis</strong></span> <span class='ocrx_word' id='word_1_148' title='bbox 1087 2385 1263 2444; x_wconf 65' lang='lat' dir='ltr'><strong>mineorum,</strong></span> <span class='ocrx_word' id='word_1_149' title='bbox 1292 2385 1345 2432; x_wconf 80' lang='lat' dir='ltr'><strong>iur-</strong></span> 
     </span>
     <span class='ocr_line' id='line_1_20' title="bbox 261 2458 1346 2526; baseline -0.001 -18"><span class='ocrx_word' id='word_1_150' title='bbox 261 2458 403 2509; x_wconf 85' lang='lat' dir='ltr'><strong>hiiomiuus</strong></span> <span class='ocrx_word' id='word_1_151' title='bbox 420 2459 492 2508; x_wconf 88' lang='lat' dir='ltr'><strong>huno</strong></span> <span class='ocrx_word' id='word_1_152' title='bbox 504 2461 641 2510; x_wconf 83' lang='lat' dir='ltr'><strong>insectaris</strong></span> <span class='ocrx_word' id='word_1_153' title='bbox 653 2463 681 2510; x_wconf 90' lang='lat' dir='ltr'><strong>et</strong></span> <span class='ocrx_word' id='word_1_154' title='bbox 696 2473 785 2510; x_wconf 87' lang='lat' dir='ltr'><strong>mora-</strong></span> <span class='ocrx_word' id='word_1_155' title='bbox 821 2463 891 2526; x_wconf 71' lang='lat' dir='ltr'><strong>plain</strong></span> <span class='ocrx_word' id='word_1_156' title='bbox 901 2461 1001 2511; x_wconf 68' lang='grc' dir='ltr'><strong>αἰσίων.</strong></span> <span class='ocrx_word' id='word_1_157' title='bbox 1014 2487 1041 2497; x_wconf 90' lang='grc'><strong>-</strong></span> <span class='ocrx_word' id='word_1_158' title='bbox 1055 2460 1156 2523; x_wconf 73' lang='lat' dir='ltr'><strong>rediret]</strong></span> <span class='ocrx_word' id='word_1_159' title='bbox 1169 2461 1212 2509; x_wconf 86' lang='lat' dir='ltr'><strong>Sic</strong></span> <span class='ocrx_word' id='word_1_160' title='bbox 1223 2458 1346 2522; x_wconf 83' lang='lat' dir='ltr'><strong>aliqnan-</strong></span> 
     </span>
     <span class='ocr_line' id='line_1_21' title="bbox 260 2531 1347 2597; baseline -0.002 -14"><span class='ocrx_word' id='word_1_161' title='bbox 260 2535 297 2583; x_wconf 75' lang='lat' dir='ltr'><strong>n&#39;s</strong></span> <span class='ocrx_word' id='word_1_162' title='bbox 315 2531 452 2596; x_wconf 76' lang='lat' dir='ltr'><strong>[molestus</strong></span> <span class='ocrx_word' id='word_1_163' title='bbox 469 2534 493 2584; x_wconf 86' lang='lat' dir='ltr'><strong>ei</strong></span> <span class='ocrx_word' id='word_1_164' title='bbox 514 2532 554 2597; x_wconf 81' lang='lat' dir='ltr'><strong>iis)</strong></span> <span class='ocrx_word' id='word_1_165' title='bbox 577 2533 620 2584; x_wconf 89' lang='lat' dir='ltr'><strong>iite</strong></span> <span class='ocrx_word' id='word_1_166' title='bbox 645 2535 785 2584; x_wconf 79' lang='lat' dir='ltr'><strong>manifesto</strong></span> <span class='ocrx_word' id='word_1_167' title='bbox 822 2538 849 2585; x_wconf 88' lang='lat' dir='ltr'><strong>to</strong></span> <span class='ocrx_word' id='word_1_168' title='bbox 866 2535 968 2585; x_wconf 84' lang='lat' dir='ltr'><strong>maiore</strong></span> <span class='ocrx_word' id='word_1_169' title='bbox 987 2537 1043 2584; x_wconf 85' lang='lat' dir='ltr'><strong>iure</strong></span> <span class='ocrx_word' id='word_1_170' title='bbox 1063 2534 1207 2584; x_wconf 88' lang='lat' dir='ltr'><strong>iracundus</strong></span> <span class='ocrx_word' id='word_1_171' title='bbox 1223 2546 1288 2582; x_wconf 86' lang='lat' dir='ltr'><strong>cum</strong></span> <span class='ocrx_word' id='word_1_172' title='bbox 1299 2534 1347 2582; x_wconf 87' lang='lat' dir='ltr'><strong>iio-</strong></span> 
     </span>
     <span class='ocr_line' id='line_1_22' title="bbox 262 2607 1347 2672; baseline -0.002 -15"><span class='ocrx_word' id='word_1_173' title='bbox 262 2609 371 2671; x_wconf 80' lang='lat' dir='ltr'><strong>iuiquo‘i</strong></span> <span class='ocrx_word' id='word_1_174' title='bbox 395 2609 537 2671; x_wconf 85' lang='lat' dir='ltr'><strong>Nunquam</strong></span> <span class='ocrx_word' id='word_1_175' title='bbox 555 2621 603 2672; x_wconf 93' lang='lat' dir='ltr'><strong>pro</strong></span> <span class='ocrx_word' id='word_1_176' title='bbox 620 2611 708 2669; x_wconf 81' lang='lat' dir='ltr'><strong>certo¹</strong></span> <span class='ocrx_word' id='word_1_177' title='bbox 732 2623 785 2672; x_wconf 86' lang='lat' dir='ltr'><strong>qua</strong></span> <span class='ocrx_word' id='word_1_178' title='bbox 822 2611 889 2659; x_wconf 86' lang='lat' dir='ltr'><strong>ratio</strong></span> <span class='ocrx_word' id='word_1_179' title='bbox 900 2611 1004 2672; x_wconf 75' lang='lat' dir='ltr'><strong>iurgare</strong></span> <span class='ocrx_word' id='word_1_180' title='bbox 1017 2611 1121 2672; x_wconf 85' lang='lat' dir='ltr'><strong>poterat</strong></span> <span class='ocrx_word' id='word_1_181' title='bbox 1132 2607 1240 2666; x_wconf 81' lang='lat' dir='ltr'><strong>Florus,</strong></span> <span class='ocrx_word' id='word_1_182' title='bbox 1254 2618 1347 2669; x_wconf 84' lang='lat' dir='ltr'><strong>quam·</strong></span> 
     </span>
     <span class='ocr_line' id='line_1_23' title="bbox 263 2679 1348 2748; baseline -0.005 -14"><span class='ocrx_word' id='word_1_183' title='bbox 263 2696 292 2734; x_wconf 86' lang='lat' dir='ltr'><strong>es</strong></span> <span class='ocrx_word' id='word_1_184' title='bbox 309 2682 463 2747; x_wconf 85' lang='lat' dir='ltr'><strong>prudentia,</strong></span> <span class='ocrx_word' id='word_1_185' title='bbox 482 2683 534 2733; x_wconf 90' lang='lat' dir='ltr'><strong>hoc</strong></span> <span class='ocrx_word' id='word_1_186' title='bbox 547 2683 636 2732; x_wconf 83' lang='lat' dir='ltr'><strong>iacies.</strong></span> <span class='ocrx_word' id='word_1_187' title='bbox 663 2687 786 2734; x_wconf 77' lang='lat' dir='ltr'><strong>Attamen</strong></span> <span class='ocrx_word' id='word_1_188' title='bbox 823 2697 905 2748; x_wconf 79' lang='lat' dir='ltr'><strong>qnam</strong></span> <span class='ocrx_word' id='word_1_189' title='bbox 922 2685 956 2733; x_wconf 83' lang='lat' dir='ltr'><strong>ita</strong></span> <span class='ocrx_word' id='word_1_190' title='bbox 974 2695 1082 2746; x_wconf 86' lang='lat' dir='ltr'><strong>quoque</strong></span> <span class='ocrx_word' id='word_1_191' title='bbox 1093 2680 1286 2730; x_wconf 78' lang='lat' dir='ltr'><strong>conscendere</strong></span> <span class='ocrx_word' id='word_1_192' title='bbox 1299 2679 1348 2729; x_wconf 85' lang='lat' dir='ltr'><strong>de-</strong></span> 
     </span>
     <span class='ocr_line' id='line_1_24' title="bbox 263 2755 1344 2821; baseline -0.003 -15"><span class='ocrx_word' id='word_1_193' title='bbox 263 2769 347 2821; x_wconf 87' lang='lat' dir='ltr'><strong>prope</strong></span> <span class='ocrx_word' id='word_1_194' title='bbox 369 2755 461 2807; x_wconf 86' lang='lat' dir='ltr'><strong>similis</strong></span> <span class='ocrx_word' id='word_1_195' title='bbox 483 2758 525 2807; x_wconf 87' lang='lat' dir='ltr'><strong>esi</strong></span> <span class='ocrx_word' id='word_1_196' title='bbox 547 2759 625 2815; x_wconf 81' lang='lat' dir='ltr'><strong>ratio,</strong></span> <span class='ocrx_word' id='word_1_197' title='bbox 651 2769 703 2819; x_wconf 85' lang='lat' dir='ltr'><strong>qua</strong></span> <span class='ocrx_word' id='word_1_198' title='bbox 727 2770 786 2808; x_wconf 89' lang='lat' dir='ltr'><strong>me·</strong></span> <span class='ocrx_word' id='word_1_199' title='bbox 822 2757 913 2808; x_wconf 82' lang='lat' dir='ltr'><strong>bebai.</strong></span> <span class='ocrx_word' id='word_1_200' title='bbox 951 2759 1093 2808; x_wconf 82' lang='lat' dir='ltr'><strong>Praeterea</strong></span> <span class='ocrx_word' id='word_1_201' title='bbox 1120 2757 1203 2806; x_wconf 87' lang='lat' dir='ltr'><strong>etiam</strong></span> <span class='ocrx_word' id='word_1_202' title='bbox 1228 2769 1262 2805; x_wconf 82' lang='lat' dir='ltr'><strong>ex</strong></span> <span class='ocrx_word' id='word_1_203' title='bbox 1288 2767 1344 2818; x_wconf 81' lang='lat' dir='ltr'><strong>seq.</strong></span> 
     </span>
     <span class='ocr_line' id='line_1_25' title="bbox 263 2829 1348 2895; baseline -0.001 -15"><span class='ocrx_word' id='word_1_204' title='bbox 263 2844 325 2880; x_wconf 86' lang='lat' dir='ltr'><strong>eum</strong></span> <span class='ocrx_word' id='word_1_205' title='bbox 343 2834 371 2880; x_wconf 93' lang='lat' dir='ltr'><strong>tu</strong></span> <span class='ocrx_word' id='word_1_206' title='bbox 389 2833 490 2880; x_wconf 79' lang='lat' dir='ltr'><strong>utere.»</strong></span> <span class='ocrx_word' id='word_1_207' title='bbox 520 2830 559 2880; x_wconf 89' lang='lat' dir='ltr'><strong>Ci.</strong></span> <span class='ocrx_word' id='word_1_208' title='bbox 573 2829 729 2881; x_wconf 72' lang='lat' dir='ltr'><strong>Tacitliiai.</strong></span> <span class='ocrx_word' id='word_1_209' title='bbox 743 2831 784 2881; x_wconf 81' lang='lat' dir='ltr'><strong>st:</strong></span> <span class='ocrx_word' id='word_1_210' title='bbox 823 2834 934 2895; x_wconf 65' lang='lat' dir='ltr'><strong>weris</strong></span> <span class='ocrx_word' id='word_1_211' title='bbox 950 2835 1062 2895; x_wconf 84' lang='lat' dir='ltr'><strong>apparet</strong></span> <span class='ocrx_word' id='word_1_212' title='bbox 1078 2831 1112 2880; x_wconf 91' lang='lat' dir='ltr'><strong>de</strong></span> <span class='ocrx_word' id='word_1_213' title='bbox 1128 2830 1226 2880; x_wconf 85' lang='lat' dir='ltr'><strong>iioratii</strong></span> <span class='ocrx_word' id='word_1_214' title='bbox 1238 2843 1348 2894; x_wconf 81' lang='lat' dir='ltr'><strong>respon·</strong></span> 
     </span>
     <span class='ocr_line' id='line_1_26' title="bbox 263 2903 1346 2970; baseline 0 -16"><span class='ocrx_word' id='word_1_215' title='bbox 263 2907 291 2954; x_wconf 83' lang='lat' dir='ltr'><strong>L.</strong></span> <span class='ocrx_word' id='word_1_216' title='bbox 306 2905 410 2955; x_wconf 67' lang='lat' dir='ltr'><strong>Crassis</strong></span> <span class='ocrx_word' id='word_1_217' title='bbox 427 2905 453 2954; x_wconf 84' lang='lat' dir='ltr'><strong>C.</strong></span> <span class='ocrx_word' id='word_1_218' title='bbox 473 2903 624 2965; x_wconf 79' lang='lat' dir='ltr'><strong>Carbonem,</strong></span> <span class='ocrx_word' id='word_1_219' title='bbox 642 2931 657 2940; x_wconf 95' lang='lat'>-</span> <span class='ocrx_word' id='word_1_220' title='bbox 668 2930 682 2940; x_wconf 97' lang='lat'>-</span> <span class='ocrx_word' id='word_1_221' title='bbox 694 2906 788 2955; x_wconf 71' lang='lat' dir='ltr'><strong>uacat</strong></span> <span class='ocrx_word' id='word_1_222' title='bbox 824 2921 854 2957; x_wconf 86' lang='lat' dir='ltr'><strong>so</strong></span> <span class='ocrx_word' id='word_1_223' title='bbox 872 2907 967 2956; x_wconf 83' lang='lat' dir='ltr'><strong>trustra</strong></span> <span class='ocrx_word' id='word_1_224' title='bbox 981 2909 1135 2970; x_wconf 78' lang='lat' dir='ltr'><strong>exspectato</strong></span> <span class='ocrx_word' id='word_1_225' title='bbox 1151 2905 1264 2968; x_wconf 74' lang='lat' dir='ltr'><strong>hicagi;</strong></span> <span class='ocrx_word' id='word_1_226' title='bbox 1283 2917 1346 2967; x_wconf 76' lang='lat' dir='ltr'><strong>quo</strong></span> 
     </span>
    </p>
   </div>
   <div class='ocr_carea' id='block_1_6' title="bbox 264 2978 1442 3116">
    <p class='ocr_par' dir='ltr' id='par_1_9' title="bbox 264 2978 1442 3116">
     <span class='ocr_line' id='line_1_27' title="bbox 264 2978 1347 3031; baseline 0 -3"><span class='ocrx_word' id='word_1_227' title='bbox 264 2979 419 3028; x_wconf 76' lang='lat' dir='ltr'><strong>Dolabellam</strong></span> <span class='ocrx_word' id='word_1_228' title='bbox 432 3005 465 3014; x_wconf 98' lang='lat'><strong>--</strong></span> <span class='ocrx_word' id='word_1_229' title='bbox 480 2979 579 3028; x_wconf 74' lang='lat' dir='ltr'><strong>Aricina</strong></span> <span class='ocrx_word' id='word_1_230' title='bbox 594 2980 671 3029; x_wconf 88' lang='lat' dir='ltr'><strong>Pollio</strong></span> <span class='ocrx_word' id='word_1_231' title='bbox 688 2980 715 3029; x_wconf 86' lang='lat' dir='ltr'><strong>G.</strong></span> <span class='ocrx_word' id='word_1_232' title='bbox 735 2980 787 3030; x_wconf 84' lang='lat' dir='ltr'><strong>Co·</strong></span> <span class='ocrx_word' id='word_1_233' title='bbox 825 2982 894 3030; x_wconf 83' lang='lat' dir='ltr'><strong>eirca</strong></span> <span class='ocrx_word' id='word_1_234' title='bbox 910 2981 991 3031; x_wconf 87' lang='lat' dir='ltr'><strong>reieci</strong></span> <span class='ocrx_word' id='word_1_235' title='bbox 1013 2979 1125 3029; x_wconf 83' lang='lat' dir='ltr'><strong>aiteram</strong></span> <span class='ocrx_word' id='word_1_236' title='bbox 1146 2978 1290 3030; x_wconf 86' lang='lat' dir='ltr'><strong>iectionem</strong></span> <span class='ocrx_word' id='word_1_237' title='bbox 1305 2991 1347 3028; x_wconf 78' lang='lat' dir='ltr'><strong>oo-</strong></span> 
     </span>
     <span class='ocr_line' id='line_1_28' title="bbox 264 3052 1442 3116; baseline 0 -14"><span class='ocrx_word' id='word_1_238' title='bbox 264 3060 358 3113; x_wconf 76' lang='lat' dir='ltr'><strong>ionem,</strong></span> <span class='ocrx_word' id='word_1_239' title='bbox 377 3078 416 3088; x_wconf 96' lang='lat'><strong>--</strong></span> <span class='ocrx_word' id='word_1_240' title='bbox 434 3052 525 3101; x_wconf 67' lang='lat' dir='ltr'><strong>Calore</strong></span> <span class='ocrx_word' id='word_1_241' title='bbox 544 3053 670 3102; x_wconf 77' lang='lat' dir='ltr'><strong>Vatinium</strong></span> <span class='ocrx_word' id='word_1_242' title='bbox 685 3055 718 3102; x_wconf 78' lang='lat' dir='ltr'><strong>iis</strong></span> <span class='ocrx_word' id='word_1_243' title='bbox 728 3067 787 3102; x_wconf 84' lang='lat' dir='ltr'><strong>oro·</strong></span> <span class='ocrx_word' id='word_1_244' title='bbox 825 3055 897 3103; x_wconf 68' lang='lat' dir='ltr'><strong>niret.</strong></span> <span class='ocrx_word' id='word_1_245' title='bbox 927 3056 969 3104; x_wconf 87' lang='lat' dir='ltr'><strong>Sic</strong></span> <span class='ocrx_word' id='word_1_246' title='bbox 986 3053 1033 3104; x_wconf 86' lang='lat' dir='ltr'><strong>Od.</strong></span> <span class='ocrx_word' id='word_1_247' title='bbox 1052 3053 1083 3112; x_wconf 81' lang='lat' dir='ltr'><strong>i,</strong></span> <span class='ocrx_word' id='word_1_248' title='bbox 1102 3055 1132 3113; x_wconf 76' lang='lat' dir='ltr'><strong>t,</strong></span> <span class='ocrx_word' id='word_1_249' title='bbox 1151 3053 1192 3104; x_wconf 79' lang='lat'><strong>3⁴.</strong></span> <span class='ocrx_word' id='word_1_250' title='bbox 1211 3065 1262 3116; x_wconf 88' lang='lat' dir='ltr'><strong>pro</strong></span> <span class='ocrx_word' id='word_1_251' title='bbox 1286 3054 1349 3102; x_wconf 81' lang='lat' dir='ltr'><strong>roriil</strong></span> <span class='ocrx_word' id='word_1_252' title='bbox 1441 3060 1442 3069; x_wconf 61' lang='lat'>¹</span> 
     </span>
    </p>
   </div>
   <div class='ocr_carea' id='block_1_7' title="bbox 264 3126 1349 4232">
    <p class='ocr_par' dir='ltr' id='par_1_10' title="bbox 264 3126 1349 3564">
     <span class='ocr_line' id='line_1_29' title="bbox 264 3126 1347 3186; baseline 0 -10"><span class='ocrx_word' id='word_1_253' title='bbox 264 3127 370 3176; x_wconf 77' lang='lat' dir='ltr'><strong>tionibus</strong></span> <span class='ocrx_word' id='word_1_254' title='bbox 385 3127 518 3176; x_wconf 77' lang='lat' dir='ltr'><strong>insecuti</strong></span> <span class='ocrx_word' id='word_1_255' title='bbox 539 3133 611 3186; x_wconf 81' lang='lat' dir='ltr'><strong>runt,</strong></span> <span class='ocrx_word' id='word_1_256' title='bbox 629 3139 694 3186; x_wconf 78' lang='lat' dir='ltr'><strong>quor</strong></span> <span class='ocrx_word' id='word_1_257' title='bbox 715 3127 787 3176; x_wconf 81' lang='lat' dir='ltr'><strong>bodio</strong></span> <span class='ocrx_word' id='word_1_258' title='bbox 826 3128 868 3178; x_wconf 84' lang='lat' dir='ltr'><strong>aiii</strong></span> <span class='ocrx_word' id='word_1_259' title='bbox 885 3126 977 3177; x_wconf 85' lang='lat' dir='ltr'><strong>itidem</strong></span> <span class='ocrx_word' id='word_1_260' title='bbox 992 3129 1068 3178; x_wconf 66' lang='lat' dir='ltr'><strong>nonu.</strong></span> <span class='ocrx_word' id='word_1_261' title='bbox 1098 3130 1242 3177; x_wconf 83' lang='lat' dir='ltr'><strong>Praeterea</strong></span> <span class='ocrx_word' id='word_1_262' title='bbox 1261 3131 1347 3178; x_wconf 82' lang='lat' dir='ltr'><strong>nostru</strong></span> 
     </span>
     <span class='ocr_line' id='line_1_30' title="bbox 264 3200 1349 3265; baseline 0.001 -16"><span class='ocrx_word' id='word_1_263' title='bbox 264 3213 429 3263; x_wconf 73' lang='lat' dir='ltr'><strong>concurrum</strong></span> <span class='ocrx_word' id='word_1_264' title='bbox 445 3201 612 3250; x_wconf 79' lang='lat' dir='ltr'><strong>admiratione</strong></span> <span class='ocrx_word' id='word_1_265' title='bbox 628 3201 740 3265; x_wconf 66' lang='lat' dir='ltr'><strong>lecimus.</strong></span> <span class='ocrx_word' id='word_1_266' title='bbox 759 3229 786 3236; x_wconf 86' lang='lat'>—</span> <span class='ocrx_word' id='word_1_267' title='bbox 825 3203 904 3253; x_wconf 84' lang='lat' dir='ltr'><strong>lectio</strong></span> <span class='ocrx_word' id='word_1_268' title='bbox 926 3202 1037 3250; x_wconf 86' lang='lat' dir='ltr'><strong>etiamn</strong></span> <span class='ocrx_word' id='word_1_269' title='bbox 1055 3201 1139 3251; x_wconf 88' lang='lat' dir='ltr'><strong>Codd.</strong></span> <span class='ocrx_word' id='word_1_270' title='bbox 1159 3200 1242 3250; x_wconf 89' lang='lat' dir='ltr'><strong>muito</strong></span> <span class='ocrx_word' id='word_1_271' title='bbox 1266 3201 1349 3250; x_wconf 80' lang='lat' dir='ltr'><strong>maio-</strong></span> 
     </span>
     <span class='ocr_line' id='line_1_31' title="bbox 267 3275 1348 3339; baseline -0.002 -13"><span class='ocrx_word' id='word_1_272' title='bbox 267 3275 364 3326; x_wconf 83' lang='lat' dir='ltr'><strong>Toiibus</strong></span> <span class='ocrx_word' id='word_1_273' title='bbox 386 3275 481 3339; x_wconf 71' lang='lat' dir='ltr'><strong>officiis]</strong></span> <span class='ocrx_word' id='word_1_274' title='bbox 500 3288 585 3338; x_wconf 74' lang='lat' dir='ltr'><strong>«quae</strong></span> <span class='ocrx_word' id='word_1_275' title='bbox 607 3277 697 3326; x_wconf 84' lang='lat' dir='ltr'><strong>tamen</strong></span> <span class='ocrx_word' id='word_1_276' title='bbox 715 3277 788 3325; x_wconf 87' lang='lat' dir='ltr'><strong>certo</strong></span> <span class='ocrx_word' id='word_1_277' title='bbox 825 3291 885 3327; x_wconf 83' lang='lat' dir='ltr'><strong>rem</strong></span> <span class='ocrx_word' id='word_1_278' title='bbox 910 3275 992 3325; x_wconf 86' lang='lat' dir='ltr'><strong>habet</strong></span> <span class='ocrx_word' id='word_1_279' title='bbox 1020 3278 1220 3334; x_wconf 66' lang='lat' dir='ltr'><strong>auctoritatem</strong></span> <span class='ocrx_word' id='word_1_280' title='bbox 1251 3275 1348 3325; x_wconf 85' lang='lat' dir='ltr'><strong>etenim</strong></span> 
     </span>
     <span class='ocr_line' id='line_1_32' title="bbox 266 3348 1347 3415; baseline -0.002 -15"><span class='ocrx_word' id='word_1_281' title='bbox 266 3351 318 3402; x_wconf 82' lang='lat' dir='ltr'><strong>tine</strong></span> <span class='ocrx_word' id='word_1_282' title='bbox 342 3354 435 3400; x_wconf 82' lang='lat' dir='ltr'><strong>carent</strong></span> <span class='ocrx_word' id='word_1_283' title='bbox 457 3351 598 3413; x_wconf 84' lang='lat' dir='ltr'><strong>neutrique</strong></span> <span class='ocrx_word' id='word_1_284' title='bbox 620 3348 693 3400; x_wconf 87' lang='lat' dir='ltr'><strong>utilia</strong></span> <span class='ocrx_word' id='word_1_285' title='bbox 716 3353 787 3410; x_wconf 86' lang='lat' dir='ltr'><strong>sunt,</strong></span> <span class='ocrx_word' id='word_1_286' title='bbox 825 3350 1347 3415; x_wconf 83' lang='lat' dir='ltr'><strong>repertoestetiaminqnattuorcodd.</strong></span> 
     </span>
     <span class='ocr_line' id='line_1_33' title="bbox 265 3423 1347 3491; baseline -0.003 -13"><span class='ocrx_word' id='word_1_287' title='bbox 265 3427 391 3491; x_wconf 87' lang='lat' dir='ltr'><strong>quocirca</strong></span> <span class='ocrx_word' id='word_1_288' title='bbox 417 3425 450 3474; x_wconf 91' lang='lat' dir='ltr'><strong>ab</strong></span> <span class='ocrx_word' id='word_1_289' title='bbox 477 3425 522 3486; x_wconf 84' lang='lat' dir='ltr'><strong>iis,</strong></span> <span class='ocrx_word' id='word_1_290' title='bbox 553 3425 598 3487; x_wconf 90' lang='lat' dir='ltr'><strong>qui</strong></span> <span class='ocrx_word' id='word_1_291' title='bbox 624 3425 789 3488; x_wconf 77' lang='lat' dir='ltr'><strong>gravioribus</strong></span> <span class='ocrx_word' id='word_1_292' title='bbox 826 3425 945 3476; x_wconf 85' lang='lat' dir='ltr'><strong>Biandin.</strong></span> <span class='ocrx_word' id='word_1_293' title='bbox 959 3423 1070 3487; x_wconf 81' lang='lat' dir='ltr'><strong>aliisque</strong></span> <span class='ocrx_word' id='word_1_294' title='bbox 1083 3426 1207 3488; x_wconf 84' lang='lat' dir='ltr'><strong>cruquii‚</strong></span> <span class='ocrx_word' id='word_1_295' title='bbox 1226 3425 1347 3475; x_wconf 80' lang='lat' dir='ltr'><strong>Poiman-</strong></span> 
     </span>
     <span class='ocr_line' id='line_1_34' title="bbox 265 3498 1053 3564; baseline -0.003 -13"><span class='ocrx_word' id='word_1_296' title='bbox 265 3501 347 3551; x_wconf 88' lang='lat' dir='ltr'><strong>rebus</strong></span> <span class='ocrx_word' id='word_1_297' title='bbox 360 3501 481 3564; x_wconf 85' lang='lat' dir='ltr'><strong>occupati</strong></span> <span class='ocrx_word' id='word_1_298' title='bbox 493 3501 568 3558; x_wconf 87' lang='lat' dir='ltr'><strong>sunt,</strong></span> <span class='ocrx_word' id='word_1_299' title='bbox 588 3498 791 3550; x_wconf 85' lang='lat' dir='ltr'><strong>iibenteromit·</strong></span> <span class='ocrx_word' id='word_1_300' title='bbox 826 3502 867 3560; x_wconf 85' lang='lat' dir='ltr'><strong>ni,</strong></span> <span class='ocrx_word' id='word_1_301' title='bbox 886 3500 1053 3550; x_wconf 81' lang='lat' dir='ltr'><strong>Bersrnanni.</strong></span> 
     </span>
    </p>

    <p class='ocr_par' dir='ltr' id='par_1_11' title="bbox 266 3573 787 3634">
     <span class='ocr_line' id='line_1_35' title="bbox 266 3573 787 3634; baseline -0.002 -10"><span class='ocrx_word' id='word_1_302' title='bbox 266 3579 388 3624; x_wconf 72' lang='lat' dir='ltr'><strong>tantur.»</strong></span> <span class='ocrx_word' id='word_1_303' title='bbox 414 3573 512 3624; x_wconf 90' lang='lat' dir='ltr'><strong>Conier</strong></span> <span class='ocrx_word' id='word_1_304' title='bbox 529 3575 581 3623; x_wconf 88' lang='lat' dir='ltr'><strong>Sat.</strong></span> <span class='ocrx_word' id='word_1_305' title='bbox 599 3576 629 3634; x_wconf 70' lang='lat' dir='ltr'><strong>t,</strong></span> <span class='ocrx_word' id='word_1_306' title='bbox 648 3575 678 3634; x_wconf 85' lang='grc'><strong>6,</strong></span> <span class='ocrx_word' id='word_1_307' title='bbox 697 3573 738 3624; x_wconf 76' lang='lat' dir='ltr'><strong>tt.</strong></span> <span class='ocrx_word' id='word_1_308' title='bbox 760 3599 787 3609; x_wconf 95' lang='lat'><em>-</em></span> 
     </span>
    </p>

    <p class='ocr_par' dir='ltr' id='par_1_12' title="bbox 265 3645 1348 4232">
     <span class='ocr_line' id='line_1_36' title="bbox 265 3645 1347 3712; baseline 0.001 -16"><span class='ocrx_word' id='word_1_309' title='bbox 265 3647 390 3711; x_wconf 82' lang='lat' dir='ltr'><strong>mancam]</strong></span> <span class='ocrx_word' id='word_1_310' title='bbox 410 3661 450 3710; x_wconf 92' lang='lat' dir='ltr'><strong>pr.</strong></span> <span class='ocrx_word' id='word_1_311' title='bbox 470 3661 565 3698; x_wconf 72' lang='lat' dir='ltr'><strong>«mauu</strong></span> <span class='ocrx_word' id='word_1_312' title='bbox 589 3645 719 3704; x_wconf 86' lang='lat' dir='ltr'><strong>dcbiiem;</strong></span> <span class='ocrx_word' id='word_1_313' title='bbox 744 3648 790 3709; x_wconf 87' lang='lat' dir='ltr'><strong>qui</strong></span> <span class='ocrx_word' id='word_1_314' title='bbox 859 3648 946 3699; x_wconf 74' lang='lat' dir='ltr'><strong>atr-ia</strong></span> <span class='ocrx_word' id='word_1_315' title='bbox 965 3648 1026 3712; x_wconf 80' lang='lat' dir='ltr'><strong>tum]</strong></span> <span class='ocrx_word' id='word_1_316' title='bbox 1044 3661 1122 3698; x_wconf 79' lang='lat' dir='ltr'><strong>«cunr</strong></span> <span class='ocrx_word' id='word_1_317' title='bbox 1141 3647 1187 3697; x_wconf 85' lang='lat' dir='ltr'><strong>tibi</strong></span> <span class='ocrx_word' id='word_1_318' title='bbox 1205 3647 1276 3697; x_wconf 81' lang='lat' dir='ltr'><strong>dixi·</strong></span> <span class='ocrx_word' id='word_1_319' title='bbox 1289 3652 1347 3703; x_wconf 82' lang='lat' dir='ltr'><strong>cet,</strong></span> 
     </span>
     <span class='ocr_line' id='line_1_37' title="bbox 267 3721 1347 3785; baseline 0.001 -15"><span class='ocrx_word' id='word_1_320' title='bbox 267 3723 341 3784; x_wconf 82' lang='lat' dir='ltr'><strong>quasi</strong></span> <span class='ocrx_word' id='word_1_321' title='bbox 359 3735 441 3771; x_wconf 88' lang='lat' dir='ltr'><strong>manu</strong></span> <span class='ocrx_word' id='word_1_322' title='bbox 458 3725 568 3772; x_wconf 88' lang='lat' dir='ltr'><strong>truncus</strong></span> <span class='ocrx_word' id='word_1_323' title='bbox 587 3725 659 3773; x_wconf 85' lang='lat' dir='ltr'><strong>esset</strong></span> <span class='ocrx_word' id='word_1_324' title='bbox 679 3724 724 3772; x_wconf 91' lang='lat' dir='ltr'><strong>aut</strong></span> <span class='ocrx_word' id='word_1_325' title='bbox 746 3734 790 3770; x_wconf 91' lang='lat' dir='ltr'><strong>re·</strong></span> <span class='ocrx_word' id='word_1_326' title='bbox 827 3724 864 3772; x_wconf 77' lang='lat' dir='ltr'><strong>«si</strong></span> <span class='ocrx_word' id='word_1_327' title='bbox 884 3723 1046 3781; x_wconf 77' lang='lat' dir='ltr'><strong>tamenim,</strong></span> <span class='ocrx_word' id='word_1_328' title='bbox 1072 3721 1144 3785; x_wconf 88' lang='lat' dir='ltr'><strong>quod</strong></span> <span class='ocrx_word' id='word_1_329' title='bbox 1167 3735 1210 3772; x_wconf 86' lang='lat' dir='ltr'><strong>me</strong></span> <span class='ocrx_word' id='word_1_330' title='bbox 1228 3721 1347 3778; x_wconf 81' lang='lat' dir='ltr'><strong>adiuvat.</strong></span> 
     </span>
     <span class='ocr_line' id='line_1_38' title="bbox 266 3795 1348 3859; baseline -0.002 -13"><span class='ocrx_word' id='word_1_331' title='bbox 266 3795 358 3846; x_wconf 87' lang='lat' dir='ltr'><strong>solutis</strong></span> <span class='ocrx_word' id='word_1_332' title='bbox 383 3797 485 3856; x_wconf 85' lang='lat' dir='ltr'><strong>nervis,</strong></span> <span class='ocrx_word' id='word_1_333' title='bbox 516 3798 635 3847; x_wconf 86' lang='lat' dir='ltr'><strong>scribere</strong></span> <span class='ocrx_word' id='word_1_334' title='bbox 658 3808 710 3846; x_wconf 91' lang='lat' dir='ltr'><strong>non</strong></span> <span class='ocrx_word' id='word_1_335' title='bbox 741 3809 791 3859; x_wconf 94' lang='lat' dir='ltr'><strong>po-</strong></span> <span class='ocrx_word' id='word_1_336' title='bbox 826 3795 988 3846; x_wconf 85' lang='lat' dir='ltr'><strong>iabeioctare</strong></span> <span class='ocrx_word' id='word_1_337' title='bbox 1006 3797 1144 3846; x_wconf 82' lang='lat' dir='ltr'><strong>couau&#39;s‘i·</strong></span> <span class='ocrx_word' id='word_1_338' title='bbox 1165 3796 1348 3858; x_wconf 71' lang='lat' dir='ltr'><strong>—moerrmso-</strong></span> 
     </span>
     <span class='ocr_line' id='line_1_39' title="bbox 267 3869 1347 3934; baseline -0.002 -14"><span class='ocrx_word' id='word_1_339' title='bbox 267 3873 345 3920; x_wconf 79' lang='lat' dir='ltr'><strong>test.»</strong></span> <span class='ocrx_word' id='word_1_340' title='bbox 375 3871 548 3921; x_wconf 73' lang='lat' dir='ltr'><strong>aversionem</strong></span> <span class='ocrx_word' id='word_1_341' title='bbox 560 3875 649 3921; x_wconf 81' lang='lat' dir='ltr'><strong>cutem</strong></span> <span class='ocrx_word' id='word_1_342' title='bbox 663 3883 740 3921; x_wconf 81' lang='lat' dir='ltr'><strong>suam</strong></span> <span class='ocrx_word' id='word_1_343' title='bbox 755 3869 789 3918; x_wconf 82' lang='lat' dir='ltr'><strong>ab</strong></span> <span class='ocrx_word' id='word_1_344' title='bbox 825 3871 925 3934; x_wconf 63' lang='lat' dir='ltr'><strong>mio]</strong></span> <span class='ocrx_word' id='word_1_345' title='bbox 944 3871 982 3920; x_wconf 84' lang='lat' dir='ltr'><strong>Ci.</strong></span> <span class='ocrx_word' id='word_1_346' title='bbox 1002 3871 1067 3934; x_wconf 86' lang='lat' dir='ltr'><strong>Epp.</strong></span> <span class='ocrx_word' id='word_1_347' title='bbox 1084 3871 1115 3928; x_wconf 64' lang='grc' dir='ltr'><strong>Ξ,</strong></span> <span class='ocrx_word' id='word_1_348' title='bbox 1141 3869 1170 3929; x_wconf 90' lang='lat' dir='ltr'><strong>i,</strong></span> <span class='ocrx_word' id='word_1_349' title='bbox 1194 3869 1238 3918; x_wconf 76' lang='lat'><strong>68.</strong></span> <span class='ocrx_word' id='word_1_350' title='bbox 1265 3897 1292 3905; x_wconf 91' lang='lat'>-</span> <span class='ocrx_word' id='word_1_351' title='bbox 1308 3873 1347 3918; x_wconf 82' lang='lat' dir='ltr'><strong>ot·</strong></span> 
     </span>
     <span class='ocr_line' id='line_1_40' title="bbox 267 3941 1346 4008; baseline -0.004 -14"><span class='ocrx_word' id='word_1_352' title='bbox 267 3943 384 4007; x_wconf 83' lang='lat' dir='ltr'><strong>epistolis</strong></span> <span class='ocrx_word' id='word_1_353' title='bbox 401 3944 601 3996; x_wconf 87' lang='lat' dir='ltr'><strong>conscribendis</strong></span> <span class='ocrx_word' id='word_1_354' title='bbox 620 3946 721 4008; x_wconf 81' lang='lat' dir='ltr'><strong>mitigat</strong></span> <span class='ocrx_word' id='word_1_355' title='bbox 741 3943 790 3992; x_wconf 80' lang='lat' dir='ltr'><strong>aii·</strong></span> <span class='ocrx_word' id='word_1_356' title='bbox 827 3945 915 4008; x_wconf 70' lang='lat' dir='ltr'><strong>wama]</strong></span> <span class='ocrx_word' id='word_1_357' title='bbox 933 3945 999 3996; x_wconf 86' lang='lat' dir='ltr'><strong>iiuio</strong></span> <span class='ocrx_word' id='word_1_358' title='bbox 1011 3944 1095 3993; x_wconf 82' lang='lat' dir='ltr'><strong>verbo</strong></span> <span class='ocrx_word' id='word_1_359' title='bbox 1112 3941 1191 4006; x_wconf 82' lang='lat' dir='ltr'><strong>piane</strong></span> <span class='ocrx_word' id='word_1_360' title='bbox 1207 3942 1346 4008; x_wconf 84' lang='lat' dir='ltr'><strong>respondet</strong></span> 
     </span>
     <span class='ocr_line' id='line_1_41' title="bbox 266 4017 1344 4082; baseline -0.001 -15"><span class='ocrx_word' id='word_1_361' title='bbox 266 4021 365 4082; x_wconf 83' lang='lat' dir='ltr'><strong>quanto</strong></span> <span class='ocrx_word' id='word_1_362' title='bbox 383 4017 472 4068; x_wconf 84' lang='lat' dir='ltr'><strong>addito</strong></span> <span class='ocrx_word' id='word_1_363' title='bbox 490 4033 515 4067; x_wconf 89' lang='lat' dir='ltr'><strong>r.</strong></span> <span class='ocrx_word' id='word_1_364' title='bbox 531 4033 618 4081; x_wconf 84' lang='lat' dir='ltr'><strong>propo.</strong></span> <span class='ocrx_word' id='word_1_365' title='bbox 641 4047 667 4056; x_wconf 84' lang='lat'><strong>-</strong></span> <span class='ocrx_word' id='word_1_366' title='bbox 685 4031 791 4068; x_wconf 66' lang='lat' dir='ltr'><strong>mew-</strong></span> <span class='ocrx_word' id='word_1_367' title='bbox 828 4021 946 4069; x_wconf 84' lang='lat' dir='ltr'><strong>nostrum</strong></span> <span class='ocrx_word' id='word_1_368' title='bbox 979 4019 1158 4080; x_wconf 78' lang='lat' dir='ltr'><strong>onsociton,</strong></span> <span class='ocrx_word' id='word_1_369' title='bbox 1195 4020 1223 4066; x_wconf 87' lang='lat' dir='ltr'><strong>ni</strong></span> <span class='ocrx_word' id='word_1_370' title='bbox 1256 4017 1344 4067; x_wconf 83' lang='lat' dir='ltr'><strong>dicitur</strong></span> 
     </span>
     <span class='ocr_line' id='line_1_42' title="bbox 266 4092 1342 4157; baseline -0.002 -13"><span class='ocrx_word' id='word_1_371' title='bbox 266 4093 377 4157; x_wconf 78' lang='lat' dir='ltr'><strong>epistola]</strong></span> <span class='ocrx_word' id='word_1_372' title='bbox 396 4092 519 4142; x_wconf 89' lang='lat' dir='ltr'><strong>Simiiiter</strong></span> <span class='ocrx_word' id='word_1_373' title='bbox 541 4105 689 4156; x_wconf 89' lang='lat' dir='ltr'><strong>pronomen</strong></span> <span class='ocrx_word' id='word_1_374' title='bbox 706 4098 791 4142; x_wconf 64' lang='lat' dir='ltr'><strong>verbo</strong></span> <span class='ocrx_word' id='word_1_375' title='bbox 827 4092 921 4156; x_wconf 83' lang='lat' dir='ltr'><strong>aliquis</strong></span> <span class='ocrx_word' id='word_1_376' title='bbox 945 4095 1052 4154; x_wconf 71' lang='lat' dir='ltr'><strong>mori,</strong></span> <span class='ocrx_word' id='word_1_377' title='bbox 1078 4093 1201 4142; x_wconf 60' lang='lat' dir='ltr'><strong>ottcnffl</strong></span> <span class='ocrx_word' id='word_1_378' title='bbox 1226 4093 1294 4142; x_wconf 80' lang='lat' dir='ltr'><strong>bollo.</strong></span> <span class='ocrx_word' id='word_1_379' title='bbox 1318 4115 1342 4128; x_wconf 92' lang='lat'><strong>·-</strong></span> 
     </span>
     <span class='ocr_line' id='line_1_43' title="bbox 266 4165 1344 4232; baseline -0.002 -14"><span class='ocrx_word' id='word_1_380' title='bbox 266 4167 343 4231; x_wconf 81' lang='lat' dir='ltr'><strong>longe</strong></span> <span class='ocrx_word' id='word_1_381' title='bbox 361 4179 439 4219; x_wconf 86' lang='lat' dir='ltr'><strong>suum</strong></span> <span class='ocrx_word' id='word_1_382' title='bbox 457 4165 651 4216; x_wconf 84' lang='lat' dir='ltr'><strong>substantivum</strong></span> <span class='ocrx_word' id='word_1_383' title='bbox 670 4171 792 4230; x_wconf 83' lang='lat' dir='ltr'><strong>arriegre·</strong></span> <span class='ocrx_word' id='word_1_384' title='bbox 825 4167 968 4232; x_wconf 68' lang='lat' dir='ltr'><strong>ceperitne]</strong></span> <span class='ocrx_word' id='word_1_385' title='bbox 988 4170 1109 4231; x_wconf 70' lang='lat' dir='ltr'><strong>uprneter</strong></span> <span class='ocrx_word' id='word_1_386' title='bbox 1126 4167 1194 4226; x_wconf 83' lang='lat' dir='ltr'><strong>boc,</strong></span> <span class='ocrx_word' id='word_1_387' title='bbox 1214 4167 1248 4216; x_wconf 84' lang='lat' dir='ltr'><strong>ari</strong></span> <span class='ocrx_word' id='word_1_388' title='bbox 1267 4167 1344 4222; x_wconf 60' lang='lat' dir='ltr'><strong>bora</strong></span> 
     </span>
    </p>
   </div>
   <div class='ocr_carea' id='block_1_8' title="bbox 0 0 1477 4892">
    <p class='ocr_par' dir='ltr' id='par_1_13' title="bbox 0 0 1477 4892">
     <span class='ocr_line' id='line_1_44' title="bbox 0 0 1477 4892; baseline 0 0"><span class='ocrx_word' id='word_1_389' title='bbox 0 0 1477 4892; x_wconf 95' lang='lat' dir='ltr'><strong> </strong></span> 
     </span>
    </p>
   </div>
  </div>
 </body>
</html>
