2925 4892
662 318 791 369 llOllAl'll
809 318 990 369 shTiuhiiUhi

606 482 971 542 EXGUBSUS
1011 484 1037 537 Ι.

751 596 891 646 hardi.

343 703 373 751 Α.
388 714 413 750 u.
428 714 452 751 o.
466 698 525 751 tot.
539 712 571 749 ex
583 697 772 762 Sibyllinorum
784 696 914 748 librorum
930 698 1004 748 iussu
1016 697 1050 747 ad
1067 695 1246 761 pestilentiam
1257 697 1373 761 abigen-

277 786 341 837 dum
359 784 491 849 Epidauro
508 784 620 833 Romam
638 781 767 831 advectus
779 780 937 843 estauguls,
956 778 1065 843 qualem
1082 782 1217 843 Epidaurit
1232 796 1309 843 roro,
1328 782 1373 831 sed

277 882 408 930 nunquam
428 868 481 917 sine
495 880 588 931 magno
610 868 722 929 ipsumam
740 864 802 914 bono
820 864 915 923 υιίυυι,
941 864 969 911 tn
984 864 1086 913 modian
1104 865 1245 927 Aescutopii
1259 878 1372 916 connu-

276 952 376 1001 δσιιίιιν.
413 950 477 1013 (Vel.
492 951 559 1001 liar.
573 950 600 1011 t,
620 949 650 1009 8,
669 948 703 1009 i.)
733 948 758 996 is
775 946 870 997 sedem
887 958 965 996 suam
982 946 1102 997 habebat
1118 948 1143 996 iu
1155 947 1223 997 aede
1239 947 1371 1000 Aescula-

276 1036 325 1099 pii,
352 1047 434 1098 quam
460 1034 485 1083 in
512 1030 597 1083 insula
622 1030 746 1081 Tiberina
772 1030 824 1080 deo
849 1028 1013 1081 dedicarunt.
1058 1031 1125 1080 iiiuc
1150 1028 1284 1081 ἐπίθετον
1301 1032 1329 1081 h.
1350 1032 1368 1083 l.

276 1118 390 1182 petitum
400 1116 486 1167 videri
503 1118 604 1180 potest;
624 1116 674 1165 nisi
685 1126 750 1164 vero
762 1111 870 1176 volgare
883 1113 930 1163 tuit
946 1111 1127 1177 proverbium.
1162 1116 1274 1164 λίνοιο
1285 1115 1369 1165 nimis

276 1199 408 1251 subtiliter
433 1199 567 1261 Boettiger
591 1198 632 1248 Κλ
655 1196 779 1260 Schriften
804 1198 823 1247 l.
846 1210 872 1260 p.
894 1197 951 1246 tte.
970 1195 1155 1247 demonstrare
1179 1200 1289 1248 conatus
1308 1201 1369 1259 est,

275 1284 328 1333 hoc
351 1296 405 1333 uno
427 1281 548 1349 ἐπιθέτῳ
572 1282 710 1331 Horatium
728 1279 806 1330 simul
825 1281 1004 1329 Romanorum
1027 1280 1054 1329 in
1077 1279 1190 1330 colendo
1206 1280 1371 1345 Aesculapio

275 1367 492 1429 superstitionem
510 1364 634 1415 deridere
652 1376 683 1413 ac
698 1360 838 1426 suggillare
850 1360 976 1412 voluisse.
1013 1362 1051 1425 (ld
1066 1363 1159 1427 utique
1171 1366 1289 1414 statuere
1302 1378 1371 1428 pos-

274 1462 381 1511 sumus,
400 1461 463 1499 cum
480 1449 584 1498 cicures
602 1446 636 1497 illi
654 1445 805 1510 Aesculapii
823 1446 955 1497 dracones
968 1444 1045 1509 volgo
1056 1448 1111 1496 noti
1123 1448 1215 1497 essent
1230 1448 1369 1504 humanis,

274 1532 363 1583 minus
386 1531 540 1583 affectatum
563 1530 648 1581 videri
672 1529 799 1581 debuisse
822 1530 959 1592 epitheton
984 1527 1048 1579 illud
1072 1530 1328 1593 nunnunquam
1345 1534 1370 1581 si

276 1617 343 1667 meri
362 1616 510 1666 ornamenti
528 1615 626 1679 poetici
640 1614 761 1679 speciem
779 1611 937 1675 habuisset.)

744 1746 892 1757 ..---

591 1843 957 1903 EXCUBSUS
996 1845 1040 1899 ΙΙ.

734 1954 892 2007 Anulil.

338 2061 377 2109 De
395 2060 543 2109 Stoicorum
560 2060 670 2121 ιαρύιπίι
686 2059 752 2109 satis
769 2058 871 2108 comice
889 2059 954 2109 Bato
972 2059 1092 2109 lieinelrii
1111 2060 1153 2109 lV.
1172 2074 1198 2123 p.
1212 2059 1274 2111 luti:
1303 2056 1369 2110 Τῶν

206 2140 214 2165 “
273 2138 449 2206 φιλοσόφων
465 2138 533 2205 τούς
550 2138 707 2213 σώφρονας
723 2141 863 2193 ἐνταυθοῖ
876 2138 970 2203 καλῶ,
989 2138 1064 2205 Τούς
1080 2136 1195 2209 ἀγαθὸν
1210 2137 1314 2205 αύτοῑς
1325 2138 1364 2194 ού

271 2222 404 2289 διδόντας
421 2220 488 2277 ούδὲ
506 2218 551 2286 ἓν,
569 2221 644 2288 Τούς
660 2220 712 2275 τόν
728 2221 875 2296 φρόνιμον
891 2221 1047 2290 ζητοῦντας
1063 2224 1095 2276 ἐν
1113 2231 1173 2288 τοῖς
1191 2222 1363 2297 περιπάτοις

272 2310 329 2361 Καὶ
352 2313 417 2372 ταῖς
436 2307 598 2380 διατριβαῖς
614 2301 712 2379 ὥσπερ
729 2304 958 2380 ἀποδεδρακότα.
999 2308 1131 2360 Plutarch.
1150 2311 1185 2360 de
1206 2313 1294 2372 tmuq.
1318 2323 1366 2361 au.

275 2395 320 2443 ta:
340 2387 433 2444 Ἔνιοι
456 2390 524 2455 τούς
540 2392 595 2458 μὲν
611 2389 758 2455 Στωϊκούς
775 2390 888 2444 οἴονται
904 2394 1027 2457 παίζειν,
1054 2386 1126 2443 ὅταν
1142 2388 1294 2444 ἀκούσωσι
1310 2390 1370 2444 τὸν

272 2473 371 2539 σοφὸν
394 2478 459 2548 παρ’
481 2472 581 2539 αὐτοῖς
601 2472 645 2541 μὴ
667 2472 762 2541 μόνον
785 2473 931 2546 φρόνιμον
948 2478 997 2526 καί
1013 2473 1125 2527 δίκαιον
1142 2478 1192 2527 καί
1208 2471 1363 2547 ἀνδρεῖον,

271 2554 346 2609 ἀλλὰ
363 2562 412 2611 καὶ
429 2555 540 2631 ῥήτορα
556 2560 605 2610 καί
625 2556 789 2631 στρατηγὸν
805 2562 854 2611 καὶ
872 2557 996 2626 ποιητὴν
1013 2562 1062 2610 καί
1079 2558 1219 2612 πλούσιον
1236 2562 1286 2613 καί
1306 2560 1367 2622 βα-

271 2642 355 2695 σιλέα
377 2641 681 2716 προσαγορευόμενον,
707 2640 815 2706 αύτούς
837 2642 869 2695 δὲ
890 2641 1005 2695 πάντων
1022 2640 1140 2709 ἀξιοῦσι
1156 2642 1279 2707 τούτων,
1305 2640 1368 2695 κάν

271 2722 314 2792 μὴ
331 2723 528 2795 τυγχάνωσιν,
555 2723 700 2779 ἀνιῶνται.
725 2728 760 2778 de
782 2727 840 2778 abs.
860 2730 941 2779 Stoic.
960 2731 1031 2793 opin.
1051 2731 1079 2781 t:
1104 2724 1133 2779 Ὁ
1156 2728 1208 2794 τὴν
1229 2724 1388 2793 Στωϊκήν·

271 2806 370 2873 λαβὼν
385 2806 554 2875 Ἀμάλθειαν
572 2808 711 2873 πλούσιος
729 2810 784 2876 μὲν
801 2812 931 2877 γέγονεν,
950 2810 1107 2883 ἐρανίζεται
1123 2810 1154 2862 δὲ
1171 2808 1285 2883 τροφὴν
1298 2813 1368 2883 παρ’

272 2893 389 2965 ἑτέρων,
416 2894 466 2944 καί
488 2889 626 2955 βασιλεύς
646 2896 701 2957 μέν
717 2894 792 2954 ἐστι,
818 2892 929 2959 μισθοῦ
947 2893 979 2946 δὲ
995 2890 1114 2947 ἀναλύει
1131 2892 1365 2962 συλλογισμούς·

272 2977 321 3026 καί
339 2972 432 3025 πάντα
448 2974 502 3041 μὲν
519 2969 581 3035 ἔχει
596 2972 704 3039 μόνος,
723 2974 850 3028 ἐνοίκιον
866 2976 898 3029 δὲ
914 2978 997 3029 τελεῖ.
1023 2980 1085 3030 adv.
1098 2980 1200 3029 Stoicos
1212 2978 1242 3039 3,
1260 2981 1292 3028 2:
1306 2969 1366 3049 'Ap‘

273 3049 326 3110 ούν
342 3058 389 3109 ἐπὶ
405 3054 442 3107 τὰ
458 3052 545 3108 κοινά
563 3054 661 3128 πρῶτα
677 3058 727 3107 καί
745 3056 904 3130 περιβόητα
926 3059 1095 3125 βαδιστέον,
1121 3056 1194 3126 tor>
1212 3058 1369 3132 παράδοξα

272 3143 322 3193 καί
338 3135 423 3192 αὐτοὶ
434 3167 447 3177 -
457 3168 469 3178 -
479 3136 709 3206 ἐπονομάζουσι,
727 3140 798 3205 τούς
813 3141 924 3209 μόνους
940 3144 1071 3208 βασιλεῖς
1087 3146 1137 3195 καί
1153 3142 1266 3209 μόνους
1277 3142 1370 3196 πλου-

273 3227 357 3289 σίους
373 3225 423 3275 καί
441 3220 549 3287 καλούς
565 3219 660 3276 αὐτῶν
678 3225 727 3275 καί
745 3225 864 3290 πολίτας
880 3228 930 3279 καί
946 3225 1085 3291 δικαστάς
1100 3224 1227 3294 μόνους,
1245 3222 1370 3293 ἢταυτὶ

274 3309 328 3375 μὲν
345 3310 386 3372 είς
403 3306 456 3375 τὴν
474 3306 530 3359 τῶν
548 3304 643 3360 ἑώλων
660 3309 709 3359 καί
727 3307 852 3379 ψυχρῶν
868 3304 980 3382 ἀγορὰν
996 3308 1096 3372 βούλει
1114 3308 1266 3381 παρῶμεν,
1284 3310 1317 3363 ἐν
1333 3310 1369 3365 δὲ

272 3400 335 3457 τοῖς
360 3388 399 3458 οἱς
424 3386 467 3445 dvc
490 3390 619 3458 μάλιστα
644 3398 855 3465 πραγματικοῖς
877 3395 925 3445 καί
947 3391 1021 3458 μετὰ
1042 3390 1172 3460 σπουδῆς
1195 3392 1369 3461 λεγομένοις

274 3475 466 3544 ποιησώμεθα
491 3474 543 3529 τού
569 3474 658 3544 λόγου
681 3473 733 3527 τὸν
754 3474 930 3543 ἐξετασμόνς
952 3471 1036 3543 Ἐμοὶ
1057 3474 1129 3544 γοῦν
1150 3470 1234 3543 ἥδιον
1254 3472 1366 3541 ούτως·

273 3558 331 3614 τῶν
348 3558 403 3632 γάρ
420 3560 492 3633 πρὸς
508 3560 603 3612 ἐκεῖνα
620 3560 784 3627 γενομένων
793 3558 919 3629 ἐλέγχων
930 3562 972 3623 τίς
987 3554 1042 3612 ούκ
1054 3554 1110 3627 ἤδη
1121 3558 1263 3623 διάπλεώς
1273 3560 1368 3623 aaran·

275 3646 348 3705 Quae
366 3643 475 3706 quidem
493 3644 667 3709 reprehensio
685 3646 735 3695 etsi
752 3646 835 3707 iusta,
855 3645 928 3709 quod
944 3645 979 3695 ad
996 3645 1129 3696 Plutarchi
1140 3643 1268 3709 aequales
1280 3648 1370 3696 Grae-

276 3738 323 3775 cos
341 3726 447 3785 attinet,
466 3738 519 3775 nou
537 3726 608 3775 cudit
624 3728 651 3776 in
669 3728 820 3790 Horatium,
839 3729 885 3792 qui
901 3729 970 3778 iuter
987 3728 1089 3792 primos
1105 3726 1176 3792 apud
1194 3728 1301 3778 Latinos
1312 3728 1369 3780 hoc

276 3810 463 3870 argumentum
481 3806 614 3859 ludicrum
625 3810 652 3859 iu
664 3811 776 3861 modum
787 3813 916 3863 uaomvit.
945 3812 1021 3863 Adde
1033 3812 1150 3875 denique
1161 3811 1263 3861 Arrian.
1277 3810 1366 3876 Epict.

277 3888 308 3952 3,
331 3890 378 3951 22,
401 3889 447 3940 tt:
475 3890 524 3952 Τίς
545 3905 583 3956 με
605 3886 671 3941 ίδιύυ
693 3886 761 3953 ούχί
777 3890 829 3944 τόν
849 3893 972 3957 βασιλέα
991 3890 1042 3944 τόν
1059 3890 1164 3946 ἑαυτοῦ
1183 3887 1256 3966 ὁρᾷν
1273 3890 1368 3946 οἴεται

277 3972 327 4024 καὶ
343 3966 486 4037 δεσπότην
492 3988 502 4031 ;
