2925 4892
270 378 312 443 50
649 374 780 425 vanarn
797 372 980 425 sarrataun

271 533 431 603 Rusticius
453 540 546 598 tonso
570 539 643 617 toga
665 528 780 596 deiiuit
800 539 833 596 et
854 527 939 595 maie
962 526 1055 595 laxus

270 657 307 722 ln
327 654 412 744 pede
433 651 562 720 calceus
585 650 713 719 haeret:
738 661 771 717 at
791 660 844 717 est
864 650 987 727 bonus,
1011 658 1047 714 ut
1068 646 1183 715 meiior
1204 648 1254 714 vir

270 778 340 843 Non
361 774 443 842 alius
465 773 656 861 quisquam,
680 782 713 838 at
734 771 791 838 tibi
813 771 952 848 amicus,
976 780 1009 837 at
1029 769 1195 857 ingenium
1217 769 1331 856 ingens

270 895 392 963 Inculto
414 894 490 961 latet
511 894 574 961 hoc
595 892 658 961 sub
680 912 828 980 corpore.
872 890 1022 979 Denique
1043 900 1076 957 to
1099 890 1206 978 ipsum

269 1017 428 1093 Concute,
450 1036 529 1081 num
550 1035 616 1103 qua
638 1014 694 1081 tibi
715 1012 867 1081 vitiorum
890 1011 1044 1079 inseverit
1064 1010 1142 1077 olim
1319 1011 1364 1077 35

269 1138 389 1203 Natura
411 1135 584 1203 autetiam
606 1132 809 1201 consuetudo
832 1131 934 1212 mala;
956 1152 1097 1220 namque

269 1255 430 1343 Neglectis
450 1255 576 1323 urenda
596 1254 663 1321 filix
686 1254 862 1321 innascitur
882 1254 980 1341 agris.

270 1376 350 1445 Illuc
372 1384 630 1465 praevertemur,
654 1384 832 1441 amatorem
852 1374 943 1463 qnod
965 1373 1089 1441 amicae

339 1545 381 1597 34.
399 1544 512 1609 empore]
527 1548 628 1607 pectore
644 1541 682 1594 bd
699 1544 727 1594 et
743 1554 812 1593 corr.
827 1556 851 1606 c,
870 1543 935 1594 item
950 1542 1087 1595 «Lambini
1103 1540 1204 1607 aliquot
1220 1543 1330 1597 codices

304 1621 332 1670 et
353 1617 491 1670 Pulmanni
513 1618 696 1681 Torrentiique
718 1618 799 1680 atque
821 1618 947 1679 quattuor
968 1630 1002 1667 ex
1024 1617 1148 1668 nostris.»
1184 1618 1277 1669 Basra.
1299 1646 1328 1655 -

304 1693 346 1745 344.
364 1708 425 1745 uun
441 1693 485 1745 tibi
503 1694 564 1757 quta
580 1708 605 1745 c.
625 1718 653 1731 —
672 1692 789 1743 insederit
807 1690 861 1755 (sic)
880 1703 1016 1756 superscr.
1035 1691 1141 1741 tmsruit
1156 1690 1185 1741 b.

305 1841 395 1893 34-34.
421 1841 556 1905 Rmticius]
583 1842 660 1904 iunge
686 1851 750 1889 cum
771 1853 796 1888 v.
838 1866 864 1875 -
883 1837 987 1903 Inculto]
1006 1836 1040 1889 dc
1058 1839 1158 1889 amictu
1175 1838 1306 1903 neglecto.
1326 1842 1364 1904 (v.

272 1923 344 1967 utun
361 1916 508 1966 dumtaxat.
528 1941 556 1952 -
574 1913 667 1979 34144444]
688 1925 799 1976 «parum
835 1913 887 1976 34.)
902 1940 930 1951 -
943 1912 1067 1978 teipsum]
1080 1915 1138 1964 Non
1150 1916 1206 1965 tam
1216 1907 1366 1977 εὐφωνίας

274 1994 336 2057 apte
354 1990 502 2053 composita
514 1989 581 2038 est.»
602 2014 627 2025 -
647 1986 801 2036 muteiuzus
836 2000 918 2039 causa
940 1988 980 2037 sic
1002 1988 1109 2051 scripsit
1129 2001 1180 2051 pro
1203 1993 1226 2038 ts
1241 1990 1309 2050 ipss,
1333 1992 1368 2041 ut

271 2090 287 2102 -
298 2091 313 2101 -
324 2062 417 2125 iceret]
436 2061 523 2112 schol.
538 2062 618 2124 Crnq.
632 2061 700 2110 haec
717 2060 800 2110 edne
836 2062 959 2126 opinatus
969 2062 1364 2126 estiteisigiustiatsprachv.

273 2138 349 2187 invit:
374 2136 455 2185 «mete
475 2136 564 2195 mnas,
591 2133 704 2185 multum
723 2131 800 2184 laxus
835 2150 863 2200 p.
876 2135 955 2198 365.)‚
973 2136 1023 2187 sed
1038 2137 1091 2197 ipsc
1107 2134 1268 2199 significaret
1283 2149 1300 2186 a
1314 2151 1368 2187 ne—

272 2210 357 2275 (Hand
380 2211 454 2260 Ture.
478 2211 520 2260 111.
544 2222 571 2273 p.
595 2207 679 2271 584.);
698 2206 800 2258 --sed
836 2210 909 2260 mine
937 2208 988 2260 aiio
1016 2223 1080 2261 eum
1107 2212 1214 2261 concuti
1241 2210 1366 2273 dehere;

272 2284 369 2337 meiius
381 2284 504 2335 dicemus
515 2284 581 2335 mais
592 2284 689 2345 hamat,
709 2284 735 2333 id
748 2285 798 2342 est,
836 2284 918 2345 tpauu
934 2286 1028 2333 contra
1044 2284 1131 2345 hunc,
1150 2297 1232 2348 mem
1249 2282 1368 2349 alioqui—

272 2360 430 2411 indeccntar
445 2357 488 2409 vel
506 2358 692 2408 contremet.»
713 2358 799 2421 Atque
837 2360 893 2419 tur,
920 2356 977 2408 aliis
1003 2358 1128 2409 omnibns
1151 2359 1273 2423 opponit,
1299 2362 1368 2411 unte

273 2446 384 2485 revera
403 2432 454 2483 adi.
474 2434 550 2483 iocus
566 2430 609 2483 vei
631 2432 688 2482 sino
709 2432 800 2482 addito
838 2444 906 2494 quos
930 2432 1049 2496 primum
1074 2434 1163 2483 semet
1186 2434 1275 2497 ipsum
1297 2446 1369 2484 exa-

273 2508 334 2559 adv.
346 2507 414 2557 mois
431 2506 560 2571 significat
572 2504 692 2557 calceum
704 2518 800 2569 parum
838 2506 941 2555 minare
953 2505 1062 2556 debeat.
1077 2532 1105 2542 -
1120 2506 1234 2571 Comus]
1249 2508 1367 2570 imagine

272 2581 389 2633 habilem
402 2585 430 2632 et
446 2584 537 2646 aptum
550 2580 585 2631 ad
602 2581 715 2645 pedem;
735 2592 801 2628 con·
838 2578 981 2643 desumpta
1003 2578 1039 2630 ab
1057 2593 1103 2640 eo,
1128 2581 1174 2643 qui
1193 2579 1281 2631 iurem
1297 2594 1370 2631 con-

273 2660 314 2709 tra
332 2656 478 2709 Heindoriii
495 2658 617 2707 vanaest
633 2656 737 2719 opinio:
757 2654 801 2703 «io
838 2653 917 2703 cutit:
941 2653 1074 2703 ritttsio.
1108 2654 1138 2703 ln
1158 2666 1239 2717 prosa
1255 2654 1370 2706 onfre-

273 2733 368 2784 haeret
389 2733 448 2796 44494
469 2732 514 2781 der
535 2730 638 2795 Meapei
659 2730 701 2779 dea
723 2730 801 2792 futen
838 2728 962 2791 queniius
982 2730 1139 2778 «excutere»
1156 2741 1206 2792 pro
1223 2726 1369 2791 diiigenter

272 2808 405 2857 Sotimus.
435 2807 521 2856 Immo
538 2805 566 2853 tn
579 2805 642 2867 peris
657 2804 743 2853 iceret
760 2806 802 2853 est
838 2799 986 2865 explorare.
1006 2802 1366 2867 Comparantquidem,non

183 2866 195 2892 ⁴
275 2881 353 2945 «pedi
377 2877 506 2944 (firmiter)
531 2877 625 2927 affixus
648 2878 714 2927 estu
751 2876 799 2926 0d.
839 2877 927 2925 tamen
944 2888 1057 2939 prorsus
1068 2878 1140 2940 apte,
1159 2878 1230 2941 virg.
1245 2879 1311 2928 Aen.
1331 2879 1368 2938 7,

275 2955 303 3013 4,
323 2953 368 3013 47,
387 2953 432 3002 27:
451 2952 593 3001 haeredem
609 2962 731 2999 emortum
748 2948 803 2999 Gri-
838 2948 900 2999 338:
927 2951 1071 2999 Fecundum
1091 2956 1195 3001 macuto
1210 2956 1311 3013 pectass,
1339 2954 1372 3001 et

274 3026 355 3076 suu.
390 3023 803 3085 saturninianorum
839 3024 1371 3083 luven.40‚3av:ets000nmuersmn-

274 3101 394 3163 oppidu
405 3110 534 3147 cormeum.
553 3096 618 3161 (vid.
632 3094 803 3147 Funlrhacnei
839 3096 898 3158 bue,
918 3097 944 3147 id
962 3102 1017 3159 est,
1036 3100 1087 3149 «ad
1104 3098 1231 3150 ultionem
1248 3112 1278 3149 se
1290 3100 1370 3148 erci—

276 3175 302 3224 in
314 3172 430 3222 Zeitscirr.
442 3171 461 3234 s.
472 3172 599 3221 Attamen.
612 3168 684 3222 4844.
695 3184 722 3236 p.
734 3170 802 3233 698.)
839 3172 953 3219 terunt.»
989 3174 1100 3223 Prorsus
1117 3175 1210 3223 eontra
1225 3171 1311 3223 simile
1324 3175 1371 3224 est

275 3243 707 3308 Adsentcntiamconi.Theophr.
721 3246 801 3295 Char.
840 3245 942 3296 arrian
962 3245 1045 3309 Epict.
1066 3245 1096 3308 3,
1115 3246 1160 3305 44,
1179 3247 1208 3297 3;
1234 3244 1371 3315 περίβλε-

277 3320 307 3373 4;
335 3314 401 3371 ὁδὶ
424 3312 563 3390 ἄγροικος
585 3316 719 3383 τοιοῦτός
744 3333 802 3381 τις,
839 3325 908 3382 ψαι,
926 3316 1100 3385 ἐνσεισθητι,
1120 3317 1168 3369 ἵνα
1183 3316 1257 3385 γνῷς
1273 3321 1317 3381 τίς
1330 3316 1369 3370 εἶ.

277 3388 341 3458 οἶος
352 3422 393 3434 --
402 3396 489 3461 μείζω
506 3390 558 3444 τοῦ
576 3390 666 3457 ποδὸς
682 3390 718 3445 τὰ
731 3388 804 3444 ὖπο-
843 3418 870 3429 -
888 3394 987 3443 urendo
1000 3394 1066 3457 fitia]
1085 3406 1170 3456 «qnae
1188 3392 1264 3444 aliter
1283 3407 1372 3458 quam

276 3468 393 3538 δήματα
417 3474 529 3543 φορεῖν.
565 3468 639 3521 ovid.
664 3471 694 3519 Α.
719 3472 750 3519 A.
773 3468 802 3528 4,
841 3468 901 3531 igne
919 3468 1059 3532 exstirpari
1076 3468 1195 3530 nequit.»
1228 3468 1299 3531 virg.
1317 3470 1370 3519 Ge.

279 3541 805 3609 5⁴62Nscva91atntaeapesttotpstte
841 3542 869 3601 Ξ,
889 3542 951 3593 489;
980 3542 1013 3592 Et
1036 3542 1127 3606 filicum
1151 3542 1236 3591 crearis
1258 3543 1375 3594 inuisum

278 3623 355 3670 uniet.
392 3616 497 3678 Quintil.
512 3619 557 3677 44,
576 3618 605 3676 3,
625 3617 685 3666 ⁴37:
711 3621 805 3679 etiope
838 3616 920 3679 puscit
936 3618 1041 3666 aratris.
1077 3614 1145 3667 lilud
1156 3616 1291 3681 proverbii
1301 3630 1375 3681 spe-

278 3698 302 3743 et
312 3694 410 3743 cotom
421 3698 445 3742 et
459 3692 564 3753 eupitius
580 3696 633 3740 tum
646 3691 728 3740 simtu
741 3704 806 3740 carso
842 3692 912 3741 ciem
928 3690 1019 3741 habet.

279 3776 358 3826 quum
366 3764 804 3827 nepttpuuiosuntrepreiendeuda

283 3864 310 3875 -
325 3836 541 3901 ut--at--ot]
559 3836 665 3901 Triplex
676 3842 703 3887 ct
714 3838 754 3887 sic
765 3839 807 3889 est
873 3836 962 3888 3842.
981 3838 1257 3901 Ittucprueoertomur]
1269 3838 1312 3888 «st
1324 3852 1379 3889 vo-

281 3909 354 3977 apud
365 3910 419 3961 Cic.
433 3908 467 3959 ad
485 3910 556 3961 Fam.
569 3910 600 3971 3,
620 3910 666 3969 45,
684 3908 709 3960 t.
728 3909 805 3959 verr.
842 3909 930 3962 tumus
947 3924 980 3961 ex
997 3925 1085 3976 aequo
1105 3912 1231 3976 bonoque
1248 3912 1283 3962 do
1298 3914 1379 3964 ami-

282 3986 312 4047 3,
337 3984 364 4045 4,
391 3984 416 4035 8.
443 4010 470 4020 -
497 3982 550 4048 tta]
576 3996 709 4047 nquccum
736 3996 807 4033 nunc
843 3986 881 4037 cis
904 3984 1035 4046 iudicare,
1061 3989 1123 4037 ante
1141 3988 1230 4039 omnia
1247 3985 1283 4037 ud
1304 3984 1379 4038 iilud

283 4063 371 4126 ipsum
397 4054 570 4122 colloquor»,
594 4070 646 4108 non
679 4058 807 4107 «Maem-
843 4057 997 4124 exemplum
1013 4072 1063 4110 nos
1080 4063 1280 4121 convertamus,
1298 4072 1379 4123 quo-

283 4134 363 4195 uatin,
377 4136 407 4183 nt
417 4130 459 4182 aiii
471 4130 617 4197 explicant,
630 4145 684 4194 quo
696 4130 807 4195 quidem
843 4132 924 4184 modo
941 4132 976 4183 de
993 4134 1141 4185 amicarum
1157 4134 1250 4185 naevis
1267 4136 1381 4185 amato-

284 4206 347 4261 nihii
365 4206 546 4259 inconcinnius
558 4204 648 4257 dicere
665 4207 805 4270 potuisset.
843 4218 903 4269 ras,
922 4206 957 4257 de
974 4204 1090 4259 liborum
1106 4206 1176 4257 vitiis
1187 4208 1315 4271 parentes
1329 4208 1379 4259 in-
