2925 4892
514 385 575 438 llll.
592 385 624 437 li.
659 385 728 438 sai.
746 387 788 438 ill.
1136 383 1199 451 965

155 541 336 617 Fascioias,
359 541 494 618 cuhitai,
517 539 646 618 focalia,
668 552 765 630 potns
786 553 822 610 ut
845 541 897 610 iiie
1135 541 1222 610 44444·

153 665 280 730 Dicitur
301 682 342 729 ex
362 661 447 730 coilo
467 662 574 729 hrrtim
595 665 757 752 carpsisse
779 683 933 740 coronas,

152 787 331 872 Postquam
352 793 403 850 est
422 784 576 872 impransi
600 795 770 874 correptus
791 805 873 854 voce
895 784 1062 873 magistri?
1118 863 1126 876 ·

151 905 296 992 Porrigis
318 905 400 972 irato
420 925 524 992 puero
545 925 620 974 cum
642 927 755 993 poma,
781 917 924 974 recusat:

152 1027 268 1104 Sume,
291 1025 419 1094 cateiiei
442 1035 552 1114 nagan
574 1026 784 1108 sinnades,
808 1035 909 1116 optet:
933 1035 1056 1094 amator

150 1147 311 1214 Exclusns
333 1151 390 1236 qui
411 1147 522 1226 distat,
544 1147 610 1235 agit
629 1147 687 1215 uhi
708 1167 835 1227 secum,
859 1156 913 1215 eat
934 1169 975 1216 an
996 1167 1075 1228 non,
1131 1148 1196 1218 44444

157 1271 232 1349 Quo
254 1269 418 1336 reditnms
439 1278 511 1336 erat
530 1290 596 1335 non
617 1270 807 1348 arcessitus,
832 1279 865 1336 et
886 1269 998 1338 haeret

151 1391 270 1458 invisis
290 1390 437 1458 iuribus?
458 1391 525 1458 Nec
545 1410 646 1469 nune,
669 1411 744 1458 cnm
765 1411 818 1458 me
839 1401 934 1459 vocat
954 1391 1051 1470 nitro,

140 1561 280 1622 Pettierii.)
299 1588 328 1597 -
345 1560 403 1610 464.
422 1561 557 1610 4444444444
572 1559 628 1625 hSp
647 1561 708 1624 (non
725 1561 758 1624 c).
774 1586 804 1598 -
817 1561 874 1612 464.
887 1562 939 1611 Nec
949 1573 1016 1612 4444444
1026 1561 1164 1626 bScp,i.Ci

142 1639 170 1686 et
183 1639 297 1700 praeter
311 1647 397 1685 unum
417 1636 534 1687 Pottierii
551 1648 658 1686 omnes:
681 1636 719 1685 Ne
735 1649 801 1685 4444444
818 1649 833 1686 a
852 1635 935 1686 codd.
953 1633 1035 1702 γδφω
1053 1638 1080 1686 44
1091 1649 1161 1688 corr.

139 1727 159 1759 44
177 1709 292 1772 (44444444
307 1722 377 1760 unus
394 1710 510 1760 Potticrii
526 1711 557 1760 it.
577 1709 627 1772 te.)
644 1708 793 1770 Bentleius,
815 1711 867 1762 Pii.
888 1737 914 1747 -
933 1715 1002 1762 uocet
1017 1709 1086 1775 hep,
1104 1710 1164 1760 Pot-

141 1787 210 1836 tierii
227 1797 336 1847 omnes,
354 1785 416 1836 Lei.
436 1785 476 1848 (lii
492 1797 555 1846 nos,
573 1785 610 1848 s.)

107 1936 287 1987 4444444444.
317 1933 421 1996 Quintil.
441 1936 488 1997 44,
512 1935 542 1997 a,
566 1934 632 1988 iti:
703 1935 826 1986 4644-440.
845 1935 1196 2002 44444444444444444444-

107 2012 251 2070 munem,
265 2011 444 2074 444441444444,
457 2009 634 2072 4444444444
670 2011 713 2059 tus
729 2008 774 2059 hic
790 2008 865 2061 iocus
881 2023 964 2075 prope
976 2011 1011 2061 ad
1028 2011 1141 2062 verbum
1154 2025 1196 2064 re-

107 2089 261 2147 44444444444,
283 2086 422 2148 4414444444
437 2091 462 2135 et
477 2085 580 2135 muium
600 2085 634 2134 44-
669 2083 722 2134 tert
753 2084 855 2148 primae
889 2085 1008 2136 Eunuchi
1044 2087 1195 2150 Terentiani

107 2167 226 2226 panentu
247 2160 303 2210 4444
323 2173 446 2209 acuam
462 2165 543 2222 potest
562 2160 634 2209 4444-
669 2171 768 2208 444444
786 2161 889 2222 partem
906 2161 1036 2224 priorem,
1056 2161 1100 2212 ubi
1112 2163 1196 2213 Phae·

108 2237 173 2286 4444.
194 2261 225 2272 -
238 2234 354 2298 meones]
371 2234 404 2284 st
419 2235 447 2284 in
464 2235 550 2298 eapite
567 2237 595 2283 et
605 2235 632 2283 in
669 2232 727 2283 dria
744 2233 847 2284 iuvenis
859 2247 874 2283 a
886 2235 985 2286 Thaide
997 2237 1137 2286 meretrice
1149 2249 1195 2287 re-

109 2309 176 2361 colio
193 2321 308 2359 coronas
325 2308 462 2371 gerebant.
481 2310 536 2359 Cic.
554 2309 631 2358 Verr.
669 2310 796 2358 vocatus:
828 2309 893 2370 Quid
909 2309 987 2372 tpihtr
1002 2310 1118 2373 famam?
1144 2325 1195 2360 444

107 2387 169 2435 hcc.
188 2385 218 2444 ii,
239 2384 283 2444 44,
300 2383 342 2432 st.
370 2381 507 2445 Tibulli,
525 2384 556 2444 4,
582 2383 630 2432 se:
669 2395 740 2439 m,
758 2385 991 2447 mnuacquidem,
1010 2385 1195 2436 Cumcreeaaor

108 2459 139 2508 444
154 2460 238 2519 cupite
253 2463 278 2506 44
294 2458 356 2508 coilo
370 2459 459 2508 4444444
471 2463 630 2521 sertuperut.
668 2456 756 2506 ultro?
777 2471 811 2506 44
825 2459 910 2520 potius
927 2461 964 2509 444
979 2473 1019 2509 aas
1035 2473 1193 2524 corapnram,

110 2561 137 2569 -
154 2532 288 2596 4444444444
307 2531 430 2582 44444444.»
464 2531 503 2582 Gi.
524 2534 578 2582 Sat.
598 2533 630 2591 4,
669 2532 726 2580 Ν44
739 2533 836 2593 papati
852 2535 1192 2584 mnetdmtmcontumeltas.

107 2609 135 2668 4,
153 2609 178 2657 4,
199 2635 229 2644 -
247 2607 386 2670 4444444444]
404 2608 519 2657 44444444·
538 2619 632 2671 repre-
669 2607 799 2665 Ecclesia
816 2614 933 2658 reuocat:
950 2609 1071 2660 redama?
1093 2623 1155 2670 44444,
1173 2611 1195 2659 st

107 2683 234 2732 hamus.»
248 2681 384 2744 -cotcitel
396 2675 630 2750 ὑποκοριστικόν,
667 2694 708 2731 me
723 2681 839 2731 obsecret.
870 2682 1007 2732 Horatium
1024 2685 1113 2734 auiam
1134 2683 1195 2733 imi·
1253 2685 1259 2704 ⁰

4 2746 6 2761 '
107 2756 178 2820 qnod
196 2757 224 2805 in
239 2767 292 2805 asu
308 2756 406 2805 mansit
422 2769 507 2818 usque
520 2755 633 2806 adtem-
667 2758 739 2807 tatus
756 2758 809 2815 est,
837 2755 956 2806 consulto
974 2757 1064 2807 tamen
1085 2759 1195 2809 444444-

106 2843 170 2893 pora
204 2830 370 2891 hieronymi.
399 2830 447 2893 Ep.
473 2829 508 2880 ad
535 2831 632 2880 Eusto-
669 2829 732 2891 4444,
756 2831 862 2880 Persius
880 2832 933 2880 Sat.
950 2833 980 2890 s,
1000 2832 1044 2881 464
1065 2843 1142 2895 seqq.
1163 2857 1192 2870 -

107 2905 210 2963 44444444,
229 2901 326 2954 Paulae
343 2901 439 2964 liliam,
456 2905 502 2964 44,
520 2904 561 2953 444.
581 2917 631 2967 pa·
668 2902 730 2967 apti]
756 2905 795 2954 De
814 2903 906 2955 ultima
932 2904 1035 2968 syllaba
1062 2905 1194 2970 producta

106 2979 185 3029 msita
201 2977 237 3027 ad
254 2981 419 3028 munnam:
437 2979 474 3028 iii
492 2979 631 3040 (sicetiam
667 2976 721 3026 vid.
740 2979 793 3028 Sat.
814 2979 845 3039 4,
872 2979 902 3040 4,
929 2978 970 3030 it.
992 3007 1019 3016 -
1040 2981 1092 3030 Nec
1116 2979 1192 3044 444444]

105 3051 257 3113 vallarsius)
274 3052 380 3114 4444444,
405 3051 479 3102 relus
496 3053 546 3102 44444
561 3060 631 3104 utere
668 3053 711 3102 Sic
727 3065 790 3102 cum
807 3053 927 3116 graviore
940 3053 1024 3106 Codd.
1038 3055 1194 3105 auctoritate

105 3129 212 3188 44444,
231 3127 385 3186 metatu
402 3131 426 3176 et
441 3129 631 3192 aumqettdfliiis
668 3125 803 3190 plerique,
831 3127 911 3178 ctiam
929 3141 1015 3192 nuper
1030 3129 1107 3190 iahn,
1135 3129 1195 3180 edi-

106 3203 154 3250 4444
172 3199 282 3252 masi
308 3202 444 3265 haistoph.
463 3201 529 3252 Piut.
549 3203 629 3253 toto:
668 3202 766 3252 derunt
782 3203 843 3266 poet
859 3215 905 3264 ea,
929 3215 999 3266 quae
1016 3205 1193 3255 scientissime

106 3276 132 3324 44
140 3274 328 3340 λυπουμένην
337 3272 473 3325 αἴσθοιτό
489 3291 540 3341 με,
557 3277 632 3342 Npt-
667 3275 812 3338 disputavit
840 3275 985 3340 Madvigius
1011 3277 1046 3327 ad
1072 3279 1127 3328 Cic.
1156 3277 1191 3326 de

107 3346 204 3421 stipem
223 3345 265 3400 ἂν
286 3351 336 3401 καὶ
356 3346 481 3411 φάττιον
497 3345 631 3423 4444444444-
667 3352 741 3401 Finn.
760 3363 787 3414 p.
809 3350 842 3401 84
864 3361 905 3415 sq.
929 3353 956 3400 et
979 3351 1027 3401 844
1048 3365 1121 3416 sqq.,
1148 3349 1194 3401 ubi

105 3427 175 3486 ζετο.
212 3423 296 3476 Plaut.
310 3427 383 3475 Asin.
402 3425 432 3485 3,
455 3427 484 3488 4,
507 3427 554 3476 ih:
583 3428 632 3478 Dic
668 3426 769 3485 omnia,
788 3437 858 3489 qnae
871 3425 924 3475 huc
942 3427 1087 3489 pertinent,
1105 3425 1194 3476 lucide

104 3501 182 3563 icitur
206 3513 249 3550 4444
275 3501 463 3562 panormum,
492 3501 629 3564 petitam,
667 3501 788 3563 reperies
822 3501 950 3563 exposita.
1002 3501 1050 3549 iiic
1084 3500 1194 3564 quidem

104 3575 269 3636 euim,
287 3573 431 3637 4444444444,
448 3575 631 3626 haedillum
667 3575 745 3625 unice
770 3575 880 3638 propter
903 3573 1054 3638 euphonian
1075 3573 1194 3626 nonnulii

102 3653 173 3697 tum
188 3648 231 3697 dic
245 3659 298 3697 4444
311 3648 352 3697 uei
365 3648 484 3698 4444444444.
519 3649 586 3700 ibid.
602 3665 628 3700 v.
666 3648 825 3714 praetulisse
841 3649 1085 3700 videnturueaunc
1096 3651 1193 3701 veriori

102 3723 165 3771 ⁴⁰3:
184 3723 234 3772 ilic
250 3723 331 3785 iqlter
346 3735 387 3773 ms
402 3724 572 3786 4444444444,
591 3738 630 3774 co-
666 3723 787 3786 iectioui,
813 3725 840 3773 et
861 3725 887 3774 in
906 3725 1030 3774 Parsiana
1048 3725 1192 3776 imitatione

101 3795 214 3844 44444444
233 3796 276 3846 cel
294 3796 426 3857 4444444444,
449 3797 629 3860 4444444444,
666 3801 693 3860 ti,
713 3800 760 3849 444
779 3797 917 3861 (Ouidium
932 3799 1012 3862 tpttur
1026 3798 1142 3861 suctum?
1162 3813 1195 3851 ue

100 3871 275 3931 maian,
294 3871 482 3933 cummim,
500 3873 627 3934 4444444444.
665 3887 745 3933 meac,
767 3885 825 3922 4444
841 3877 952 3923 moueat
967 3877 991 3922 44
1006 3873 1074 3923 rutro
1090 3875 1194 3937 suppil-

102 3944 171 3994 Voss
188 3945 217 3993 h.
228 3942 247 3994 i.
267 3945 464 3996 Wieaetchaa.
500 3947 629 3998 Codicum
666 3951 715 4008 444,
735 3945 882 4010 mauduni)
894 3947 921 3996 in
934 3945 1017 3997 codd.
1031 3948 1099 3998 meis
1110 3949 1195 3998 omui·

101 4016 162 4081 siiq,
175 4016 436 4070 iectioeiteitetrihni
453 4018 537 4072 dehet
546 4020 630 4072 libra-
665 4021 718 4071 bus
744 4023 786 4071 est
812 4033 857 4072 444
881 4034 962 4082 naeu,
992 4022 1042 4072 etsi
1070 4021 1191 4084 44444444,

100 4092 148 4140 riis
170 4090 259 4154 italis,
285 4092 408 4157 deceptis
428 4095 470 4144 sui
495 4097 629 4148 sermonis
665 4095 821 4156 iichaintre,
841 4096 958 4156 Passer,
977 4094 1066 4157 Pium,
1083 4097 1111 4146 0.
1124 4096 1192 4146 Jahn

101 4177 170 4216 roes
185 4167 284 4228 4444444,
303 4165 441 4231 puerulus.
475 4167 542 4220 iliud
558 4171 628 4222 Lati-
666 4169 808 4220 ediderunt
831 4183 861 4220 aa
883 4184 959 4220 444444.
981 4197 1007 4207 -
1030 4170 1112 4234 cocat]
1137 4170 1193 4221 iia-

103 4251 167 4291 nnm
183 4254 238 4292 non
254 4242 297 4293 cst
313 4240 483 4294 rooebuium.
665 4243 761 4296 niiosto
783 4245 818 4296 ad
842 4247 948 4311 tempus
971 4243 1098 4308 reiertur,
1128 4255 1195 4308 quo·
