2925 4892
228 313 291 377 lst
609 313 739 364 aonam
757 311 937 366 sarralanu

228 474 283 533 est,
307 472 446 523 Frontonis
468 472 574 522 circiter
590 473 725 537 tempore,
750 485 803 534 quo
825 473 1019 533 controversia,
1039 473 1130 524 utrum
1145 471 1317 537 praeferendi

228 559 320 606 essent
336 555 481 618 scriptores
498 555 608 618 Augusti
625 557 741 606 aetatem
759 555 920 619 praegressi,
939 567 973 604 an
991 556 1037 618 qui
1054 555 1105 606 sub
1123 557 1241 620 Augusto
1252 559 1319 608 scri-

227 641 351 704 pserunt,
370 639 439 688 inter
455 640 618 702 antiquarios
631 641 658 690 et
674 640 855 690 recentiorum
873 639 1033 702 scriptorum
1045 638 1222 690 admiratores
1234 653 1318 703 quam

227 724 343 774 maxime
361 721 524 786 agitabatur,
547 723 687 787 compositi
703 723 829 773 videntur
845 722 880 773 ab
898 723 1006 772 homine
1026 723 1111 773 otioso
1130 724 1318 786 (semidoctum

227 805 389 858 nebulonem
411 809 490 856 vocat
512 805 684 867 Lambinus),
711 807 757 869 qui
782 806 862 856 animi
887 818 966 856 causa
990 807 1139 858 tentaturus
1164 810 1235 869 erat,
1262 820 1318 871 quo

227 890 308 940 modo
325 890 466 940 exordium
487 888 673 953 qualecunque
691 891 776 953 aptari
799 891 891 954 posset
914 891 1033 940 sermoni
1050 891 1141 952 utique
1158 890 1317 955 abruptiori,

227 974 358 1024 sedeatis
375 974 477 1024 munito
495 974 578 1023 Persii
595 971 623 1033 3,
643 973 666 1022 l.
686 973 847 1023 imitatione:
873 974 968 1035 Nempe
990 973 1036 1022 hoe
1056 973 1176 1024 madre?
1203 975 1318 1026 Sanun·

228 1059 279 1107 tiae
296 1058 370 1121 ipsae
387 1057 484 1120 partim
502 1055 634 1106 obscurae
652 1058 726 1114 sunt,
752 1057 863 1120 partim,
888 1054 954 1107 dum
971 1054 1092 1121 leporem
1110 1057 1247 1118 affectant,
1273 1059 1317 1110 in·

226 1140 330 1202 sulsae,
349 1143 379 1190 ut
396 1139 459 1190 illud
474 1139 576 1202 fundata
590 1140 647 1189 adis
664 1139 832 1200 dehortatio,
852 1140 1004 1204 lloratiique
1022 1139 1131 1190 consilio
1149 1155 1259 1206 prorsus
1274 1156 1318 1192 re-

226 1226 354 1288 pugnant.
388 1225 534 1274 diendoaem
549 1223 649 1273 rustice
666 1220 783 1286 appellat
798 1221 965 1274 versificator
982 1221 1125 1284 Lucilium,
1152 1225 1227 1276 cuius
1244 1224 1316 1276 mirl-

227 1311 286 1370 tum
303 1306 399 1367 aalem,
419 1307 567 1368 ingenium,
586 1305 766 1356 urbanitatem
784 1305 852 1355 ultro
870 1307 990 1369 agnoscit
1006 1306 1145 1369 Horatius,
1167 1307 1195 1358 id
1212 1309 1317 1358 tantum

227 1389 335 1449 dolens,
365 1401 460 1439 versus
480 1390 538 1440 eius
557 1403 611 1439 non
634 1390 700 1439 satie
722 1387 889 1450 elaboratos,
917 1390 994 1440 nimis
1020 1389 1150 1451 verbose,
1180 1391 1317 1442 interdum

227 1475 308 1523 etiam
326 1471 504 1535 negligenter,
523 1485 665 1536 expressas
681 1485 743 1523 esse
761 1473 919 1534 sententias,
939 1473 1018 1522 nimis
1031 1485 1093 1523 eum
1106 1473 1156 1524 sibi
1173 1473 1317 1525 indulsisse

226 1558 253 1606 ia
270 1555 453 1606 immiscendia
469 1555 559 1606 verbis
577 1557 694 1606 Graecis.
729 1557 843 1608 Prorsus
860 1556 1021 1606 mendosum
1039 1569 1100 1607 esse
1118 1558 1193 1610 simia
1216 1559 1316 1607 lloratii

226 1641 384 1704 pervincere
401 1638 456 1689 volt
471 1641 539 1689 teste
557 1640 616 1702 ipso
633 1639 749 1700 Catone,
768 1637 858 1692 Lucilii
876 1639 1033 1700 defensore,
1053 1641 1113 1704 qui,
1131 1643 1161 1690 ut
1176 1642 1225 1703 ait,
1245 1640 1316 1691 male

227 1724 312 1774 iactos
333 1731 429 1773 versus
450 1721 595 1772 emendare
613 1735 645 1772 ac
662 1723 747 1787 polire
765 1725 850 1787 paret.
887 1724 1008 1786 Cogitant
1025 1723 1058 1773 de
1076 1723 1180 1775 Valerio
1197 1725 1316 1786 Catone,

228 1809 304 1857 cuius
320 1805 453 1857 habemus
470 1807 546 1857 Diras
564 1809 591 1856 el
608 1806 732 1870 Lydiam,
752 1806 780 1858 id
797 1809 850 1868 est,
869 1807 903 1857 de
921 1809 1095 1870 grammatico
1106 1821 1138 1858 ac
1154 1810 1317 1871 postetam-

227 1904 325 1955 porum
349 1889 530 1949 Sullanorum,
557 1891 603 1952 qui
626 1903 649 1939 a.
668 1904 695 1940 u.
715 1904 739 1940 c.
759 1890 816 1940 723.
836 1891 879 1940 vix
902 1890 929 1940 in
950 1891 1018 1941 vivis
1036 1893 1108 1952 erat,
1135 1893 1185 1942 etsi
1200 1892 1318 1942 vioettod

228 1980 368 2024 manaae
391 1978 522 2023 renectere.
566 1975 674 2024 Sueton.
693 1976 812 2024 drumm.
831 1975 871 2023 ll.
915 1973 968 2024 Sed
993 1973 1021 2023 id
1046 1977 1092 2024 aut
1116 1976 1245 2037 ignoravit
1269 1979 1319 2025 aut

230 2058 338 2108 omnino
356 2070 410 2107 non
427 2058 529 2107 curavit
546 2060 580 2117 is,
606 2058 651 2119 qui
668 2059 695 2107 in
712 2057 764 2107 hoc
783 2057 892 2108 exordio
909 2056 1052 2108 scribendo
1070 2070 1163 2110 secum
1181 2059 1238 2121 ipse
1261 2070 1317 2108 non

229 2141 319 2192 minus
336 2154 418 2205 quam
435 2140 576 2190 nobiscum
596 2138 667 2190 lusit.
703 2140 789 2201 Quid‘i
814 2140 887 2203 quod
910 2143 964 2191 tota
986 2154 1030 2192 res
1053 2141 1193 2205 desumpta
1210 2141 1320 2192 videtur

230 2239 262 2274 ex
287 2226 527 2275 Grammaticorum
554 2225 704 2274 narratione
730 2227 835 2274 servata
862 2223 971 2274 nobisa
994 2225 1118 2274 Suetonio
1144 2226 1260 2274 Gramm.
1279 2225 1315 2274 2:

229 2311 315 2359 &ata
337 2309 603 2360 Medera-mosera
622 2308 735 2370 eeempto
759 2307 808 2370 fuit
832 2308 867 2357 ud
890 2308 1048 2358 craimedarii.
1083 2308 1208 2358 Hactenus
1231 2313 1317 2358 emm

229 2393 332 2454 imitati,
351 2397 380 2441 at
395 2393 513 2441 cannino
525 2405 622 2454 param
638 2393 719 2442 adbuc
737 2393 865 2456 divolgato
880 2393 920 2442 eet
936 2392 1108 2455 defremmmm
1124 2392 1320 2442 murmuraret

227 2462 252 2524 si'
266 2489 374 2538 quoram
385 2477 494 2525 climace
506 2476 668 2536 probassent,
687 2476 829 2540 diligentius
839 2480 1023 2536 retractarent,
1035 2501 1048 2512 ·
1056 2502 1069 2512 ·
1079 2481 1107 2526 ut
1118 2475 1217 2524 Luelieer
1225 2475 1319 2524 Arete-

228 2561 284 2610 tuar
298 2561 440 2620 Vectiarqae
450 2559 603 2609 Pidecorneer
612 2559 702 2608 lucidi
712 2559 818 2619 satiras,
829 2559 965 2622 (amilicrts
975 2560 1027 2608 rai:
1046 2572 1110 2619 quor
1120 2559 1205 2622 legisse
1213 2561 1320 2620 reupud

226 2643 377 2694 dreheim
392 2645 521 2712 Porapeieer
536 2645 660 2702 Lmuera,
687 2645 757 2704 opud
777 2643 944 2692 Philocomum
964 2643 1076 2692 Valeriae
1092 2643 1153 2692 Cato
1171 2643 1315 2704 praedicat.

228 2727 352 2779 Contudit
376 2728 455 2791 igitur
471 2729 619 2784 memoriae
635 2727 698 2776 vitio
715 2728 858 2787 Catonem,
886 2726 964 2776 huius
982 2727 1021 2775 rei
1047 2727 1160 2787 testem,
1187 2738 1248 2776 cum
1266 2726 1317 2786 iis,

228 2812 320 2874 quire
338 2825 402 2862 vera
420 2811 509 2862 Lucilii
526 2808 732 2861 διασκευασταὶ
750 2810 868 2871 lucrant,
893 2808 972 2873 paulo
994 2811 1055 2873 post
1071 2811 1167 2872 potitae
1184 2811 1317 2870 mortem,

227 2899 257 2944 ut
273 2896 376 2958 opinor.
412 2895 554 2957 (Memento
566 2895 646 2943 ctiam
664 2893 788 2943 Satirasa
807 2891 871 2943 lulio
889 2891 964 2944 Floro
981 2891 1080 2944 electas
1092 2907 1124 2942 ex
1142 2893 1240 2954 Ennio,
1260 2895 1318 2943 Lu-

229 2976 302 3038 cllio,
328 2979 462 3036 Varrone,
489 2978 557 3026 teste
578 2977 762 3040 Porphyrione
780 2976 814 3025 ad
832 2977 897 3041 Epp.
921 2977 948 3036 t,
975 2977 999 3027 3.
1018 2977 1109 3040 initio.)
1130 3005 1157 3014 -
1175 2977 1221 3026 boc
1236 2977 1321 3027 terim

228 3062 270 3111 itte
292 3053 362 3123 cet.]“
378 3059 512 3109 Sententia
533 3058 680 3109 admodum
704 3060 795 3123 inepta
813 3061 919 3110 Catonis
942 3073 1031 3112 mores
1056 3059 1157 3124 probos
1174 3061 1256 3112 reteri
1279 3060 1318 3112 ad

229 3144 425 3195 correctionem
450 3154 579 3192 versuum
604 3141 815 3204 Lucilianomm,
843 3143 869 3192 in
893 3157 945 3208 qua
972 3145 1028 3208 ipsa
1050 3157 1114 3194 cura
1139 3157 1189 3208 pro
1206 3143 1317 3194 lenitate

230 3228 360 3279 severitas
378 3225 465 3290 potius
476 3225 671 3288 requirebatur.
706 3225 807 3276 Deinde
821 3227 886 3276 Cato
904 3230 1013 3291 propter
1029 3229 1126 3290 ingenii
1143 3227 1319 3278 subtilitatem

228 3313 402 3378 praeponitur
427 3309 508 3372 equiti
534 3311 652 3359 Romano
677 3310 820 3374 eidemque
846 3311 1028 3372 grammatico.
1067 3310 1131 3370 Quis
1156 3312 1246 3360 autern
1272 3309 1320 3358 hic

229 3397 320 3455 luerit,
339 3397 436 3446 horum
453 3392 647 3444 versiculorum
663 3393 824 3457 scriptorem
841 3407 893 3444 non
912 3394 995 3456 magis
1014 3406 1095 3458 quam
1114 3405 1162 3444 nos
1180 3394 1262 3444 scisse
1274 3407 1318 3442 ar-

229 3483 322 3532 bitror.
356 3479 461 3531 Etenim
479 3476 512 3527 de
536 3479 690 3532 llaacenate
711 3477 827 3541 cogitare
848 3474 927 3540 plane
945 3476 1093 3528 absurdum
1111 3489 1172 3527 esse
1190 3477 1249 3540 quis
1266 3490 1317 3526 ne-

230 3564 319 3630 gablt‘l
335 3566 390 3614 Nec
406 3563 492 3626 magia
509 3561 651 3626 significari
667 3563 756 3626 potest
772 3561 806 3620 is,
826 3573 908 3623 quem
925 3573 1059 3610 nonnemo
1072 3573 1104 3610 ex
1120 3561 1202 3625 ipsius
1214 3561 1317 3611 satirae

229 3663 254 3698 v.
274 3649 299 3698 6.
318 3649 420 3697 temere
438 3646 560 3710 arripuit,
579 3646 610 3695 D.
629 3644 771 3706 Laberius,
790 3643 991 3708 mimographus
1009 3643 1128 3705 illustris,
1153 3657 1206 3694 non
1223 3657 1318 3707 mm-

229 3731 355 3789 maticus,
369 3732 415 3792 qui
426 3731 522 3780 decem
534 3729 671 3779 mensibus
682 3730 744 3792 poet
755 3727 875 3778 Caesaris
887 3725 999 3778 caedem
1013 3728 1045 3790 (a.
1056 3740 1083 3776 u.
1094 3741 1118 3778 c.
1128 3728 1186 3778 lli.
1196 3728 1315 3791 ineuntei

229 3814 402 3877 sexagenario
427 3814 512 3861 maior
536 3815 659 3862 mortuus
683 3816 731 3861 est.
769 3813 957 3874 (Hieronymus
982 3811 1009 3860 iu
1034 3810 1133 3860 Chron.
1157 3809 1254 3861 Euseb.
1279 3811 1316 3860 ad

230 3897 335 3959 Olymp.
355 3893 416 3952 484,
443 3896 478 3956 2.)
501 3896 541 3945 «le
564 3895 677 3957 igitur,»
703 3907 786 3958 quem
808 3894 859 3944 sibi
882 3894 957 3945 finxit
978 3895 1249 3958 prooemiographus,
1278 3906 1316 3942 «a

229 3979 416 4043 grammatico,
434 3978 612 4040 antiquiorum
629 3977 710 4028 veluti
726 3980 817 4029 sectae
833 3979 968 4042 principa,
987 3976 1077 4030 multis
1094 3977 1189 4042 plagis,
1208 3989 1259 4027 nec
1274 3975 1316 4026 le-

229 4062 287 4113 rula
305 4059 405 4119 solum,
423 4060 472 4111 sed
489 4059 552 4111 loris
569 4063 597 4110 et
613 4061 732 4122 mnibus,
751 4075 804 4128 quo
822 4061 907 4125 magis
925 4061 1047 4112 dolerent
1063 4061 1192 4120 verbera,
1220 4060 1316 4112 made-

230 4146 304 4199 lactis
321 4146 348 4195 in
365 4142 455 4194 sclicla
473 4145 635 4194 extermina»
655 4144 696 4210 (al.
715 4151 848 4206 araretur,
876 4160 909 4195 ex
927 4147 1107 4204 correctione,
1134 4159 1188 4210 quo
1205 4157 1316 4196 amore-
