2925 4892
626 379 761 429 llOllAl'll
773 376 954 428 sinteinan

293 537 332 603 Et
352 556 473 624 pueros
497 546 530 601 et
552 555 642 601 anus.
688 533 848 620 Agedum,
872 550 977 618 pauca
998 529 1110 616 accipe
1133 539 1253 595 contra.

293 658 436 723 Primum
457 677 520 743 ege
543 676 595 721 me
618 654 762 730 illorum,
786 652 935 720 dederim
957 650 1077 739 quibus
1098 671 1173 717 esse
1196 650 1319 736 polita,

293 780 470 865 Excerpam
493 797 645 843 numero:
671 774 889 861 nequeenim
913 771 1109 840 concludere
1132 792 1263 837 versum
1299 770 1348 834 to

292 898 419 965 Dixeris
442 918 516 965 esse
539 897 634 975 satis,
657 915 779 983 neque,
804 894 909 982 siqui
934 892 1054 960 scribat
1075 892 1121 987 uti
1142 912 1203 958 nos

293 1019 440 1087 Sermoni
464 1018 634 1106 propiora,
658 1024 753 1104 putes
776 1015 862 1081 hunc
882 1035 957 1081 esse
979 1020 1118 1101 poetam.

294 1140 461 1227 Ingenium
484 1138 536 1206 cui
564 1138 620 1213 sit,
644 1136 696 1204 cui
718 1156 811 1203 mens
833 1135 971 1202 divinior
991 1144 1090 1221 atque
1110 1154 1149 1200 os

295 1263 410 1348 Magna
432 1268 635 1335 sanaturum,
659 1258 719 1325 des
741 1256 879 1323 nominis
901 1255 998 1321 buius
1019 1255 1185 1322 honorem.

293 1381 418 1448 Idcirco
440 1380 589 1468 quidam,
614 1378 785 1446 comoedia
807 1398 910 1445 neone
931 1383 1050 1465 po'ema
1301 1377 1348 1441 t5

295 1505 406 1581 Esset,
430 1503 637 1590 quaesivere,
663 1500 753 1588 quod
776 1520 852 1567 acer
874 1499 1005 1586 spiritus
1027 1518 1066 1565 ac
1087 1498 1135 1563 vis

292 1627 359 1692 Nec
381 1623 489 1691 verbis
513 1644 574 1691 neo
596 1621 696 1690 rebus
718 1622 818 1698 inest,
842 1621 904 1687 nisi
927 1618 1016 1708 quod
1037 1619 1123 1706 pede
1145 1629 1235 1685 certo

292 1746 407 1813 Dillert
429 1745 589 1819 sermoni,
614 1763 722 1811 sermo
745 1762 864 1809 merus.
908 1742 947 1807 At
968 1750 1061 1828 pater
1082 1738 1200 1806 ardens

316 2008 357 2057 39.
373 2008 455 2068 poetis
472 2006 574 2055 «invitis
593 2003 746 2055 codicibus»
764 2017 826 2054 eum
843 2008 947 2055 Acrone
965 2006 999 2055 ad
1020 2006 1074 2055 sat.
1093 2006 1121 2066 l,
1139 2004 1168 2064 6,
1187 2004 1228 2054 25.
1246 2008 1312 2067 post

286 2082 317 2131 N.
337 2081 475 2131 Heinsium
492 2080 576 2131 Benll.
596 2082 634 2131 ni:
648 2082 741 2142 petias
756 2078 953 2143 bscdpactrs.
968 2106 994 2116 -
1009 2078 1051 2130 tt.
1064 2081 1086 2129 n·
1097 2079 1141 2141 qut
1153 2092 1203 2144 γυ,
1221 2076 1308 2128 Beati.

283 2156 321 2206 li:
348 2156 569 2220 siquisuperscr.
588 2169 613 2215 s,
639 2156 669 2205 ut
685 2155 720 2204 ait
737 2154 793 2215 quis
809 2152 842 2213 b,
868 2155 890 2204 ei
907 2154 964 2217 attia
980 2153 1140 2218 cdp,LCti¹l.
1167 2152 1271 2216 (unibat
1285 2154 1310 2202 si

284 2230 341 2291 quie
356 2230 392 2293 S.)
413 2256 440 2265 -
460 2228 501 2281 ii.
517 2230 628 2291 palues
647 2228 708 2291 (non
725 2228 816 2293 bcdp).

251 2438 326 2495 rent;
352 2434 380 2497 3)
405 2436 421 2484 ii
444 2434 574 2497 denique,
602 2434 696 2497 quiin
720 2434 777 2487 eius
815 2431 930 2484 delecta.
965 2434 1035 2496 virg.
1055 2434 1101 2483 Ge.
1120 2433 1151 2494 3,
1169 2431 1232 2485 tal:
1255 2434 1345 2495 Nunc,

252 2521 342 2561 mores
375 2510 532 2559 invehentes
558 2522 590 2559 ac
617 2506 777 2572 probitatem
813 2509 960 2559 merenda
983 2508 1064 2570 Palae,
1090 2522 1184 2573 mamre
1208 2521 1275 2559 nuuc
1296 2523 1349 2560 ore

251 2585 309 2634 eius
326 2585 480 2647 suspectam
491 2582 637 2634 reddentes
648 2582 777 2633 acerbam
813 2584 967 2633 madan!
991 2582 1067 2634 Ouid.
1084 2596 1119 2633 ex
1140 2582 1269 2643 Poulei,
1292 2585 1344 2644 tc.

251 2657 443 2722 malignitatem
471 2660 551 2723 atque
580 2657 644 2709 alios
670 2658 778 2721 vitupe-
813 2658 843 2708 a:
866 2658 967 2707 Marna
989 2658 1125 2721 mapnique
1146 2657 1263 2707 Rabirius
1278 2659 1344 2708 cris.

251 2734 327 2784 randi
344 2732 480 2785 libidinem
497 2732 700 2799 exprobrarent.
816 2760 844 2768 -
854 2732 965 2797 quidun]
978 2732 1148 2782 Grammatici
1159 2730 1343 2782 Alexandrini.

283 2808 386 2859 39-l8.
418 2808 544 2871 Primren]
573 2811 630 2859 Non
656 2808 778 2870 sequitur
816 2808 1178 2868 —comoedianecnepoitnu
1191 2806 1269 2871 Esset]
1281 2808 1344 2857 Cic.

251 2884 351 2942 deinde;
379 2882 502 2945 exempla
527 2882 605 2932 buius
631 2883 777 2932 consuetu·
813 2880 884 2930 Orat.
902 2881 948 2940 20,
967 2880 1012 2930 67:
1034 2880 1107 2930 Video
1122 2881 1347 2931 uisummnon-

252 2957 319 3007 dinis
342 2957 368 3006 in
391 2957 510 3005 oratione
531 2956 678 3005 incitatione
694 2952 778 3004 habet
812 2954 888 3003 nude
912 2954 1022 3005 Platonis
1050 2960 1074 3005 et
1102 2954 1240 3006 Dmtecriti
1268 2955 1346 3005 loeu-

252 3032 371 3080 Goerenz
392 3028 426 3078 ad
450 3030 504 3079 Cic.
530 3029 564 3079 da
587 3031 666 3092 Legg.
691 3029 720 3090 3,
745 3029 775 3090 9,
813 3029 920 3090 doum,
946 3030 991 3079 etsi
1015 3028 1080 3079 abdi
1102 3043 1120 3079 a
1138 3042 1229 3090 ceren,
1255 3035 1346 3080 ame·

252 3092 291 3152 ⁴9¹.
313 3130 341 3139 -
357 3103 448 3164 podiis]
470 3105 581 3167 Propter
599 3104 777 3153 constructio·
813 3104 880 3164 quod
898 3104 1026 3153 incitem
1040 3104 1140 3166 factm
1155 3108 1180 3153 et
1194 3104 1347 3156 ominis

251 3178 292 3226 nis
313 3177 507 3239 ignorationem
525 3177 638 3228 Codices
661 3190 710 3242 pro
727 3178 777 3227 da·
812 3176 946 3227 uerborum
969 3177 1104 3228 luminibus
1126 3183 1228 3239 matur,
1254 3179 1346 3239 potiris

252 3251 305 3300 tivo
322 3253 463 3315 occupavit
479 3254 657 3303 accusativus.
678 3280 706 3290 -
723 3254 778 3303 lic-
810 3254 906 3313 poema
922 3254 1066 3313 putandam
1089 3266 1167 3314 quam
1186 3253 1347 3305 contemnem

251 3325 361 3388 cepam]
386 3338 436 3389 pro
459 3326 618 3389 «excipiam,
644 3328 775 3377 enimam»
810 3329 959 3388 pectenem,
977 3328 1130 3388 apudqtm
1149 3328 1346 3387 nisiquedoer-

251 3401 331 3450 etiam
341 3401 367 3449 in
379 3414 459 3464 prosa
472 3402 600 3452 oratione.
615 3402 669 3452 Cic.
684 3401 718 3451 de
731 3401 775 3450 Or.
813 3400 886 3451 aiendi
900 3405 970 3461 mut,
987 3401 1050 3450 niiil
1065 3406 1101 3451 est
1116 3402 1187 3451 eliud
1198 3402 1345 3463 emadan

250 3476 280 3535 i,
301 3474 346 3535 li,
365 3474 410 3525 ll:
438 3476 590 3537 Neaeram,
616 3478 688 3527 sicat
709 3476 777 3539 fuci-
813 3476 930 3525 dbnmile
945 3476 1073 3525 cannonis
1109 3476 1148 3525 De
1170 3476 1259 3539 prisca
1278 3478 1344 3539 qni-

250 3549 309 3611 lias,
336 3562 364 3600 eo
387 3551 417 3599 dc
438 3564 544 3601 naama
561 3564 657 3613 quoque
673 3556 709 3601 esi
728 3565 777 3600 cx-
813 3550 877 3600 dem
915 3549 1055 3600 comoedia
1095 3550 1148 3601 boc
1186 3548 1343 3601 addubitari

250 3624 406 3684 cerpendum.
434 3650 461 3659 —
486 3624 643 3687 concludere]
668 3626 721 3674 Sat.
746 3625 774 3685 l,
813 3637 866 3674 non
883 3626 999 3688 polerel,
1024 3637 1120 3674 verum
1136 3624 1171 3674 de
1192 3637 1260 3674 nova
1281 3626 1344 3676 lle-

252 3697 296 3756 l0,
314 3696 360 3745 59:
375 3696 480 3757 pedibus
493 3699 554 3759 auid
570 3698 686 3747 claudere
702 3699 774 3747 sanie
813 3698 921 3759 sentiri,
945 3696 1122 3760 Philemonis,
1146 3696 1254 3762 Diphili,
1273 3699 1343 3751 ilem

253 3768 326 3820 Ovid.
342 3770 507 3832 exPontol‚
528 3772 569 3831 lii,
587 3772 632 3821 ³6:
652 3772 777 3821 cnm-n
813 3772 847 3822 da
869 3773 967 3822 Latina.
1003 3773 1131 3823 Ceterum
1155 3771 1215 3822 luce
1241 3770 1343 3825 clarius

251 3842 383 3893 Clauderet
407 3844 547 3905 imparibus
571 3844 649 3894 uerba
674 3846 777 3907 Capella
813 3849 855 3897 est
866 3847 985 3897 construi
997 3845 1113 3897 debere:
1133 3848 1262 3897 cmnoedia
1273 3848 1344 3908 ped·-

249 3918 337 3967 rnodis.
373 3920 445 3967 Pers.
471 3920 497 3978 l,
525 3918 569 3968 93:
600 3919 719 3969 Claudere
741 3921 776 3970 sic
812 3935 856 3971 rna
872 3926 945 3981 sset,
962 3934 1047 3972 amne.
1067 3921 1106 3973 Ci.
1119 3936 1145 3972 v.
1159 3922 1204 3972 63:
1223 3921 1344 3971 wasul-

249 4004 349 4041 veraum
373 3992 515 4043 dicuin·
538 3993 660 4057 Semoni]
688 3995 776 4058 quoti-
813 4000 879 4045 etum
901 3996 934 4045 sit
949 4008 1026 4047 neem
1046 3999 1339 4058 poe'ina--quaermn.

250 4065 337 4115 diano.
360 4094 386 4103 —
406 4080 433 4115 os
449 4068 546 4131 Mapna
565 4068 721 4133 conmunire]
740 4068 775 4119 de
813 4070 855 4120 Sic
878 4070 933 4120 Cic.
955 4082 1005 4133 pro
1028 4071 1095 4122 lior.
1116 4072 1161 4120 il:
1187 4075 1270 4132 pauet
1294 4073 1342 4133 api

249 4141 443 4191 sententiarum
456 4140 617 4193 sublimitate
627 4146 776 4207 ntquever·
812 4144 865 4208 lepe
881 4158 970 4207 nxne,
985 4145 1064 4207 pauci
1080 4146 1208 4207 piendam
1218 4144 1339 4203 sciebant,

250 4213 348 4269 borum
379 4214 427 4267 illis
460 4217 679 4281 respondentium
708 4219 776 4270 scito
813 4218 919 4283 aequali
936 4220 963 4269 in
980 4222 1123 4283 utramque
1140 4221 1244 4284 partem
1262 4218 1343 4269 dabi-
