2925 4892
271 366 333 431 684
753 370 881 421 nonanti

271 522 368 591 σμῦν,
387 536 448 575 cum
466 527 556 591 potius
572 527 709 591 proprium
726 525 761 576 de
779 528 836 577 arte
854 526 958 590 poetica
976 528 1104 592 seriptum
1121 530 1177 579 sive
1194 533 1289 593 poema
1307 530 1352 579 init

270 610 326 659 sive
342 609 461 673 pedestri
478 610 598 659 oratione
615 611 806 672 compositum,
833 608 937 661 anulio
957 610 1067 673 quidem
1083 610 1133 661 alio
1153 624 1234 675 quam
1255 626 1269 661 a
1290 615 1353 661 Por-

270 691 402 755 phyriona
417 696 607 754 memoratum,
625 691 824 756 intelligendum
842 704 902 743 esse
914 692 1043 743 videatur.
1062 696 1130 745 Sane
1147 696 1255 745 omnino
1266 694 1354 745 multis

270 776 296 825 in
313 775 396 827 robus
408 778 519 827 secutus
529 779 572 828 est
582 776 705 827 liorotiua
715 774 954 827 Alexandrinorum
966 778 1200 839 grammaticorum
1211 776 1352 827 doctrinas.

336 859 439 910 Passim
455 860 604 923 comparari
621 870 684 910 cum
701 859 852 923 praeceptis
867 858 1014 909 Horatianis
1030 860 1143 923 possunt
1153 858 1204 910 loci
1215 872 1248 909 ex
1261 862 1356 910 Aristu-

271 941 331 993 telb
346 941 415 993 libro
431 944 495 1013 cept
511 941 679 1008 ποιητικῆς,
706 955 759 993 non
784 944 875 993 umen
897 942 948 1004 tot,
974 943 1041 1005 quot
1061 940 1176 991 nonnulli
1193 942 1354 1006 interpretes

271 1024 448 1077 similitudinis
464 1025 580 1090 quadam
598 1027 688 1091 speeie
705 1025 812 1089 decepti
828 1022 976 1076 uoluerunt.
1011 1025 1111 1083 immo,
1137 1024 1187 1073 nisi
1205 1026 1296 1075 omnia
1313 1038 1354 1075 me

271 1108 376 1169 faliunt,
394 1107 563 1160 Aristotelem
580 1122 632 1159 non
649 1106 712 1171 legit
728 1106 860 1159 Horatius.
889 1108 975 1157 llinus
992 1107 1072 1159 etiam
1089 1105 1235 1171 probabilis
1254 1112 1297 1157 est
1310 1122 1355 1158 eo-

270 1204 330 1242 rum
355 1192 498 1250 sententie,
525 1192 570 1254 qui
596 1190 710 1241 Platonis
736 1190 887 1241 Phaedrum
913 1189 1047 1239 lloratiani
1067 1190 1198 1252 poematis
1218 1189 1356 1255 exemplar

269 1276 351 1326 luisse
376 1274 583 1334 contenderunt,
610 1274 660 1325 etsi
685 1276 830 1339 praecipue
851 1272 971 1323 doctrina
992 1270 1047 1331 illa,
1072 1273 1185 1334 Decimae
1203 1274 1238 1323 ait
1261 1274 1357 1335 mediis

268 1360 376 1420 siasptw
390 1358 528 1412 mucce
542 1364 566 1407 et
580 1370 673 1417 m,
691 1359 720 1407 et
735 1370 805 1420 quae
822 1356 856 1407 ad
873 1368 934 1407 aem
947 1356 1094 1419 pertinent,
1113 1357 1227 1419 utroque
1246 1358 1275 1407 in
1291 1356 1356 1408 libau

270 1442 447 1507 reperiuntur.

336 1526 447 1575 alioteat
463 1524 506 1575 bic
522 1524 626 1575 libellus
643 1524 786 1575 commode
803 1522 895 1575 baberi
912 1536 962 1587 pro
979 1520 1090 1587 epistola
1106 1520 1165 1573 libri
1180 1523 1296 1573 secundi
1308 1525 1358 1573 ter

271 1607 319 1669 tia,
344 1610 390 1671 qui
411 1609 451 1658 sic
467 1620 575 1672 quoque
592 1622 647 1660 non
664 1609 750 1659 maior
765 1609 816 1658 erit
831 1606 900 1658 libro
916 1607 1012 1672 primo.
1047 1608 1102 1657 Nec
1119 1609 1275 1671 temporum
1293 1608 1356 1657 ratio

270 1695 317 1741 aut
332 1689 403 1741 aliud
420 1692 617 1751 necessarium,
643 1692 716 1754 quod
734 1692 831 1752 suam,
849 1692 1036 1753 argumentum
1052 1687 1149 1741 ebetat.
1179 1691 1263 1740 Favet
1279 1691 1357 1741 etiam

271 1775 421 1836 Charisius,
435 1775 481 1838 qui
493 1788 519 1839 p.
534 1775 590 1835 sse,
603 1774 628 1824 3.
641 1776 670 1825 et
680 1775 737 1836 4443,
752 1775 792 1824 sc.
805 1773 960 1837 simpliciter
971 1772 1141 1835 lipistotonsn
1152 1774 1271 1833 nomine,
1291 1788 1357 1838 quae

271 1856 315 1907 bic
338 1856 475 1921 leguntur,
500 1856 598 1907 laudat
635 1859 737 1908 llatnre
762 1859 852 1908 tamen
874 1858 904 1907 ut
923 1854 1065 1921 peculiaris
1081 1854 1186 1907 libellus
1203 1853 1358 1907 laudatura

271 1939 429 2000 Quintiliano
450 1941 532 2005 Epist.
550 1940 584 1989 ad
601 1941 701 2005 Trypb.
718 1942 759 2001 2,
786 1940 831 1991 ubi
853 1938 1007 2005 simpliciter
1022 1940 1107 1990 Artem
1126 1941 1254 2001 posenno
1271 1943 1356 1998 aocet,

271 2024 299 2073 et
314 2024 343 2083 a,
362 2024 390 2084 3,
404 2023 445 2074 60.
460 2036 492 2073 ex
506 2025 595 2085 primo
607 2030 683 2086 porte
697 2023 757 2073 libri
773 2025 803 2073 de
818 2028 874 2074 urta
886 2024 988 2085 poema
1000 2024 1088 2087 ipsum
1099 2022 1176 2073 alieri
1185 2024 1356 2088 principium.

270 2106 420 2157 Priscianus
445 2119 552 2170 quoqne
573 2108 602 2156 et
622 2105 665 2156 aiii
687 2108 852 2169 grammatici
875 2108 977 2170 passim
992 2108 1127 2157 Horatiano
1142 2108 1173 2157 de
1188 2112 1246 2157 oste
1258 2108 1358 2169 poetico
1445 2122 1446 2127 ¹

270 2188 360 2237 eitam.
394 2190 435 2237 An
456 2190 627 2240 maionem
655 2190 798 2255 separandi
815 2189 956 2241 voluminis
979 2190 1065 2251 dedit,
1091 2190 1164 2254 quod
1180 2191 1211 2239 ut
1226 2190 1358 2251 &meinis

271 2271 394 2333 scipionis
408 2284 443 2321 ec
459 2271 584 2321 &coste
598 2274 630 2323 de
645 2284 675 2322 re
692 2273 795 2334 nucea
811 2286 884 2336 opera
900 2275 1055 2338 excerptum
1073 2272 1223 2324 Haerebins
1240 2272 1358 2338 explica-

270 2354 319 2414 vit,
344 2356 384 2405 sic
400 2357 504 2406 mature
521 2356 686 2418 grammatici
709 2357 781 2407 bunc
798 2358 956 2422 praesertim
972 2354 1091 2407 libellum
1107 2356 1280 2419 interpretari
1298 2368 1358 2407 cee-

270 2439 358 2503 pere?
385 2439 424 2502 (V.
442 2439 544 2503 snpra.)
578 2440 606 2490 ln
631 2441 694 2492 lisa.
715 2443 743 2490 ct
765 2442 860 2505 priscis
877 2440 1042 2491 Editiouibus
1059 2440 1112 2489 iam
1128 2442 1190 2504 post
1207 2439 1317 2503 Epudos
1333 2440 1359 2488 et
1444 2452 1445 2471 ι

272 2524 386 2575 carmen
403 2520 525 2574 seculare
541 2524 660 2588 ponitur,
687 2526 717 2573 ut
734 2524 759 2574 in
778 2524 825 2574 lis.
844 2524 1020 2587 Gottingensi,
1039 2524 1103 2573 item
1120 2524 1146 2572 in
1163 2522 1210 2572 Ed.
1230 2521 1358 2573 Mediola-

271 2606 346 2657 nensi
365 2604 448 2667 itii..
466 2607 493 2655 in
510 2606 618 2657 Venetis
635 2604 708 2657 4479.
728 2606 820 2670 (itti.)
839 2608 890 2656 cet.
903 2619 989 2670 usque
1000 2607 1035 2656 ad
1046 2607 1077 2656 44.
1090 2606 1269 2668 Stephanum
1289 2616 1358 2656 nunc
1444 2594 1445 2599 '

271 2690 361 2740 medio
386 2690 456 2740 inter
479 2688 610 2753 Epistulas
629 2692 657 2739 st
673 2690 816 2739 Sermones
839 2688 912 2750 loco,
937 2691 1010 2740 utin
1027 2689 1143 2740 editione
1160 2688 1261 2749 Zaroti,
1290 2700 1358 2739 nune

270 2772 389 2836 denique
405 2772 497 2823 ultimo
513 2772 633 2823 omnium
644 2770 703 2822 loco
714 2774 777 2836 post
787 2770 925 2837 Epistulas,
938 2772 1014 2823 culus
1026 2772 1136 2823 instituti
1147 2774 1242 2821 auctor
1253 2772 1359 2823 videtur

270 2855 393 2907 laudatus
414 2855 495 2905 modo
518 2856 549 2905 li.
574 2856 738 2920 Stephanus,
765 2856 810 2919 qui
830 2856 961 2907 rationem
981 2857 1038 2907 eius
1058 2854 1147 2906 reddit
1167 2854 1250 2905 Diatr.
1270 2869 1299 2920 p.
1317 2856 1355 2905 34.

271 2939 350 2987 Certa
367 2950 420 2987 non
437 2939 573 2997 annotavi,
592 2939 637 3002 qni
654 2942 716 2989 ante
734 2937 806 2989 illum
823 2938 915 2990 ultimo
932 2938 990 2989 ioco
1007 2941 1120 3003 poneret
1135 2940 1242 2999 Artem,
1270 2950 1356 3002 neque

271 3020 317 3082 qui
333 3021 395 3083 post
410 3017 484 3069 illum
500 3032 555 3070 non
570 3025 709 3085 poneret.»
727 3026 865 3074 Gusnsaue.

337 3100 413 3161 Quod
438 3102 473 3153 ad
497 3103 584 3167 ipsam
606 3107 738 3168 poematis
755 3106 867 3155 lormam
884 3107 990 3165 attinet,
1016 3102 1050 3154 illi
1068 3104 1255 3156 tantummodo
1272 3107 1355 3157 luter
1443 3114 1444 3121 ¹

272 3186 363 3251 pretea
384 3198 479 3235 nerum
502 3185 641 3249 viderunt,
665 3190 711 3252 qul
731 3188 885 3253 «epistolam
902 3188 1188 3240 didacticosatlricama
1212 3202 1275 3240 esse
1293 3200 1355 3239 con-

274 3268 430 3330 tenderunt,
456 3284 509 3320 nnn
530 3274 627 3334 poema
643 3269 833 3321 didascalicum
850 3272 990 3323 universae
1007 3272 1096 3335 poesis
1111 3270 1186 3334 leges
1202 3284 1236 3321 ac
1252 3271 1354 3336 regulas

274 3366 439 3419 proponens,
457 3357 489 3404 ut
503 3352 566 3404 olim
582 3352 703 3417 plerique
718 3354 768 3402 rati
786 3356 862 3415 sunt,
883 3366 936 3404 non
952 3354 1194 3407 animadvertentes
1211 3358 1352 3419 praecepta

274 3450 360 3501 peene
376 3438 465 3489 omnia
481 3437 576 3488 referri
591 3436 627 3487 ad
642 3449 728 3500 genus
744 3435 935 3497 dramaticum,
954 3450 985 3487 aa
1001 3448 1067 3487 vero
1084 3450 1194 3499 genera,
1214 3439 1241 3488 in
1259 3438 1353 3503 quibus

270 3522 328 3583 ipse
353 3520 513 3583 excutiebat,
539 3520 654 3584 lyricum
675 3520 757 3584 (quod
773 3519 867 3571 leviter
883 3520 1021 3570 dumtaxat
1036 3521 1139 3584 attingit
1154 3534 1197 3569 vv.
1213 3522 1350 3582 83-444.)1

270 3604 377 3664 satiras,
404 3603 544 3667 epistolas,
571 3604 748 3668 epigramma,
773 3608 869 3667 poema
887 3601 1091 3665 didascalicum,
1116 3616 1283 3667 quamquam
1300 3606 1352 3669 ipse

270 3686 422 3736 Lucretium
439 3686 615 3750 suspiciebat,
633 3698 744 3749 prorsus
761 3686 907 3750 praeteriri.
942 3684 972 3735 ld
987 3698 1052 3735 vero
1069 3687 1131 3735 ante
1148 3686 1238 3737 omnia
1257 3688 1350 3745 teneto,

269 3767 340 3816 banc
356 3767 496 3829 epistolam
512 3768 651 3820 Pisonlbns
668 3770 776 3833 praeter
792 3772 897 3819 ceteros
914 3767 1075 3818 destinatam
1092 3770 1172 3830 atqua
1187 3767 1223 3817 ab
1234 3770 1278 3820 bis
1290 3772 1351 3820 intra

270 3848 432 3900 domesticos
457 3852 573 3914 parietes
597 3850 693 3903 lectam
719 3864 796 3911 esse,
822 3853 965 3914 numquam
991 3848 1126 3901 ederetur.
1163 3851 1220 3901 lam
1246 3862 1351 3915 prorsus

269 3934 435 3995 ignoramus,
453 3937 543 3983 utrum
555 3937 648 3997 potia,
665 3947 736 3997 quae
748 3932 933 3985 nonnullorum
945 3936 1006 3998 post
1018 3931 1187 3985 wielandum
1198 3932 1248 3983 iuit
1258 3934 1349 3998 opinio,

269 4015 373 4065 sincera
397 4014 584 4067 benevolentia
608 4018 635 4067 in
660 4018 784 4069 Pisonem
811 4017 952 4078 maiorem,
978 4016 1042 4067 boni
1064 4016 1135 4067 baud
1156 4016 1239 4067 dubie
1260 4014 1349 4079 ingeni

269 4096 480 4159 adolescentem,
505 4099 556 4149 sed
573 4100 652 4151 nimis
673 4100 785 4151 tortasse
803 4098 929 4164 cupidum
946 4101 1070 4165 propriae
1087 4098 1218 4151 facultatis
1236 4100 1349 4163 poeticae

268 4178 471 4244 periclitandae,
490 4179 534 4232 tali
550 4182 586 4233 ab
597 4196 663 4235 auso
679 4184 815 4235 dehortari
831 4182 958 4243 voluerit,
976 4188 1006 4235 ut
1023 4196 1056 4235 nc
1074 4182 1218 4235 mediocris
1235 4184 1350 4233 tanum-
