2925 4892
535 346 594 397 ΗΒ.
614 349 638 396 Ι.
667 348 736 399 sai.
757 346 807 398 Vii.

513 798 724 863 um
745 799 842 863 Vn.

174 938 351 1027 Proscripti
374 941 470 1027 Regis
497 940 601 1029 Rupili
622 962 684 1028 pus
706 954 804 1029 atque
828 963 987 1011 vencnum

173 1060 324 1149 Hybrida
344 1081 411 1148 quo
433 1072 527 1147 pacto
548 1062 589 1126 sit
619 1062 751 1127 Persius
774 1060 873 1138 uitus,
897 1064 1012 1151 opinor

198 1241 254 1289 sat.
272 1239 328 1289 vu.
363 1240 387 1289 ι.
406 1240 498 1302 rpus
513 1242 531 1289 s
548 1242 609 1301 (non
626 1238 717 1304 neap).
739 1268 767 1277 -
786 1242 809 1289 s.
828 1240 934 1291 aloen
950 1241 996 1291 ns.

163 1379 219 1428 vn.
241 1378 340 1441 Lepide
356 1382 459 1439 namot,
478 1379 615 1443 quomodo
632 1381 661 1429 Ρ.
700 1380 772 1437 ctus,
800 1378 848 1429 sed
871 1392 887 1429 a
912 1380 1057 1431 triumviris
1083 1382 1225 1433 Octaviano

125 1450 253 1516 aupdms
275 1454 330 1502 lieu
350 1464 413 1502 cnm
435 1454 527 1502 Persio
543 1452 662 1515 quodum
699 1454 809 1503 auctore
837 1454 1018 1518 proscriptus,
1052 1456 1086 1507 ad
1114 1458 1225 1508 Brutum

125 1525 313 1588 Clazomenis,
331 1527 421 1576 ioniae
432 1524 510 1586 urbe,
524 1538 614 1575 coram
626 1527 660 1575 il.
698 1526 828 1589 coniugii,
847 1540 928 1589 aquo
946 1529 971 1578 ln
989 1530 1118 1595 comitum
1129 1532 1227 1581 cobor-

124 1600 228 1657 Bruto,
242 1602 416 1664 propraetore
427 1601 662 1661 asiae,acerrima
698 1602 754 1649 tem
773 1602 898 1664 receptus
915 1603 965 1651 est.
1000 1602 1123 1655 'realibus
1142 1606 1226 1655 Sebo-

124 1674 307 1725 coulenlione
324 1672 442 1737 illigarit,
461 1673 664 1738 liupiiinsinsu·
699 1673 780 1723 itastis
802 1675 909 1724 ilomtio
929 1673 1121 1737 ignobilitatem
1143 1690 1228 1742 gene·

124 1761 181 1813 per
197 1747 382 1799 acerbissimis
398 1750 536 1809 conviciis,
555 1750 662 1799 Persius
698 1748 736 1797 ris
753 1760 836 1812 saepe
854 1748 1036 1812 exprobravit3
1062 1762 1143 1813 quam
1161 1765 1227 1803 oon-

124 1820 262 1873 uil'msima
272 1824 353 1873 utens
363 1835 428 1886 erga
439 1824 552 1873 Brutum
568 1821 663 1873 adula-
699 1819 837 1871 tumeliam
861 1820 964 1873 ulturus
986 1826 1065 1887 polita
1088 1838 1151 1876 eum
1176 1826 1227 1876 bac

125 1898 214 1946 lione.
228 1895 350 1946 'landem
360 1895 662 1960 Persiussaiaeaiiqnod
699 1894 779 1945 satira
801 1896 897 1955 irrisit,
924 1900 951 1947 et
974 1910 1026 1947 non
1046 1898 1132 1949 solum
1157 1902 1229 1965 liepis

125 1972 238 2021 metum
260 1972 288 2020 in
311 1970 494 2021 adversarium
512 1974 661 2036 expromit,
699 1983 849 2034 cognomen
871 1972 1038 2037 praeposuit,
1066 1975 1095 2023 ul
1117 1974 1177 2025 inde
1199 1989 1225 2026 v.

125 2045 204 2109 qnod
227 2045 310 2095 totim
330 2045 483 2095 historiolae
500 2058 617 2097 acumen
634 2049 663 2097 et
699 2044 740 2093 35.
759 2046 848 2095 iocum
866 2050 990 2111 caperet,
1009 2047 1058 2099 sed
1075 2049 1156 2099 etiam
1172 2062 1226 2103 non

126 2120 212 2183 quasi
241 2118 387 2170 medullam
415 2122 534 2171 continet
562 2121 600 2182 (v.
630 2122 663 2171 443
700 2120 758 2169 sinc
775 2132 856 2170 causa
874 2122 1047 2184 proscriptum
1066 2124 1225 2186 nominavit,

126 2194 222 2257 seqq.)
240 2196 322 2257 atque
342 2193 555 2244 narratiunculae
579 2195 662 2246 duem
699 2194 762 2257 quia
794 2196 850 2257 ipse
879 2207 931 2245 non
959 2198 1141 2261 proscriptus,
1178 2198 1226 2249 sed

126 2268 256 2332 imponit.
289 2268 364 2316 Znuu.
400 2268 522 2318 llorauua
538 2268 662 2319 tribunus
698 2269 793 2332 sponte
811 2279 859 2318 sua
876 2268 909 2319 ad
928 2270 1038 2319 Brutum
1055 2282 1085 2321 se
1103 2271 1226 2323 contuie-

126 2342 248 2394 militum
265 2340 336 2391 duce
353 2344 435 2392 Bruto
451 2344 509 2407 ipse
526 2345 591 2394 tunc
602 2342 663 2394 cia·
698 2343 766 2391 rai.»
794 2342 886 2391 Sronn.
905 2344 1078 2395 innocentem
1090 2347 1178 2409 potius
1191 2348 1227 2397 io-

127 2417 256 2467 zomenis
270 2414 378 2465 videtur
393 2415 515 2480 degisse,
533 2420 615 2482 atque
634 2432 660 2467 a.
699 2428 762 2466 cum
778 2416 911 2479 quaesivit
929 2417 1166 2484 incompositione
1183 2419 1226 2470 iila

126 2506 157 2541 u.
181 2504 206 2540 c.
232 2490 292 2539 743.
315 2491 431 2554 primam
456 2492 526 2542 banc
550 2504 661 2543 suarum
699 2502 749 2554 per
770 2503 800 2541 se
817 2489 928 2541 ridicula
941 2492 1100 2554 prmcriptirr
1119 2495 1146 2543 et
1162 2494 1223 2543 Rea.

126 2565 481 2627 salirammcomposuisae;
494 2566 663 2632 deqnapen-
699 2566 755 2615 iarn
788 2564 922 2628 cruquius
953 2564 987 2615 de
1020 2564 1225 2618 Scholiastarum

127 2640 196 2691 inde
212 2640 297 2689 etiam
314 2638 487 2693 iudicandmu
506 2654 660 2704 censemus,
699 2636 913 2688 narratiuncula:
942 2638 1014 2688 «iioc
1031 2641 1061 2688 ul
1083 2640 1223 2702 incertum,

127 2716 156 2765 id
175 2716 233 2775 est,
252 2713 326 2763 baud
342 2714 422 2764 nimia
432 2727 537 2765 severe.
569 2717 663 2779 (blinus
699 2714 735 2762 ita
758 2712 822 2762 mibi
847 2723 898 2775 pro
920 2714 1059 2775 comperto
1081 2716 1135 2773 esi,
1163 2726 1226 2764 cum
1337 2731 1340 2742 ⁴

127 2792 206 2840 reete
223 2788 372 2838 Groteieud
387 2790 497 2839 satiram
512 2790 582 2839 banc
592 2790 663 2841 sori-
699 2798 753 2837 nou
770 2783 831 2849 pius
848 2784 949 2849 liupiiio
961 2798 1043 2849 quarn
1060 2786 1152 2837 Persio
1164 2798 1225 2837 ease

127 2870 205 2929 ptam
231 2864 330 2913 censet
355 2876 426 2913 anno
450 2862 562 2914 demum
590 2864 661 2925 ile„
698 2870 810 2923 gravem
827 2858 866 2921 (id
885 2861 939 2921 est,
966 2858 1046 2911 luisse
1067 2860 1224 2924 intensum)-

129 2939 235 2989 i'ranle
251 2950 278 2986 a.
297 2937 367 2997 4444,
385 2950 438 3001 qno
456 2950 522 2989 sane
540 2940 663 3003 tempore
699 2938 752 2986 eet.
786 2938 880 2999 aeque
898 2947 964 2987 sane
981 2934 1091 2985 ridicula
1110 2939 1224 3001 utraque

128 3025 227 3063 veram
245 3011 271 3060 3.
290 3011 365 3061 omni
381 3010 436 3061 saie
453 3013 601 3074 caruisset.)
699 3022 815 3074 persona
833 3010 857 3059 ei
874 3008 1024 3060 videbatur.
1039 3036 1069 3047 -
1084 3010 1142 3075 pur)
1154 3024 1225 3061 mor-

163 3086 221 3136 4-3.
249 3086 397 3147 Prooeriple]
419 3087 456 3135 Ex
476 3086 529 3137 hoc
549 3085 663 3137 iorlaaso
700 3083 802 3134 dacitas
819 3084 848 3133 et
864 3082 1049 3135 maledicentia
1068 3085 1172 3149 impura
1192 3098 1224 3136 ao

131 3175 157 3210 r.
174 3164 267 3210 oriam
290 3171 354 3209 esse
374 3172 431 3223 aec.
455 3160 663 3213 Scholiastarum
699 3154 837 3221 pendens.
872 3158 943 3209 Nos:
963 3158 1222 3221 Giituuddolie.

132 3232 274 3293 tabellam,
299 3247 334 3282 «a
356 3234 450 3283 civibus
465 3235 663 3299 (municipibus)
700 3232 742 3281 Sic
760 3229 858 3281 lucilio
875 3232 919 3291 it,
937 3230 962 3282 i.
982 3230 1060 3295 (lieri.
1079 3244 1106 3296 p.
1125 3232 1176 3294 ³9.)
1194 3234 1223 3282 L.

131 3307 303 3357 Ρωοιοιᾶιιὲο
334 3307 362 3354 ia
394 3308 501 3357 ιοίὶίιιοι
532 3310 661 3368 mium»,
699 3302 846 3355 Trebellius
863 3305 1024 3355 emendante
1047 3306 1166 3355 Beckero
1184 3306 1227 3355 est

133 3382 253 3431 anuer
268 3382 343 3431 recte
357 3382 488 3445 suspicari
502 3382 618 3433 videbar.
632 3408 660 3419 -
698 3380 790 3444 (edric,
815 3380 926 3440 aalma,
943 3381 1065 3439 vomitus,
1081 3392 1139 3441 pur.
1170 3376 1223 3428 Cir.
1258 3420 1269 3427 .

134 3455 314 3519 munile]
327 3456 372 3504 «P.
385 3455 503 3520 liupilios
514 3458 569 3507 lien
582 3460 666 3509 Prae·
699 3452 798 3505 Ritscbl
821 3455 928 3516 Parerg.
951 3455 971 3502 4.
993 3466 1020 3516 p.
1046 3452 1102 3502 iao.
1124 3474 1151 3487 -
1172 3451 1227 3513 Hu-

134 3531 269 3589 munus,
289 3540 377 3591 eques
393 3530 542 3593 Romanus,
559 3544 584 3582 a.
604 3533 662 3583 lca.
699 3528 782 3591 tado)
802 3528 1001 3579 «Clazomenius
1019 3526 1091 3577 enim
1108 3525 1228 3577 iuitPer·

134 3604 264 3665 nnp’ster
278 3600 500 3665 publicanorum,
518 3607 565 3668 qui
581 3607 665 3655 inBi-
700 3604 770 3664 uius,
798 3604 873 3665 patre
901 3602 1029 3662 Asiatico,
1059 3602 1144 3651 maire
1173 3602 1226 3651 lio-

134 3677 225 3738 tbpnia
243 3675 385 3739 vectigalia
401 3678 666 3741 origenianarum
699 3689 790 3727 mana.
825 3676 965 3727 Civitatem
977 3677 1226 3726 tamenllomanam

137 3752 198 3811 [Cic.
216 3750 256 3801 ad
274 3752 347 3801 Fam.
359 3750 407 3811 43,
425 3752 456 3810 s,
473 3754 510 3814 2.)
527 3756 554 3803 et
570 3757 666 3817 postea
701 3749 859 3801 obtinuerat.
895 3750 962 3801 Eum
979 3750 1059 3813 igitur
1074 3752 1105 3799 ut
1115 3750 1240 3801 semim--

138 3824 275 3875 acivibns
301 3826 481 3875 Praenestinis
505 3826 532 3875 iu
556 3826 664 3877 exilium
701 3836 812 3875 manum
829 3823 934 3876 deridet
953 3824 1103 3873 Horatium
1132 3824 1224 3873 senor..

137 3902 248 3961 naus,
271 3899 370 3951 aubi).
388 3901 663 3953 adiuvandum.
701 3898 766 3950 siin.
786 3900 817 3949 ii.
835 3900 866 3949 N.
885 3899 914 3959 8,
936 3898 982 3948 79:
1007 3897 1228 3960 lanultopencre

138 3975 263 4025 inllriea
274 3974 482 4037 (uenientes,
500 3977 530 4024 ul
541 3976 665 4041 estapnd
701 3986 780 4035 acuite
795 3974 879 4035 sectile
896 3974 986 4036 (atque
1003 3973 1029 4022 iu
1047 3971 1149 4034 suibus)
1160 3972 1227 4021 miu-

139 4048 223 4099 senei.
252 4048 307 4099 Cir.
334 4049 435 4100 Caesar
459 4050 488 4099 B.
512 4050 542 4099 C.
565 4052 594 4109 4,
621 4050 663 4099 34.
701 4050 919 4111 uuocumfero,
943 4049 1141 4111 quoiiuraotos
1157 4048 1226 4095 nati-

141 4122 192 4173 (Υιο.
204 4136 256 4187 pro
269 4124 354 4185 inger.
367 4124 396 4183 4,
413 4123 449 4186 3.)
461 4123 594 4187 stipendia
605 4136 666 4175 me·
701 4125 746 4185 qai
765 4123 894 4186 hybridas
915 4123 1048 4173 uocabant.
1085 4121 1226 4185 (Eugenius

141 4202 238 4249 ruerat.
274 4202 305 4248 Λ.
318 4198 377 4248 lii.
390 4200 490 4249 liemae
506 4199 665 4261 praetoria·
701 4198 737 4249 de
755 4198 903 4260 omnigenis
921 4212 946 4248 ιι.
963 4200 990 4247 6:
1010 4198 1084 4259 Apris
1099 4198 1228 4257 cloacae
