2925 4892
749 364 878 415 nourrii

573 576 938 637 Excutiens
978 574 1041 631 ΙΧ.

452 716 678 768 DOEDERLEINH
696 714 948 765 trituramus
966 727 1010 762 vv.
1029 716 1074 763 25⁴
1086 714 1168 763 -260,

431 828 555 891 «Syllaba
572 830 649 893 loopo
665 829 734 877 breui
750 826 859 877 mbixto
874 832 980 875 uoculae·
996 826 1111 883 inertius,¹

397 915 440 963 Pss
455 914 518 963 ciuis
531 938 558 949 -
572 914 638 963 uodo
653 912 730 961 stium
747 912 866 961 trimetris
883 924 1023 959 accrescere
1038 912 1109 959 insu

397 998 492 1047 Nomou
509 996 625 1057 iambeis,
644 1009 700 1043 otuu
717 1007 787 1043 serios
805 996 918 1043 redderet
934 996 1012 1053 ulus,

397 1082 495 1131 Primus
512 1082 546 1129 ud
562 1086 701 1129 enlrernum
718 1078 805 1127 runnu
821 1078 875 1126 sibi.
890 1104 918 1113 -
937 1079 1005 1127 Non
1022 1078 1072 1125 ito
1085 1077 1222 1137 pridem.

400 1166 506 1214 tardior
523 1169 550 1213 ut
565 1163 643 1225 poulo
659 1162 813 1225 pruoiorpus
828 1162 924 1211 mirsi
939 1163 974 1211 ud
989 1172 1078 1219 ouras,

398 1249 524 1309 spondeos
540 1246 638 1295 studites
654 1247 679 1293 io
696 1246 757 1295 iuro
770 1250 881 1307 polemo
896 1246 989 1307 recapit

398 1331 543 1381 Commodus
560 1334 583 1379 ei
597 1330 710 1391 potiens,
729 1344 779 1377 noo
795 1334 824 1377 ot
839 1328 870 1377 de
885 1328 941 1377 sede
957 1328 1065 1377 mdo

399 1414 499 1463 coderet
515 1418 671 1475 autquarta
687 1412 827 1467 muium
844 1412 884 1461 itio
900 1416 924 1461 ei
940 1413 967 1459 in
982 1412 1041 1461 Arei

398 1496 525 1547 Nobilibus
542 1496 661 1547 trimetris
678 1501 786 1557 apparet
802 1508 881 1545 ronse
895 1500 920 1544 et
936 1496 1022 1544 linui.

398 1582 426 1630 lu
442 1594 542 1631 soem
558 1582 672 1629 missus
687 1592 782 1643 mopno
798 1592 857 1629 euers
870 1580 980 1641 pondere
995 1590 1109 1628 uerene

399 1666 447 1713 Aut
464 1676 555 1726 merus
571 1664 657 1713 odoris
671 1663 780 1712 nimiter
795 1674 909 1725 oroque
923 1663 1046 1719 commu,

397 1750 445 1797 Aul
463 1750 595 1811 ipsiorutuo
607 1748 701 1808 premit
720 1747 786 1796 ortis
800 1746 906 1795 otiosius
921 1746 999 1807 tupi.

335 1834 370 1882 lta
389 1832 410 1881 si
428 1830 593 1889 distinxeris,
621 1844 673 1880 nun
692 1830 771 1879 modo
789 1828 870 1881 stabit
886 1830 925 1879 rei
942 1830 1041 1879 veritas
1059 1828 1181 1888 indubia,
1208 1828 1257 1878 sed
1276 1830 1356 1878 etiarn

269 1916 358 1967 mirari
376 1915 498 1971 desines.
526 1926 574 1963 eur
597 1914 719 1963 Horatius
738 1916 790 1963 mm
809 1911 938 1963 trivialem
955 1913 1033 1977 pedis
1050 1912 1156 1961 iambici
1174 1911 1356 1961 definitionem

269 2000 452 2063 praemiserii;
472 2010 542 2047 nuno
559 1998 671 2047 ironiam
689 2000 777 2047 inesse
795 1994 932 2059 intelliges.
968 1997 1049 2056 «Quis
1066 1996 1176 2046 demum
1196 1995 1358 2057 ignoraturi

269 2083 439 2141 addubitat„
459 2082 558 2143 inquit,
587 2080 670 2143 «quid
691 2082 726 2131 sit
748 2078 875 2131 iambus?
908 2078 1015 2141 Syllaba
1036 2078 1161 2129 videlicet
1181 2077 1260 2141 longa
1281 2078 1357 2128 tren

269 2166 401 2223 subiecta,
429 2178 483 2227 quo
500 2162 613 2213 elicitur
629 2174 678 2226 pes
695 2165 772 2215 citus.
807 2163 836 2213 ld
853 2164 876 2213 si
893 2163 972 2213 nodie
990 2166 1019 2211 et
1033 2161 1138 2226 pueruli
1155 2163 1244 2211 solunt
1259 2166 1288 2211 ei
1303 2166 1358 2210 tra-

269 2248 423 2313 goedlarum
450 2247 595 2311 scriptores
620 2246 778 2307 observant,
804 2249 894 2297 tamen
917 2245 981 2297 olim
1003 2246 1075 2309 apud
1100 2258 1149 2296 nos
1170 2258 1224 2295 non
1242 2246 1278 2295 ita
1295 2246 1356 2296 iuit;

270 2344 331 2383 nam
354 2332 433 2396 prisci
454 2332 549 2394 potitae
575 2330 683 2380 itomani
701 2332 848 2393 proauique
866 2331 947 2381 nostri
965 2329 1087 2380 lecerunt
1103 2328 1300 2391 laudaruniqus
1315 2328 1358 2378 uel

270 2428 318 2467 eos
334 2417 471 2465 trimetros
488 2412 631 2473 iambicos,
650 2414 676 2463 in
695 2412 793 2477 quibus
810 2416 918 2478 praeter
933 2426 1033 2463 nomen
1049 2412 1113 2463 nihil
1124 2413 1181 2463 lere
1192 2414 1279 2463 inerat
1290 2414 1358 2461 iam·

271 2500 323 2551 blei
346 2496 388 2547 vel
410 2496 565 2557 celeritatis,
592 2494 714 2546 libertate
734 2498 858 2547 nimirum
876 2496 1033 2547 admittendi
1049 2496 1162 2561 spondei
1179 2498 1206 2546 in
1223 2494 1358 2547 licentiam

271 2596 409 2633 conversa.
445 2582 472 2631 ln
499 2582 607 2630 Graecia
634 2582 733 2643 quippe
758 2577 889 2643 paulum
916 2581 1044 2631 tarditatis
1060 2584 1089 2630 et
1104 2582 1241 2643 grauitatis
1257 2581 1358 2629 addere

272 2666 410 2717 uoluerant
426 2668 521 2728 poetae
539 2664 650 2714 senariis
668 2665 849 2729 spondeomm
867 2663 1025 2720 stabilitam
1044 2665 1105 2714 heio
1120 2666 1227 2721 autem.
1248 2666 1357 2720 Romae,

271 2749 313 2799 vel
339 2747 564 2799 nobilissimorum
587 2750 725 2811 poetarum
748 2748 861 2797 trimetri
883 2748 983 2797 nimio
1004 2745 1079 2811 plus
1100 2748 1232 2797 tarditatis
1250 2752 1279 2797 et
1294 2760 1359 2797 me·

272 2846 337 2883 ram
355 2833 511 2895 gravitatem
528 2831 675 2891 habebant,
696 2844 728 2881 ex
745 2830 893 2889 celeritate,
911 2844 980 2894 quae
998 2832 1106 2895 propris
1122 2834 1165 2881 est
1180 2830 1299 2881 iambico
1315 2844 1360 2894 ge

272 2918 343 2975 ueri,
363 2915 398 2965 nil
417 2917 472 2965 iere
490 2916 649 2973 retinentes;
670 2918 723 2965 tam
741 2913 811 2978 pleni
829 2914 973 2977 reiertique
991 2916 1068 2964 erant
1083 2914 1224 2978 spondeis,
1244 2918 1274 2963 et
1290 2915 1359 2964 iam-

272 2998 313 3049 bis
330 2999 408 3047 rart.»
442 3000 533 3061 ltaque
550 3012 601 3047 oon
617 3000 654 3047 ito
667 2998 768 3059 pridem
784 3000 894 3048 minime
911 3000 950 3047 sio
967 2998 1066 3047 dictum
1085 3001 1140 3057 est.
1164 3002 1195 3047 ut
1210 2999 1265 3048 Sui.
1283 3000 1314 3057 2,
1332 2999 1356 3052 2.

272 3080 312 3132 lii.
328 3082 396 3129 toud
412 3082 449 3130 iio
463 3082 574 3141 pridem,
594 3080 642 3131 aad
658 3081 803 3143 praedicati
816 3081 905 3131 locum
921 3080 1091 3143 obtinetur,
1110 3084 1140 3131 ut
1155 3082 1182 3131 ln
1200 3079 1245 3133 illo
1258 3096 1309 3131 ooo
1323 3087 1358 3131 eri

271 3166 320 3223 itu,
340 3165 440 3215 omisso
458 3162 542 3213 verbo
558 3162 738 3224 substantivo,
756 3164 834 3229 plane
852 3168 882 3215 ut
898 3166 986 3215 carm.
1005 3167 1036 3223 2,
1053 3166 1097 3225 li,
1116 3165 1167 3214 lit:

438 3248 498 3296 Tum
514 3247 594 3309 spisso
609 3247 689 3295 rumis
705 3247 796 3298 laureo
809 3249 919 3311 {auidos

437 3332 559 3381 linotudet
574 3332 644 3380 ictus¹
681 3334 738 3382 Non
755 3334 790 3383 iia
807 3333 906 3383 lioruuli

501 3416 696 3479 Praescriptum
713 3422 737 3465 et
755 3418 847 3467 intorui
863 3416 964 3467 Coioms

567 3499 689 3560 Auspiciis
703 3505 862 3561 ooienmupue
877 3514 976 3549 nomio.

273 3585 405 3647 Aristoph.
425 3581 512 3632 Nubb.
530 3582 563 3631 it:
591 3582 626 3631 Oi
644 3579 667 3629 δ’
693 3583 802 3633 οἰκέται
821 3578 990 3652 ῥέγκουσιν·
1017 3578 1076 3633 ἀλλ’
1093 3576 1205 3633 oilardo
1220 3582 1279 3655 πρὸ
1295 3583 1356 3635 τοῦ.

274 3669 371 3717 niuem
386 3678 467 3725 vero,
486 3678 547 3715 oum
564 3667 671 3729 propria
689 3667 850 3717 eontrarium
868 3669 902 3717 sit
917 3668 1045 3718 adverbio
1061 3682 1156 3730 nuper,
1180 3682 1235 3719 non
1252 3671 1288 3719 ita
1304 3672 1358 3720 ire·

274 3752 388 3813 quenter
414 3760 462 3811 pro
483 3748 542 3796 olim
559 3760 652 3811 oppos.
670 3762 737 3799 nurse
753 3752 875 3814 usurpari
892 3752 1026 3811 conced03
1053 3751 1102 3802 sed
1121 3752 1151 3803 iit
1167 3755 1259 3804 tamen
1277 3756 1359 3803 inier-

274 3833 352 3893 dum,
372 3832 401 3881 ul
412 3830 503 3881 lustin.
516 3828 556 3889 tt,
570 3830 598 3879 3:
617 3832 718 3882 ltaliam
735 3835 856 3884 notiorem
869 3836 915 3885 aiiii
931 3850 1011 3885 nunc
1026 3848 1104 3897 quom
1118 3837 1243 3897 pridem
1258 3839 1357 3899 tisim·

665 3958 677 3989 i

341 4102 510 4155 Memoranda
529 4118 599 4155 nunc
616 4107 658 4155 est
674 4104 755 4153 etiam
772 4104 854 4154 lahnii
871 4104 1015 4155 novissima
1030 4105 1128 4155 horum
1139 4118 1271 4158 versuum
1282 4110 1357 4157 intar-

274 4188 399 4249 pretorio,
419 4200 499 4251 quam
516 4185 624 4252 protulit
634 4188 659 4237 in
671 4184 817 4237 Annalibus
828 4188 883 4237 suis
900 4187 965 4249 (Vol.
978 4186 1020 4239 tt.
1033 4201 1059 4251 p.
1073 4188 1122 4239 tri
1132 4190 1187 4253 sq.)
1199 4190 1241 4241 his
1252 4190 1354 4240 verbm:
