2925 4892
276 335 338 405 394
637 337 767 394 iidiiiiii
783 337 1005 392 EPISTULARUM

319 499 403 564 Dum
424 506 458 564 tu
480 497 644 566 declamas
666 499 802 574 Romae,
828 497 1003 563 Praeneste
1025 494 1144 582 relegi3

319 619 391 699 Qui,
407 618 486 707 quid
502 617 543 686 eit
554 617 734 707 pulchrum,
751 616 831 706 quid
845 627 949 705 turpe,
966 616 1046 705 quid
1060 615 1147 693 utile,
1164 615 1242 704 quid
1255 635 1324 689 noa,

319 739 448 807 Planius
470 760 509 808 ac
531 739 647 808 melius
669 738 853 829 Chrysippo
879 749 912 806 et
933 738 1088 806 Crantore
1110 736 1196 804 dicit

340 919 389 970 ΕΡ.
408 921 439 971 ii.
475 917 500 971 4.
518 919 622 970 Plautus
632 929 768 983 snpereor.
782 930 796 968 e
812 930 841 979 c,
858 917 957 968 Plantae
966 917 1025 982 Edp
1036 920 1064 967 et
1074 916 1191 967 Pottierii
1201 913 1325 980 plerique,

309 994 373 1044 item
391 993 474 1044 icto.
505 993 545 1056 (iit
566 1006 628 1056 uos,
651 991 700 1053 bs,
718 989 830 1042 Bentleii
848 991 973 1042 «dimidia
990 991 1046 1042 tere
1062 1003 1127 1056 pare
1144 990 1286 1042 Codicum»
1303 992 1328 1040 et

309 1067 426 1118 Pettiertt
444 1067 588 1132 quattuor.)
608 1095 636 1104 -
655 1067 770 1130 citantem
787 1077 923 1130 super-eor.
942 1065 1057 1128 θώίρρο
1074 1064 1129 1128 (sic)
1147 1065 1173 1114 S.

275 1213 348 1281 apud
373 1217 445 1267 Grut.
467 1215 531 1280 638,
556 1217 582 1266 t.
611 1241 639 1252 -
666 1215 799 1280 4444444444]
838 1215 921 1266 ettam
945 1227 961 1265 a
986 1214 1112 1266 Panaetio
1135 1215 1172 1264 ita
1194 1211 1356 1264 dividebatur

276 1287 468 1346 adeclamuurlc
501 1289 536 1341 de
570 1289 639 1340 ttctls
676 1289 801 1342 thematis
838 1287 995 1340 deliberatio
1012 1286 1048 1340 de
1069 1287 1172 1340 otltoto:
1201 1289 1357 1340 amm

275 1363 399 1428 (quorum
422 1363 566 1428 benignam
588 1364 692 1429 copiam
720 1363 803 1415 habet
835 1363 909 1426 lacae
923 1363 957 1413 att
971 1375 1007 1413 44
1023 1361 1222 1425 44444ὰώ4444
1236 1361 1277 1422 at,
1293 1361 1356 1422 qued

274 1439 375 1490 Seneca
400 1440 428 1490 ei
456 1437 630 1499 Quintilianus
655 1440 682 1490 in
708 1437 801 1502 Decll.)
835 1437 865 1487 to
881 1437 1083 1490 meamea
1098 1436 1355 1486 metantium·

274 1511 344 1565 duce
355 1514 464 1565 rhetore
476 1512 578 1579 aliquo,
592 1514 802 1579 domesticopo-
837 1517 887 1564 tem
911 1518 957 1563 cut
980 1512 1121 1575 aemam
1144 1516 1190 1561 eut
1209 1509 1354 1568 4444444444,

274 1588 421 1652 tiuaquam
437 1587 561 1654 publico,
581 1592 803 1641 teexerceraso·
837 1589 872 1638 nd
896 1590 965 1639 ettae
992 1585 1194 1638 commetiutem
1222 1584 1357 1636 murae

273 1661 340 1716 les.»
365 1663 475 1715 Siccte.
488 1665 560 1716 Brut.
574 1665 621 1727 90,
639 1665 700 1716 3404
726 1664 802 1715 θοιιι-
837 1667 946 1725 mite,
972 1663 1008 1712 ud
1023 1661 1157 1726 fucum
1178 1673 1268 1710 maer
1286 1663 1355 1720 44444

273 1739 406 1792 mulier
422 1739 803 1805 decmmtonaotceatmm
837 1739 941 1801 ceptor,
974 1739 1010 1788 ad
1041 1749 1115 1799 oper,
1149 1737 1186 1785 ud
1208 1733 1356 1798 pomini,

273 1813 803 1878 tooumlmepecmnii.l²tecneet
837 1810 1356 1876 ᾳιιῶιιισιωροηᾱιιιὸιιυαησιιιιοι,

273 1889 803 1952 ΜαΡοωρσῐοαιιισιυιιιιὶὸᾳιιοφιο·
836 1888 961 1938 conducat
983 1888 1011 1937 td
1034 1899 1125 1948 44444,
1152 1886 1183 1937 de
1206 1898 1255 1948 quo
1275 1882 1358 1933 dettte·

274 1963 341 2014 ttdte.
372 1962 597 2014 Ctr.Suetcn.de
614 1963 690 2015 iihei.
705 1965 729 2016 4.
756 1965 802 2015 Se-
836 1959 1354 2024 rm--rerttmuaotmctaowee,

275 2049 343 2088 neca
368 2038 493 2088 controv.
512 2038 597 2089 Praei.
620 2053 647 2103 p.
666 2038 706 2090 63.
726 2041 799 2104 itin:
837 2050 896 2088 οιιιιι
916 2048 1034 2101 poenum
1055 2036 1156 2086 etdetur
1178 2048 1239 2084 cum
1263 2035 1356 2084 amaea

273 2111 426 2163 Declamare
447 2116 483 2161 ost
505 2111 653 2162 domeettoce
673 2115 802 2163 44444444-
838 2112 879 2173 td,
897 2111 964 2174 quod
978 2111 1078 2160 viuere
1093 2123 1145 2160 ecee
1158 2111 1229 2161 44444.
1258 2106 1353 2160 ctede

274 2185 357 2236 ttcett.
397 2185 551 2236 ludtctciam
583 2187 720 2250 tmcatnera
752 2188 801 2239 lias
839 2186 914 2243 Olflc.
929 2187 958 2246 i,
977 2185 1007 2246 3,
1026 2185 1050 2235 o.
1080 2185 1205 2236 lloratine
1223 2185 1301 2248 igitur
1309 2182 1357 2232 duc

274 2260 478 2311 exercitationes
494 2262 574 2311 vocat
591 2259 696 2321 Quintil.
710 2261 740 2322 2,
759 2262 799 2324 40,
838 2263 928 2326 priora
951 2261 1038 2324 capita
1063 2259 1202 2310 doctrinae
1227 2259 1289 2330 περὶ
1312 2251 1358 2307 τοῦ

275 2335 327 2396 44,,
346 2335 408 2399 quta
426 2335 504 2386 fictae
519 2347 616 2386 causae
634 2337 742 2388 tractari
759 2349 802 2388 44-
840 2332 1025 2402 medeweg-
1041 2336 1183 2385 memorat.

274 2407 374 2460 lebant.
393 2407 447 2460 ctr.
461 2411 542 2460 etiam
553 2412 626 2461 Pers.
640 2410 671 2471 3,
689 2410 722 2462 44
740 2423 800 2475 equ.
873 2411 898 2463 4.
925 2408 1043 2474 Plantae]
1067 2407 1137 2459 Kar
1155 2409 1302 2480 εἰρωνείαν
1320 2406 1359 2456 liic

274 2486 302 2535 et
318 2483 434 2534 invenai.
448 2485 479 2546 7,
493 2484 541 2535 ico
551 2497 612 2549 sqq.
643 2486 802 2536 iiooautem
840 2485 1108 2549 quoquestotecrum
1120 2482 1356 2549 laatumdeprimtt.

273 2558 392 2610 studium
409 2559 444 2610 ab
462 2559 569 2610 Horatio
586 2561 657 2611 tecta
674 2561 718 2612 liic
729 2561 802 2610 vitu-
840 2559 995 2609 hecilonem
1018 2558 1122 2621 plantus
1145 2561 1256 2622 praeter
1279 2554 1355 2608 Codd

271 2635 361 2698 perari
392 2635 528 2686 immerito
556 2632 673 2686 nonnulli
702 2636 802 2700 opinati
840 2633 1155 2697 noatroaantiquiasimoa
1165 2633 1358 2684 firmantiam

272 2709 347 2768 eunt;
374 2721 426 2760 nec
449 2721 515 2760 vero
538 2711 564 2760 tn
589 2712 686 2775 poetae
710 2710 802 2762 verbis
841 2708 1001 2772 «apartium,
1020 2709 1048 2760 et
1070 2708 1219 2772 Porphyrio
1238 2704 1357 2759 amantio·

272 2783 358 2845 ineat,
386 2785 459 2849 qued
483 2785 571 2836 visum
598 2785 639 2836 est
663 2785 799 2837 incohato:
839 2783 927 2833 attun-
956 2781 1132 2846 explicantem
1162 2783 1263 2845 4444444
1293 2781 1359 2832 esset

273 2857 522 2922 unirerimpotins,
542 2859 680 2909 licratium
692 2859 801 2909 iicmeri
840 2855 981 2918 «44444444,
994 2858 1155 2922 copiosius.»
1185 2858 1261 2909 lianc
1276 2855 1358 2907 lectic-

275 2929 442 2994 aiicrumque
453 2931 594 2995 poetarum
607 2933 802 2996 praestantium
840 2943 903 2982 nem
920 2931 1068 2982 detendunt
1085 2931 1217 2997 imprimis
1234 2933 1358 2983 Burman-

272 3003 391 3054 etndinm
419 3015 482 3054 cum
510 3002 679 3067 eloquentiae
712 3006 801 3057 studio
840 3017 890 3056 nus
907 3003 942 3056 ad
959 3006 1066 3056 Patron.
1079 3007 1103 3056 t.
1117 3005 1357 3058 et0bbarina.cic.

273 3077 490 3139 coniungendam
518 3089 578 3128 asae
610 3077 743 3130 docere·
773 3107 801 3117 -
839 3077 949 3141 Phii.2‚
969 3079 996 3140 4,
1014 3081 1044 3130 2:
1074 3080 1140 3142 0444
1162 3082 1232 3132 men
1253 3079 1359 3144 4444444,

271 3149 554 3212 praemunitam
572 3151 603 3214 3
627 3152 656 3214 4
675 3153 722 3204 tt·
752 3154 804 3217 tit-
840 3153 1360 3218 commmatitetprom

272 3225 360 3290 otdum
380 3225 519 3276 Prummu.
555 3223 623 3276 Flor.
643 3228 671 3290 4,
696 3227 744 3288 44,
766 3229 800 3278 7:
840 3227 1227 3280 etmetrodmcetmadtcea?
1249 3225 1360 3289 sedale-

272 3300 382 3351 aeattoue
397 3301 529 3351 Pruenme
545 3300 657 3352 deltctce
686 3303 745 3352 Non
756 3315 804 3353 an
839 3303 898 3352 otae
913 3301 1122 3367 praeterendum
1133 3305 1175 3354 444
1190 3305 1302 3369 prepter
1310 3300 1361 3365 epi

271 3377 329 3427 tem
345 3373 383 3426 ibt
399 3373 488 3426 villam
505 3373 624 3426 habehat
639 3379 734 3442 poeta,
752 3377 803 3429 aed
841 3389 939 3428 noenm
959 3379 1041 3441 atque
1058 3377 1215 3430 abetmeum
1233 3373 1359 3430 scribendi

272 3450 345 3516 apud
362 3453 481 3503 amicum
498 3449 615 3516 aliquem
632 3449 750 3515 degebat
760 3451 803 3502 vei
841 3464 927 3517 genna
951 3453 1047 3504 stoicis
1072 3450 1276 3517 complacitum,
1304 3461 1360 3502 cim

274 3523 386 3577 domum
411 3525 640 3578 conduxerat-
663 3525 712 3588 out
738 3526 802 3590 cet]
842 3529 935 3578 contm
947 3528 1080 3579 llcmerua
1094 3527 1215 3591 4444444,
1233 3530 1264 3579 nt
1278 3527 1358 3612 potia,

273 3599 330 3649 iioo
354 3599 464 3651 iiomeri
490 3599 639 3664 elogium·
631 3613 658 3650 m
682 3601 804 3652 mentem
841 3599 1177 3667 qmexemplrapropoeitm
1189 3601 1360 3654 mutumne

275 3672 352 3724 nebia
364 3675 474 3725 revocat
490 3676 548 3726 eius
557 3669 748 3737 Ἀποθέωσιν,
762 3685 807 3725 44-
841 3689 872 3726 re
883 3673 1016 3748 ἐναργείᾳ
1026 3676 1107 3728 docet
1119 3691 1201 3749 quarn
1213 3678 1300 3742 quirin
1309 3674 1361 3740 ph'r

273 3747 331 3798 444
325 3750 492 3810 ingeniosum
519 3748 639 3801 Archelai
664 3763 749 3816 opus,
779 3751 806 3801 in
841 3748 984 3816 imapum,
1017 3753 1078 3816 qni,
1110 3765 1172 3804 cum
1202 3753 1311 3804 Ettitcen
1331 3759 1360 3798 aa

268 3833 322 3885 quo
347 3820 511 3889 0444444444
537 3837 601 3876 eum
628 3828 739 3877 coronat
780 3827 809 3876 et
842 3824 965 3890 proteaec
981 3829 1091 3889 tractet,
1109 3827 1210 3891 4444444
1225 3823 1359 3893 praecepti

270 3891 387 3966 Χρόνος
406 3898 464 3948 etue
491 3901 634 3949 conservat
651 3897 806 3963 volumina,
843 3899 933 3951 tradit.
966 3902 996 3952 in
1025 3901 1098 3954 nullo
1122 3904 1214 3954 antem
1238 3901 1360 3966 scriptore

272 3982 393 4033 eumque
417 3970 530 4023 adorant
557 3968 662 4036 Φύσις,
690 3967 807 4042 Ἀρετή,
844 3976 975 4027 maiorem
985 3989 1047 4028 esea
1056 3978 1111 4028 dm
1122 3977 1269 4050 ἐναργείας
1280 3977 1361 4027 etw

269 4043 382 4108 Πιστις,
401 4045 508 4109 Σοφία.
521 4049 663 4113 inghirami
675 4049 806 4101 Guttom.
843 4052 967 4117 φηνεὶας
983 4063 1065 4118 qnam
1082 4053 1109 4103 tn
1126 4054 1253 4115 iinmero,
1271 4058 1360 4102 omnes

274 4124 293 4172 i.
313 4121 342 4174 Τ.
362 4123 387 4172 2.
408 4149 436 4158 -
452 4123 593 4188 4444444444
617 4126 674 4174 iam
691 4124 726 4175 ab
745 4126 805 4177 iri·
843 4139 898 4179 nno
922 4141 970 4181 ore
995 4129 1137 4181 affirmant.
1167 4132 1278 4181 Proraua
1300 4136 1360 4175 vero

269 4195 365 4248 ⁸totele
378 4195 470 4262 (Ethtc.
484 4199 591 4252 ittocm.
605 4199 637 4262 2,
652 4199 696 4264 4.),
708 4198 808 4253 deinde
844 4201 968 4256 diversae
984 4204 1032 4257 luit
1048 4204 1227 4272 chrydppm,
1245 4198 1361 4265 saeptae}
