<?xml version="1.0" encoding="UTF-8"?>
<!DOCTYPE html PUBLIC "-//W3C//DTD XHTML 1.0 Transitional//EN"
    "http://www.w3.org/TR/xhtml1/DTD/xhtml1-transitional.dtd">
<html xmlns="http://www.w3.org/1999/xhtml" xml:lang="en" lang="en">
 <head>
  <title>
</title>
<meta http-equiv="Content-Type" content="text/html;charset=utf-8" />
  <meta name='ocr-system' content='tesseract 3.04.00' />
  <meta name='ocr-capabilities' content='ocr_page ocr_carea ocr_par ocr_line ocrx_word'/>
</head>
<body>
  <div class='ocr_page' id='page_1' title='image "./qhoratiusflaccu03baitgoog/qhoratiusflaccu03baitgoog_0034.png"; bbox 0 0 2925 4892; ppageno 0'>
   <div class='ocr_carea' id='block_1_1' title="bbox 651 324 983 377">
    <p class='ocr_par' dir='ltr' id='par_1_1' title="bbox 651 324 983 377">
     <span class='ocr_line' id='line_1_1' title="bbox 651 324 983 377; baseline 0 -1"><span class='ocrx_word' id='word_1_1' title='bbox 651 324 783 377; x_wconf 74' lang='lat' dir='ltr'><strong>HOliA&#39;l&#39;ll</strong></span> <span class='ocrx_word' id='word_1_2' title='bbox 800 324 983 375; x_wconf 73' lang='lat' dir='ltr'><strong>sarlatium</strong></span> 
     </span>
    </p>
   </div>
   <div class='ocr_carea' id='block_1_2' title="bbox 312 478 1369 1296">
    <p class='ocr_par' dir='ltr' id='par_1_2' title="bbox 312 478 1245 686">
     <span class='ocr_line' id='line_1_2' title="bbox 312 478 1245 569; baseline -0.004 -22"><span class='ocrx_word' id='word_1_3' title='bbox 312 484 385 569; x_wconf 92' lang='lat' dir='ltr'><strong>lpse</strong></span> <span class='ocrx_word' id='word_1_4' title='bbox 407 481 508 557; x_wconf 85' lang='lat' dir='ltr'><strong>domi,</strong></span> <span class='ocrx_word' id='word_1_5' title='bbox 534 479 626 547; x_wconf 90' lang='lat' dir='ltr'><strong>simul</strong></span> <span class='ocrx_word' id='word_1_6' title='bbox 650 498 690 549; x_wconf 85' lang='lat' dir='ltr'><strong>ac.</strong></span> <span class='ocrx_word' id='word_1_7' title='bbox 710 498 859 544; x_wconf 87' lang='lat' dir='ltr'><strong>nummos</strong></span> <span class='ocrx_word' id='word_1_8' title='bbox 881 478 1082 566; x_wconf 86' lang='lat' dir='ltr'><strong>contemplor</strong></span> <span class='ocrx_word' id='word_1_9' title='bbox 1105 480 1137 543; x_wconf 92' lang='lat' dir='ltr'><strong>in</strong></span> <span class='ocrx_word' id='word_1_10' title='bbox 1159 498 1245 546; x_wconf 88' lang='lat' dir='ltr'><strong>arca.</strong></span> 
     </span>
     <span class='ocr_line' id='line_1_3' title="bbox 313 599 1062 686; baseline -0.005 -17"><span class='ocrx_word' id='word_1_11' title='bbox 313 602 462 669; x_wconf 82' lang='lat' dir='ltr'><strong>Tantalus</strong></span> <span class='ocrx_word' id='word_1_12' title='bbox 484 622 503 668; x_wconf 91' lang='lat' dir='ltr'><strong>a</strong></span> <span class='ocrx_word' id='word_1_13' title='bbox 525 600 622 669; x_wconf 89' lang='lat' dir='ltr'><strong>labris</strong></span> <span class='ocrx_word' id='word_1_14' title='bbox 645 600 757 666; x_wconf 87' lang='lat' dir='ltr'><strong>sitiens</strong></span> <span class='ocrx_word' id='word_1_15' title='bbox 779 599 933 686; x_wconf 75' lang='lat' dir='ltr'><strong>fugientia</strong></span> <span class='ocrx_word' id='word_1_16' title='bbox 954 608 1062 686; x_wconf 86' lang='lat' dir='ltr'><strong>captat</strong></span> 
     </span>
    </p>

    <p class='ocr_par' dir='ltr' id='par_1_3' title="bbox 314 718 1202 801">
     <span class='ocr_line' id='line_1_4' title="bbox 314 718 1202 801; baseline -0.003 -11"><span class='ocrx_word' id='word_1_17' title='bbox 314 723 530 791; x_wconf 84' lang='lat' dir='ltr'><strong>Flumina...</strong></span> <span class='ocrx_word' id='word_1_18' title='bbox 566 720 652 801; x_wconf 86' lang='lat' dir='ltr'><strong>Quid</strong></span> <span class='ocrx_word' id='word_1_19' title='bbox 674 718 789 785; x_wconf 85' lang='lat' dir='ltr'><strong>rides‘l</strong></span> <span class='ocrx_word' id='word_1_20' title='bbox 810 729 933 787; x_wconf 89' lang='lat' dir='ltr'><strong>mutato</strong></span> <span class='ocrx_word' id='word_1_21' title='bbox 955 722 1084 787; x_wconf 89' lang='lat' dir='ltr'><strong>nomine</strong></span> <span class='ocrx_word' id='word_1_22' title='bbox 1106 722 1149 788; x_wconf 91' lang='lat' dir='ltr'><strong>de</strong></span> <span class='ocrx_word' id='word_1_23' title='bbox 1170 732 1202 787; x_wconf 89' lang='lat' dir='ltr'><strong>te</strong></span> 
     </span>
    </p>

    <p class='ocr_par' dir='ltr' id='par_1_4' title="bbox 313 841 1369 1051">
     <span class='ocr_line' id='line_1_5' title="bbox 313 841 1369 931; baseline -0.004 -20"><span class='ocrx_word' id='word_1_24' title='bbox 313 844 434 911; x_wconf 85' lang='lat' dir='ltr'><strong>Fabula</strong></span> <span class='ocrx_word' id='word_1_25' title='bbox 456 852 618 909; x_wconf 80' lang='lat' dir='ltr'><strong>narratur:</strong></span> <span class='ocrx_word' id='word_1_26' title='bbox 643 842 808 931; x_wconf 81' lang='lat' dir='ltr'><strong>congestis</strong></span> <span class='ocrx_word' id='word_1_27' title='bbox 829 841 975 929; x_wconf 89' lang='lat' dir='ltr'><strong>undique</strong></span> <span class='ocrx_word' id='word_1_28' title='bbox 998 843 1102 909; x_wconf 89' lang='lat' dir='ltr'><strong>saccis</strong></span> <span class='ocrx_word' id='word_1_29' title='bbox 1322 846 1369 908; x_wconf 79' lang='lat' dir='ltr'><strong>iit</strong></span> 
     </span>
     <span class='ocr_line' id='line_1_6' title="bbox 314 964 1143 1051; baseline -0.002 -20"><span class='ocrx_word' id='word_1_30' title='bbox 314 965 471 1032; x_wconf 88' lang='lat' dir='ltr'><strong>indormis</strong></span> <span class='ocrx_word' id='word_1_31' title='bbox 494 964 618 1031; x_wconf 83' lang='lat' dir='ltr'><strong>inhians</strong></span> <span class='ocrx_word' id='word_1_32' title='bbox 640 973 673 1031; x_wconf 88' lang='lat' dir='ltr'><strong>et</strong></span> <span class='ocrx_word' id='word_1_33' title='bbox 695 974 860 1051; x_wconf 79' lang='lat' dir='ltr'><strong>tamquam</strong></span> <span class='ocrx_word' id='word_1_34' title='bbox 882 984 1019 1051; x_wconf 84' lang='lat' dir='ltr'><strong>parcere</strong></span> <span class='ocrx_word' id='word_1_35' title='bbox 1041 964 1143 1031; x_wconf 87' lang='lat' dir='ltr'><strong>sacris</strong></span> 
     </span>
    </p>

    <p class='ocr_par' dir='ltr' id='par_1_5' title="bbox 314 1082 1154 1175">
     <span class='ocr_line' id='line_1_7' title="bbox 314 1082 1154 1175; baseline -0.007 -20"><span class='ocrx_word' id='word_1_36' title='bbox 314 1087 448 1175; x_wconf 84' lang='lat' dir='ltr'><strong>Cogeris</strong></span> <span class='ocrx_word' id='word_1_37' title='bbox 470 1096 526 1153; x_wconf 89' lang='lat' dir='ltr'><strong>aut</strong></span> <span class='ocrx_word' id='word_1_38' title='bbox 547 1086 641 1173; x_wconf 89' lang='lat' dir='ltr'><strong>pictis</strong></span> <span class='ocrx_word' id='word_1_39' title='bbox 663 1094 828 1173; x_wconf 84' lang='lat' dir='ltr'><strong>tamquam</strong></span> <span class='ocrx_word' id='word_1_40' title='bbox 849 1083 995 1170; x_wconf 86' lang='lat' dir='ltr'><strong>gaudere</strong></span> <span class='ocrx_word' id='word_1_41' title='bbox 1018 1082 1154 1151; x_wconf 86' lang='lat' dir='ltr'><strong>tabellis.</strong></span> 
     </span>
    </p>

    <p class='ocr_par' dir='ltr' id='par_1_6' title="bbox 312 1203 1276 1296">
     <span class='ocr_line' id='line_1_8' title="bbox 312 1203 1276 1296; baseline -0.005 -22"><span class='ocrx_word' id='word_1_42' title='bbox 312 1209 426 1275; x_wconf 86' lang='lat' dir='ltr'><strong>Nescis</strong></span> <span class='ocrx_word' id='word_1_43' title='bbox 446 1228 513 1296; x_wconf 87' lang='lat' dir='ltr'><strong>quo</strong></span> <span class='ocrx_word' id='word_1_44' title='bbox 535 1206 640 1275; x_wconf 86' lang='lat' dir='ltr'><strong>valcat</strong></span> <span class='ocrx_word' id='word_1_45' title='bbox 662 1204 837 1273; x_wconf 80' lang='lat' dir='ltr'><strong>nummus?</strong></span> <span class='ocrx_word' id='word_1_46' title='bbox 859 1225 959 1293; x_wconf 88' lang='lat' dir='ltr'><strong>quem</strong></span> <span class='ocrx_word' id='word_1_47' title='bbox 980 1203 1137 1292; x_wconf 88' lang='lat' dir='ltr'><strong>praebeat</strong></span> <span class='ocrx_word' id='word_1_48' title='bbox 1157 1206 1276 1273; x_wconf 78' lang='lat' dir='ltr'><strong>usum?</strong></span> 
     </span>
    </p>
   </div>
   <div class='ocr_carea' id='block_1_3' title="bbox 338 1465 1326 1534">
    <p class='ocr_par' dir='ltr' id='par_1_7' title="bbox 338 1465 1326 1534">
     <span class='ocr_line' id='line_1_9' title="bbox 338 1465 1326 1534; baseline -0.002 -15"><span class='ocrx_word' id='word_1_49' title='bbox 338 1470 377 1519; x_wconf 71' lang='lat' dir='ltr'><strong>ll.</strong></span> <span class='ocrx_word' id='word_1_50' title='bbox 393 1468 445 1534; x_wconf 81' lang='lat' dir='ltr'><strong>out]</strong></span> <span class='ocrx_word' id='word_1_51' title='bbox 458 1467 524 1519; x_wconf 86' lang='lat' dir='ltr'><strong>acb.</strong></span> <span class='ocrx_word' id='word_1_52' title='bbox 538 1496 564 1505; x_wconf 94' lang='lat'><em>-</em></span> <span class='ocrx_word' id='word_1_53' title='bbox 576 1468 617 1519; x_wconf 82' lang='lat'><strong>73.</strong></span> <span class='ocrx_word' id='word_1_54' title='bbox 628 1467 684 1533; x_wconf 77' lang='lat' dir='ltr'><strong>cco]</strong></span> <span class='ocrx_word' id='word_1_55' title='bbox 698 1468 759 1531; x_wconf 79' lang='lat' dir='ltr'><strong>guid</strong></span> <span class='ocrx_word' id='word_1_56' title='bbox 768 1468 796 1518; x_wconf 88' lang='lat' dir='ltr'><strong>C.</strong></span> <span class='ocrx_word' id='word_1_57' title='bbox 810 1492 838 1503; x_wconf 91' lang='lat'>-</span> <span class='ocrx_word' id='word_1_58' title='bbox 847 1465 947 1531; x_wconf 71' lang='lat' dir='ltr'><strong>suomi]</strong></span> <span class='ocrx_word' id='word_1_59' title='bbox 957 1467 1018 1517; x_wconf 83' lang='lat' dir='ltr'><strong>Sino</strong></span> <span class='ocrx_word' id='word_1_60' title='bbox 1030 1466 1279 1530; x_wconf 78' lang='lat' dir='ltr'><strong>interrogationibus</strong></span> <span class='ocrx_word' id='word_1_61' title='bbox 1293 1470 1326 1519; x_wconf 83' lang='lat' dir='ltr'><strong>li.</strong></span> 
     </span>
    </p>
   </div>
   <div class='ocr_carea' id='block_1_4' title="bbox 197 1693 1370 4220">
    <p class='ocr_par' dir='ltr' id='par_1_8' title="bbox 271 1693 1370 2584">
     <span class='ocr_line' id='line_1_10' title="bbox 272 1693 1366 1767; baseline 0 -17"><span class='ocrx_word' id='word_1_62' title='bbox 272 1700 430 1765; x_wconf 85' lang='lat' dir='ltr'><strong>praesertim</strong></span> <span class='ocrx_word' id='word_1_63' title='bbox 452 1712 514 1749; x_wconf 89' lang='lat' dir='ltr'><strong>cum</strong></span> <span class='ocrx_word' id='word_1_64' title='bbox 535 1697 624 1763; x_wconf 88' lang='lat' dir='ltr'><strong>populi</strong></span> <span class='ocrx_word' id='word_1_65' title='bbox 642 1698 796 1761; x_wconf 83' lang='lat' dir='ltr'><strong>contemptu</strong></span> <span class='ocrx_word' id='word_1_66' title='bbox 834 1693 907 1767; x_wconf 77' lang='grc' dir='ltr'><em>πρὸς</em></span> <span class='ocrx_word' id='word_1_67' title='bbox 934 1700 997 1759; x_wconf 76' lang='grc' dir='ltr'><strong><em>τοῖς</em></strong></span> <span class='ocrx_word' id='word_1_68' title='bbox 1023 1694 1218 1761; x_wconf 79' lang='grc' dir='ltr'><strong><em>ἑλιτιζομένοις</em></strong></span> <span class='ocrx_word' id='word_1_69' title='bbox 1243 1698 1366 1764; x_wconf 78' lang='grc' dir='ltr'><strong><em>γένηται</em></strong></span> 
     </span>
     <span class='ocr_line' id='line_1_11' title="bbox 273 1766 1365 1842; baseline -0.001 -17"><span class='ocrx_word' id='word_1_70' title='bbox 273 1778 370 1835; x_wconf 82' lang='lat' dir='ltr'><strong>iuncta,</strong></span> <span class='ocrx_word' id='word_1_71' title='bbox 388 1776 458 1825; x_wconf 88' lang='lat' dir='ltr'><strong>inest</strong></span> <span class='ocrx_word' id='word_1_72' title='bbox 469 1775 585 1835; x_wconf 85' lang='lat' dir='ltr'><strong>miseria,</strong></span> <span class='ocrx_word' id='word_1_73' title='bbox 604 1773 710 1823; x_wconf 82' lang='lat' dir='ltr'><strong>videtur</strong></span> <span class='ocrx_word' id='word_1_74' title='bbox 721 1784 754 1821; x_wconf 87' lang='lat' dir='ltr'><strong>ex</strong></span> <span class='ocrx_word' id='word_1_75' title='bbox 767 1772 797 1821; x_wconf 86' lang='lat' dir='ltr'><strong>iis</strong></span> <span class='ocrx_word' id='word_1_76' title='bbox 834 1773 884 1822; x_wconf 76' lang='lat' dir='ltr'><strong>nul</strong></span> <span class='ocrx_word' id='word_1_77' title='bbox 906 1768 962 1842; x_wconf 78' lang='grc' dir='ltr'><strong>πρὸ</strong></span> <span class='ocrx_word' id='word_1_78' title='bbox 984 1766 1089 1839; x_wconf 71' lang='grc' dir='ltr'><strong><em>χειρῶν</em></strong></span> <span class='ocrx_word' id='word_1_79' title='bbox 1105 1766 1165 1831; x_wconf 76' lang='grc' dir='ltr'><strong><em>ἔχει</em></strong></span> <span class='ocrx_word' id='word_1_80' title='bbox 1184 1768 1219 1821; x_wconf 77' lang='grc' dir='ltr'><strong>τὸ</strong></span> <span class='ocrx_word' id='word_1_81' title='bbox 1235 1766 1365 1839; x_wconf 83' lang='grc' dir='ltr'>ἀγαθόν.</span> 
     </span>
     <span class='ocr_line' id='line_1_12' title="bbox 271 1844 1370 1912; baseline 0 -13"><span class='ocrx_word' id='word_1_82' title='bbox 271 1849 362 1909; x_wconf 84' lang='lat' dir='ltr'><strong>luisse,</strong></span> <span class='ocrx_word' id='word_1_83' title='bbox 381 1850 494 1912; x_wconf 86' lang='lat' dir='ltr'><strong>quaein</strong></span> <span class='ocrx_word' id='word_1_84' title='bbox 513 1847 610 1898; x_wconf 92' lang='lat' dir='ltr'><strong>scholis</strong></span> <span class='ocrx_word' id='word_1_85' title='bbox 627 1847 800 1911; x_wconf 86' lang='lat' dir='ltr'><strong>philosopho-</strong></span> <span class='ocrx_word' id='word_1_86' title='bbox 834 1846 954 1897; x_wconf 83' lang='lat' dir='ltr'><strong>Eustutlr.</strong></span> <span class='ocrx_word' id='word_1_87' title='bbox 973 1846 1008 1895; x_wconf 91' lang='lat' dir='ltr'><strong>ad</strong></span> <span class='ocrx_word' id='word_1_88' title='bbox 1025 1845 1121 1908; x_wconf 85' lang='lat' dir='ltr'><strong>Odyss.</strong></span> <span class='ocrx_word' id='word_1_89' title='bbox 1138 1844 1167 1906; x_wconf 81' lang='grc' dir='ltr'><strong>λ,</strong></span> <span class='ocrx_word' id='word_1_90' title='bbox 1186 1848 1243 1895; x_wconf 82' lang='lat'>58⁰.</span> <span class='ocrx_word' id='word_1_91' title='bbox 1276 1848 1370 1911; x_wconf 81' lang='lat' dir='ltr'><strong>(Pror-</strong></span> 
     </span>
     <span class='ocr_line' id='line_1_13' title="bbox 272 1920 1368 1987; baseline 0 -14"><span class='ocrx_word' id='word_1_92' title='bbox 272 1936 332 1973; x_wconf 91' lang='lat' dir='ltr'><strong>rum</strong></span> <span class='ocrx_word' id='word_1_93' title='bbox 360 1923 504 1973; x_wconf 84' lang='lat' dir='ltr'><strong>memorari</strong></span> <span class='ocrx_word' id='word_1_94' title='bbox 533 1921 659 1971; x_wconf 85' lang='lat' dir='ltr'><strong>solerent.</strong></span> <span class='ocrx_word' id='word_1_95' title='bbox 700 1922 731 1970; x_wconf 84' lang='lat' dir='ltr'><strong>Et</strong></span> <span class='ocrx_word' id='word_1_96' title='bbox 759 1921 798 1969; x_wconf 92' lang='lat' dir='ltr'><strong>sic</strong></span> <span class='ocrx_word' id='word_1_97' title='bbox 835 1935 880 1971; x_wconf 90' lang='lat' dir='ltr'><strong>sus</strong></span> <span class='ocrx_word' id='word_1_98' title='bbox 898 1923 928 1971; x_wconf 93' lang='lat' dir='ltr'><strong>ut</strong></span> <span class='ocrx_word' id='word_1_99' title='bbox 950 1921 1006 1979; x_wconf 89' lang='lat' dir='ltr'><strong>hic,</strong></span> <span class='ocrx_word' id='word_1_100' title='bbox 1030 1920 1130 1971; x_wconf 88' lang='lat' dir='ltr'><strong>Tantali</strong></span> <span class='ocrx_word' id='word_1_101' title='bbox 1153 1923 1240 1984; x_wconf 86' lang='lat' dir='ltr'><strong>imago</strong></span> <span class='ocrx_word' id='word_1_102' title='bbox 1260 1936 1368 1987; x_wconf 89' lang='lat' dir='ltr'><strong>propo-</strong></span> 
     </span>
     <span class='ocr_line' id='line_1_14' title="bbox 271 1990 1366 2061; baseline 0 -13"><span class='ocrx_word' id='word_1_103' title='bbox 271 2010 353 2061; x_wconf 85' lang='lat' dir='ltr'><strong>saepe</strong></span> <span class='ocrx_word' id='word_1_104' title='bbox 371 1997 402 2045; x_wconf 88' lang='lat' dir='ltr'><strong>ot</strong></span> <span class='ocrx_word' id='word_1_105' title='bbox 417 1990 526 2061; x_wconf 74' lang='grc' dir='ltr'><strong><em>ἠθικοί.</em></strong></span> <span class='ocrx_word' id='word_1_106' title='bbox 561 1994 628 2046; x_wconf 85' lang='lat' dir='ltr'><strong>Plut.</strong></span> <span class='ocrx_word' id='word_1_107' title='bbox 648 1994 682 2043; x_wconf 89' lang='lat' dir='ltr'><strong>de</strong></span> <span class='ocrx_word' id='word_1_108' title='bbox 700 1994 795 2058; x_wconf 85' lang='lat' dir='ltr'><strong>cupid.</strong></span> <span class='ocrx_word' id='word_1_109' title='bbox 835 1995 1138 2059; x_wconf 87' lang='lat' dir='ltr'><strong>niturapudLucianum</strong></span> <span class='ocrx_word' id='word_1_110' title='bbox 1150 1996 1280 2054; x_wconf 87' lang='lat' dir='ltr'><strong>Tim.l8.;</strong></span> <span class='ocrx_word' id='word_1_111' title='bbox 1293 2010 1366 2048; x_wconf 83' lang='lat' dir='ltr'><strong>eau-</strong></span> 
     </span>
     <span class='ocr_line' id='line_1_15' title="bbox 272 2066 1366 2135; baseline 0.002 -14"><span class='ocrx_word' id='word_1_112' title='bbox 272 2071 345 2121; x_wconf 76' lang='lat' dir='ltr'><strong>‹ln-tt.</strong></span> <span class='ocrx_word' id='word_1_113' title='bbox 364 2072 392 2121; x_wconf 83' lang='lat'><strong>5:</strong></span> <span class='ocrx_word' id='word_1_114' title='bbox 422 2066 578 2133; x_wconf 81' lang='grc' dir='ltr'><strong><em>Βυζάντιόν</em></strong></span> <span class='ocrx_word' id='word_1_115' title='bbox 600 2084 664 2119; x_wconf 75' lang='grc' dir='ltr'><strong><em>τινα</em></strong></span> <span class='ocrx_word' id='word_1_116' title='bbox 681 2066 799 2135; x_wconf 77' lang='grc' dir='ltr'><strong><em>λέγουσι</em></strong></span> <span class='ocrx_word' id='word_1_117' title='bbox 835 2070 898 2120; x_wconf 88' lang='lat' dir='ltr'><strong>dem</strong></span> <span class='ocrx_word' id='word_1_118' title='bbox 910 2071 994 2133; x_wconf 88' lang='lat' dir='ltr'><strong>magis</strong></span> <span class='ocrx_word' id='word_1_119' title='bbox 1002 2070 1037 2120; x_wconf 84' lang='lat' dir='ltr'><strong>ad</strong></span> <span class='ocrx_word' id='word_1_120' title='bbox 1049 2070 1212 2134; x_wconf 86' lang='lat' dir='ltr'><strong>voluptutem</strong></span> <span class='ocrx_word' id='word_1_121' title='bbox 1223 2084 1366 2135; x_wconf 89' lang='lat' dir='ltr'><strong>uunquam</strong></span> 
     </span>
     <span class='ocr_line' id='line_1_16' title="bbox 272 2142 1368 2209; baseline 0.002 -14"><span class='ocrx_word' id='word_1_122' title='bbox 272 2143 331 2195; x_wconf 84' lang='grc' dir='ltr'><strong><em>κτλ.</em></strong></span> <span class='ocrx_word' id='word_1_123' title='bbox 351 2146 417 2209; x_wconf 86' lang='lat' dir='ltr'><strong>Epp.</strong></span> <span class='ocrx_word' id='word_1_124' title='bbox 428 2146 452 2204; x_wconf 76' lang='lat'><strong>2,</strong></span> <span class='ocrx_word' id='word_1_125' title='bbox 463 2148 487 2203; x_wconf 61' lang='grc' dir='ltr'><strong>κ,</strong></span> <span class='ocrx_word' id='word_1_126' title='bbox 500 2145 560 2193; x_wconf 69' lang='grc' dir='ltr'><strong>Ηὸε</strong></span> <span class='ocrx_word' id='word_1_127' title='bbox 580 2144 637 2193; x_wconf 69' lang='lat' dir='ltr'><strong>licit</strong></span> <span class='ocrx_word' id='word_1_128' title='bbox 648 2143 716 2192; x_wconf 76' lang='lat' dir='ltr'><strong>hund</strong></span> <span class='ocrx_word' id='word_1_129' title='bbox 727 2142 798 2204; x_wconf 81' lang='lat' dir='ltr'><strong>igno·</strong></span> <span class='ocrx_word' id='word_1_130' title='bbox 835 2143 968 2208; x_wconf 85' lang='lat' dir='ltr'><strong>expletam</strong></span> <span class='ocrx_word' id='word_1_131' title='bbox 986 2158 1067 2208; x_wconf 86' lang='lat' dir='ltr'><strong>quam</strong></span> <span class='ocrx_word' id='word_1_132' title='bbox 1085 2145 1119 2194; x_wconf 90' lang='lat' dir='ltr'><strong>ud</strong></span> <span class='ocrx_word' id='word_1_133' title='bbox 1137 2146 1274 2195; x_wconf 84' lang='lat' dir='ltr'><strong>avaritiam</strong></span> <span class='ocrx_word' id='word_1_134' title='bbox 1292 2148 1368 2197; x_wconf 85' lang='lat' dir='ltr'><strong>rele-</strong></span> 
     </span>
     <span class='ocr_line' id='line_1_17' title="bbox 272 2214 1365 2285; baseline 0.004 -16"><span class='ocrx_word' id='word_1_135' title='bbox 272 2220 327 2269; x_wconf 80' lang='lat' dir='ltr'><strong>bilis</strong></span> <span class='ocrx_word' id='word_1_136' title='bbox 348 2220 422 2281; x_wconf 82' lang='lat' dir='ltr'><strong>Argis</strong></span> <span class='ocrx_word' id='word_1_137' title='bbox 439 2222 490 2268; x_wconf 89' lang='lat' dir='ltr'><strong>cet.</strong></span> <span class='ocrx_word' id='word_1_138' title='bbox 526 2217 615 2268; x_wconf 84' lang='lat' dir='ltr'><strong>Glossa</strong></span> <span class='ocrx_word' id='word_1_139' title='bbox 632 2216 698 2267; x_wconf 88' lang='lat' dir='ltr'><strong>Cod.</strong></span> <span class='ocrx_word' id='word_1_140' title='bbox 718 2215 799 2266; x_wconf 85' lang='lat' dir='ltr'><strong>Blau-</strong></span> <span class='ocrx_word' id='word_1_141' title='bbox 836 2222 897 2268; x_wconf 90' lang='lat' dir='ltr'><strong>runt</strong></span> <span class='ocrx_word' id='word_1_142' title='bbox 913 2217 985 2269; x_wconf 85' lang='lat' dir='ltr'><strong>Philo</strong></span> <span class='ocrx_word' id='word_1_143' title='bbox 1003 2221 1029 2269; x_wconf 93' lang='lat' dir='ltr'><strong>iu</strong></span> <span class='ocrx_word' id='word_1_144' title='bbox 1047 2214 1107 2270; x_wconf 82' lang='grc' dir='ltr'><strong>Οὐκ</strong></span> <span class='ocrx_word' id='word_1_145' title='bbox 1124 2216 1315 2285; x_wconf 71' lang='grc' dir='ltr'><strong><em>ἐπιθυμήσεις</em></strong></span> <span class='ocrx_word' id='word_1_146' title='bbox 1332 2224 1365 2274; x_wconf 86' lang='grc' dir='ltr'><strong>Τ.</strong></span> 
     </span>
     <span class='ocr_line' id='line_1_18' title="bbox 272 2290 1368 2358; baseline 0.003 -15"><span class='ocrx_word' id='word_1_147' title='bbox 272 2295 338 2343; x_wconf 70' lang='lat' dir='ltr'><strong>alin:</strong></span> <span class='ocrx_word' id='word_1_148' title='bbox 359 2294 422 2343; x_wconf 68' lang='lat' dir='ltr'><strong>:ilic</strong></span> <span class='ocrx_word' id='word_1_149' title='bbox 434 2294 543 2355; x_wconf 83' lang='lat' dir='ltr'><strong>qiridam</strong></span> <span class='ocrx_word' id='word_1_150' title='bbox 556 2294 661 2342; x_wconf 86' lang='lat' dir='ltr'><strong>notatur</strong></span> <span class='ocrx_word' id='word_1_151' title='bbox 677 2290 797 2350; x_wconf 69' lang='lat' dir='ltr'><strong>Fabiusp</strong></span> <span class='ocrx_word' id='word_1_152' title='bbox 834 2294 866 2342; x_wconf 86' lang='lat' dir='ltr'><strong>V.</strong></span> <span class='ocrx_word' id='word_1_153' title='bbox 884 2305 911 2356; x_wconf 92' lang='lat' dir='ltr'><strong>p.</strong></span> <span class='ocrx_word' id='word_1_154' title='bbox 925 2292 981 2343; x_wconf 70' lang='lat'><strong>433.</strong></span> <span class='ocrx_word' id='word_1_155' title='bbox 999 2295 1068 2358; x_wconf 83' lang='lat' dir='ltr'><strong>lips.</strong></span> <span class='ocrx_word' id='word_1_156' title='bbox 1083 2296 1111 2343; x_wconf 90' lang='lat' dir='ltr'><strong>el</strong></span> <span class='ocrx_word' id='word_1_157' title='bbox 1127 2296 1255 2345; x_wconf 78' lang='lat' dir='ltr'><strong>Maximus</strong></span> <span class='ocrx_word' id='word_1_158' title='bbox 1267 2297 1368 2357; x_wconf 81' lang='lat' dir='ltr'><strong>Tyrius</strong></span> 
     </span>
     <span class='ocr_line' id='line_1_19' title="bbox 273 2366 1365 2433; baseline 0.004 -16"><span class='ocrx_word' id='word_1_159' title='bbox 273 2370 393 2433; x_wconf 89' lang='lat' dir='ltr'><strong>precario</strong></span> <span class='ocrx_word' id='word_1_160' title='bbox 420 2367 561 2432; x_wconf 81' lang='lat' dir='ltr'><strong>desumpta</strong></span> <span class='ocrx_word' id='word_1_161' title='bbox 587 2366 692 2416; x_wconf 84' lang='lat' dir='ltr'><strong>videtur</strong></span> <span class='ocrx_word' id='word_1_162' title='bbox 716 2379 749 2415; x_wconf 81' lang='lat' dir='ltr'><strong>ex</strong></span> <span class='ocrx_word' id='word_1_163' title='bbox 770 2380 796 2415; x_wconf 92' lang='lat' dir='ltr'><strong>v.</strong></span> <span class='ocrx_word' id='word_1_164' title='bbox 835 2368 903 2416; x_wconf 88' lang='lat' dir='ltr'><strong>Diss.</strong></span> <span class='ocrx_word' id='word_1_165' title='bbox 917 2366 945 2427; x_wconf 81' lang='lat' dir='ltr'><strong>i,</strong></span> <span class='ocrx_word' id='word_1_166' title='bbox 964 2366 999 2431; x_wconf 78' lang='lat' dir='ltr'><strong>l.)</strong></span> <span class='ocrx_word' id='word_1_167' title='bbox 1014 2374 1151 2419; x_wconf 83' lang='lat' dir='ltr'><strong>—mutcto</strong></span> <span class='ocrx_word' id='word_1_168' title='bbox 1167 2370 1274 2433; x_wconf 76' lang='lat' dir='ltr'><strong>omnine]</strong></span> <span class='ocrx_word' id='word_1_169' title='bbox 1294 2371 1365 2422; x_wconf 72' lang='lat' dir='ltr'><strong>«clia</strong></span> 
     </span>
     <span class='ocr_line' id='line_1_20' title="bbox 274 2436 1365 2504; baseline 0.003 -11"><span class='ocrx_word' id='word_1_170' title='bbox 274 2442 313 2493; x_wconf 83' lang='lat' dir='ltr'><strong>ll.</strong></span> <span class='ocrx_word' id='word_1_171' title='bbox 332 2456 383 2492; x_wconf 87' lang='lat' dir='ltr'><strong>nco</strong></span> <span class='ocrx_word' id='word_1_172' title='bbox 405 2442 492 2491; x_wconf 87' lang='lat' dir='ltr'><strong>minus</strong></span> <span class='ocrx_word' id='word_1_173' title='bbox 516 2454 583 2491; x_wconf 83' lang='lat' dir='ltr'><strong>vana</strong></span> <span class='ocrx_word' id='word_1_174' title='bbox 605 2452 686 2503; x_wconf 86' lang='lat' dir='ltr'><strong>quam</strong></span> <span class='ocrx_word' id='word_1_175' title='bbox 709 2436 796 2489; x_wconf 84' lang='lat' dir='ltr'><strong>schol.</strong></span> <span class='ocrx_word' id='word_1_176' title='bbox 835 2443 877 2491; x_wconf 85' lang='lat' dir='ltr'><strong>est</strong></span> <span class='ocrx_word' id='word_1_177' title='bbox 893 2454 1022 2504; x_wconf 87' lang='lat' dir='ltr'><strong>persona,</strong></span> <span class='ocrx_word' id='word_1_178' title='bbox 1046 2457 1091 2495; x_wconf 89' lang='lat' dir='ltr'><strong>res</strong></span> <span class='ocrx_word' id='word_1_179' title='bbox 1109 2444 1232 2495; x_wconf 75' lang='lat' dir='ltr'><strong>eadem.»</strong></span> <span class='ocrx_word' id='word_1_180' title='bbox 1252 2474 1279 2481; x_wconf 94' lang='lat'>-</span> <span class='ocrx_word' id='word_1_181' title='bbox 1297 2460 1365 2496; x_wconf 85' lang='lat' dir='ltr'><strong>eon-</strong></span> 
     </span>
     <span class='ocr_line' id='line_1_21' title="bbox 273 2510 1368 2584; baseline 0.006 -18"><span class='ocrx_word' id='word_1_182' title='bbox 273 2516 411 2580; x_wconf 77' lang='lat' dir='ltr'><strong>explicatio</strong></span> <span class='ocrx_word' id='word_1_183' title='bbox 424 2517 458 2566; x_wconf 88' lang='lat' dir='ltr'><strong>de</strong></span> <span class='ocrx_word' id='word_1_184' title='bbox 468 2516 578 2565; x_wconf 83' lang='lat' dir='ltr'><strong>Timone</strong></span> <span class='ocrx_word' id='word_1_185' title='bbox 590 2510 797 2584; x_wconf 78' lang='grc' dir='ltr'><strong><em>μισανθρώπῳ.</em></strong></span> <span class='ocrx_word' id='word_1_186' title='bbox 835 2517 909 2579; x_wconf 77' lang='lat' dir='ltr'><strong>gestis</strong></span> <span class='ocrx_word' id='word_1_187' title='bbox 929 2518 1051 2583; x_wconf 73' lang='grc' dir='ltr'><strong><em>οοοιᾳκο]</em></strong></span> <span class='ocrx_word' id='word_1_188' title='bbox 1070 2534 1159 2583; x_wconf 77' lang='lat' dir='ltr'><strong>«quos</strong></span> <span class='ocrx_word' id='word_1_189' title='bbox 1181 2523 1253 2571; x_wconf 90' lang='lat' dir='ltr'><strong>omui</strong></span> <span class='ocrx_word' id='word_1_190' title='bbox 1276 2534 1368 2584; x_wconf 85' lang='lat' dir='ltr'><strong>quae-</strong></span> 
     </span>
    </p>

    <p class='ocr_par' dir='ltr' id='par_1_9' title="bbox 197 2589 1370 4220">
     <span class='ocr_line' id='line_1_22' title="bbox 305 2589 1367 2659; baseline 0.005 -18"><span class='ocrx_word' id='word_1_191' title='bbox 305 2591 395 2641; x_wconf 75' lang='lat' dir='ltr'><strong>(tu-72.</strong></span> <span class='ocrx_word' id='word_1_192' title='bbox 416 2589 542 2654; x_wconf 79' lang='lat' dir='ltr'><strong>lentulus]</strong></span> <span class='ocrx_word' id='word_1_193' title='bbox 555 2590 654 2641; x_wconf 88' lang='lat' dir='ltr'><strong>Versus</strong></span> <span class='ocrx_word' id='word_1_194' title='bbox 663 2590 797 2649; x_wconf 87' lang='lat' dir='ltr'><strong>heroicus,</strong></span> <span class='ocrx_word' id='word_1_195' title='bbox 835 2592 890 2639; x_wconf 76' lang='lat' dir='ltr'><strong>stus</strong></span> <span class='ocrx_word' id='word_1_196' title='bbox 907 2602 1005 2653; x_wconf 85' lang='lat' dir='ltr'><strong>genere</strong></span> <span class='ocrx_word' id='word_1_197' title='bbox 1022 2596 1147 2657; x_wconf 75' lang='lat' dir='ltr'><strong>parasti.»</strong></span> <span class='ocrx_word' id='word_1_198' title='bbox 1166 2620 1194 2631; x_wconf 89' lang='lat'><em>-</em></span> <span class='ocrx_word' id='word_1_199' title='bbox 1211 2596 1298 2659; x_wconf 74' lang='lat' dir='ltr'><strong>moris]</strong></span> <span class='ocrx_word' id='word_1_200' title='bbox 1316 2598 1367 2646; x_wconf 90' lang='lat' dir='ltr'><strong>ln-</strong></span> 
     </span>
     <span class='ocr_line' id='line_1_23' title="bbox 273 2662 1368 2729; baseline 0.005 -14"><span class='ocrx_word' id='word_1_201' title='bbox 273 2666 385 2716; x_wconf 88' lang='lat' dir='ltr'><strong>lortasse</strong></span> <span class='ocrx_word' id='word_1_202' title='bbox 399 2680 431 2716; x_wconf 83' lang='lat' dir='ltr'><strong>ex</strong></span> <span class='ocrx_word' id='word_1_203' title='bbox 448 2668 527 2729; x_wconf 79' lang='lat' dir='ltr'><strong>po&#39;etu</strong></span> <span class='ocrx_word' id='word_1_204' title='bbox 539 2662 628 2728; x_wconf 84' lang='lat' dir='ltr'><strong>aliquo</strong></span> <span class='ocrx_word' id='word_1_205' title='bbox 640 2664 799 2728; x_wconf 87' lang='lat' dir='ltr'><strong>desumptus</strong></span> <span class='ocrx_word' id='word_1_206' title='bbox 836 2665 878 2714; x_wconf 85' lang='lat' dir='ltr'><strong>ter</strong></span> <span class='ocrx_word' id='word_1_207' title='bbox 894 2678 938 2715; x_wconf 84' lang='lat' dir='ltr'><strong>vv.</strong></span> <span class='ocrx_word' id='word_1_208' title='bbox 956 2668 1035 2716; x_wconf 78' lang='lat' dir='ltr'><strong>succis</strong></span> <span class='ocrx_word' id='word_1_209' title='bbox 1051 2670 1079 2719; x_wconf 90' lang='lat' dir='ltr'><strong>et</strong></span> <span class='ocrx_word' id='word_1_210' title='bbox 1100 2669 1180 2719; x_wconf 77' lang='lat' dir='ltr'><strong>suciis</strong></span> <span class='ocrx_word' id='word_1_211' title='bbox 1195 2669 1282 2720; x_wconf 89' lang='lat' dir='ltr'><strong>lusum</strong></span> <span class='ocrx_word' id='word_1_212' title='bbox 1298 2683 1368 2721; x_wconf 81' lang='lat' dir='ltr'><strong>ver-</strong></span> 
     </span>
     <span class='ocr_line' id='line_1_24' title="bbox 272 2738 1364 2807; baseline 0.004 -16"><span class='ocrx_word' id='word_1_213' title='bbox 272 2739 314 2791; x_wconf 85' lang='lat' dir='ltr'><strong>vel</strong></span> <span class='ocrx_word' id='word_1_214' title='bbox 344 2740 437 2792; x_wconf 82' lang='lat' dir='ltr'><strong>leviter</strong></span> <span class='ocrx_word' id='word_1_215' title='bbox 458 2741 612 2791; x_wconf 86' lang='lat' dir='ltr'><strong>immutatus</strong></span> <span class='ocrx_word' id='word_1_216' title='bbox 643 2741 683 2799; x_wconf 85' lang='lat' dir='ltr'><strong>et,</strong></span> <span class='ocrx_word' id='word_1_217' title='bbox 712 2740 743 2789; x_wconf 92' lang='lat' dir='ltr'><strong>ut</strong></span> <span class='ocrx_word' id='word_1_218' title='bbox 764 2739 801 2788; x_wconf 87' lang='lat' dir='ltr'><strong>ait</strong></span> <span class='ocrx_word' id='word_1_219' title='bbox 837 2738 934 2789; x_wconf 88' lang='lat' dir='ltr'><strong>borum</strong></span> <span class='ocrx_word' id='word_1_220' title='bbox 962 2753 1023 2791; x_wconf 90' lang='lat' dir='ltr'><strong>esse</strong></span> <span class='ocrx_word' id='word_1_221' title='bbox 1052 2743 1144 2792; x_wconf 81' lang='lat' dir='ltr'><strong>statuit</strong></span> <span class='ocrx_word' id='word_1_222' title='bbox 1170 2745 1306 2807; x_wconf 82' lang='lat' dir='ltr'><strong>Reisigius.</strong></span> <span class='ocrx_word' id='word_1_223' title='bbox 1333 2772 1364 2783; x_wconf 85' lang='lat'>—</span> 
     </span>
     <span class='ocr_line' id='line_1_25' title="bbox 272 2811 1364 2883; baseline 0.003 -18"><span class='ocrx_word' id='word_1_224' title='bbox 272 2820 374 2877; x_wconf 78' lang='lat' dir='ltr'><strong>Acron,</strong></span> <span class='ocrx_word' id='word_1_225' title='bbox 393 2811 560 2878; x_wconf 73' lang='grc' dir='ltr'><em>παθητικῶς</em></span> <span class='ocrx_word' id='word_1_226' title='bbox 575 2812 797 2877; x_wconf 84' lang='lat' dir='ltr'><strong>pronuntiandus.</strong></span> <span class='ocrx_word' id='word_1_227' title='bbox 836 2813 967 2878; x_wconf 72' lang='lat' dir='ltr'><strong>indomiti]</strong></span> <span class='ocrx_word' id='word_1_228' title='bbox 988 2828 1098 2878; x_wconf 87' lang='lat' dir='ltr'><strong>prorsus</strong></span> <span class='ocrx_word' id='word_1_229' title='bbox 1119 2820 1149 2867; x_wconf 92' lang='lat' dir='ltr'><strong>ut</strong></span> <span class='ocrx_word' id='word_1_230' title='bbox 1169 2819 1240 2883; x_wconf 86' lang='lat' dir='ltr'><strong>virg.</strong></span> <span class='ocrx_word' id='word_1_231' title='bbox 1264 2821 1364 2882; x_wconf 84' lang='lat' dir='ltr'><strong>Georg.</strong></span> 
     </span>
     <span class='ocr_line' id='line_1_26' title="bbox 273 2887 1369 2955; baseline 0.003 -16"><span class='ocrx_word' id='word_1_232' title='bbox 273 2892 387 2952; x_wconf 86' lang='lat' dir='ltr'><strong>Pergere</strong></span> <span class='ocrx_word' id='word_1_233' title='bbox 400 2888 512 2951; x_wconf 85' lang='lat' dir='ltr'><strong>parabat</strong></span> <span class='ocrx_word' id='word_1_234' title='bbox 522 2893 648 2936; x_wconf 78' lang='grc' dir='ltr'><strong><em>οοιτοοιοτ</em></strong></span> <span class='ocrx_word' id='word_1_235' title='bbox 660 2887 797 2935; x_wconf 86' lang='lat' dir='ltr'><strong>Horatius:</strong></span> <span class='ocrx_word' id='word_1_236' title='bbox 836 2888 868 2949; x_wconf 77' lang='lat'><strong>2,</strong></span> <span class='ocrx_word' id='word_1_237' title='bbox 886 2888 947 2938; x_wconf 74' lang='lat'><strong>507:</strong></span> <span class='ocrx_word' id='word_1_238' title='bbox 967 2888 1055 2938; x_wconf 80' lang='lat' dir='ltr'><strong>Condit</strong></span> <span class='ocrx_word' id='word_1_239' title='bbox 1070 2904 1129 2952; x_wconf 76' lang='lat' dir='ltr'><strong>opes</strong></span> <span class='ocrx_word' id='word_1_240' title='bbox 1144 2893 1210 2941; x_wconf 81' lang='lat' dir='ltr'><strong>alius</strong></span> <span class='ocrx_word' id='word_1_241' title='bbox 1220 2892 1369 2955; x_wconf 70' lang='lat' dir='ltr'><strong>defossoque</strong></span> 
     </span>
     <span class='ocr_line' id='line_1_27' title="bbox 274 2959 1368 3029; baseline 0.009 -22"><span class='ocrx_word' id='word_1_242' title='bbox 274 2962 356 3011; x_wconf 76' lang='lat' dir='ltr'><strong>alluic</strong></span> <span class='ocrx_word' id='word_1_243' title='bbox 381 2960 489 3011; x_wconf 85' lang='lat' dir='ltr'><strong>Tantalo</strong></span> <span class='ocrx_word' id='word_1_244' title='bbox 516 2964 544 3011; x_wconf 93' lang='lat' dir='ltr'><strong>tu</strong></span> <span class='ocrx_word' id='word_1_245' title='bbox 569 2974 679 3024; x_wconf 86' lang='lat' dir='ltr'><strong>prorsus</strong></span> <span class='ocrx_word' id='word_1_246' title='bbox 705 2959 800 3010; x_wconf 89' lang='lat' dir='ltr'><strong>similis</strong></span> <span class='ocrx_word' id='word_1_247' title='bbox 836 2962 1021 3013; x_wconf 75' lang='grc' dir='ltr'><strong><em>ῑιιοιιοοιοιιτο.</em></strong></span> <span class='ocrx_word' id='word_1_248' title='bbox 1040 2966 1148 3029; x_wconf 85' lang='lat' dir='ltr'><strong>Proprie</strong></span> <span class='ocrx_word' id='word_1_249' title='bbox 1161 2966 1280 3017; x_wconf 80' lang='lat' dir='ltr'><strong>horest:</strong></span> <span class='ocrx_word' id='word_1_250' title='bbox 1298 2968 1368 3017; x_wconf 84' lang='lat' dir='ltr'><strong>dor-</strong></span> 
     </span>
     <span class='ocr_line' id='line_1_28' title="bbox 273 3033 1367 3103; baseline 0.007 -19"><span class='ocrx_word' id='word_1_251' title='bbox 273 3046 330 3084; x_wconf 84' lang='lat' dir='ltr'><strong>es.»</strong></span> <span class='ocrx_word' id='word_1_252' title='bbox 363 3034 416 3083; x_wconf 88' lang='lat' dir='ltr'><strong>Sed</strong></span> <span class='ocrx_word' id='word_1_253' title='bbox 433 3036 505 3083; x_wconf 86' lang='lat' dir='ltr'><strong>avari</strong></span> <span class='ocrx_word' id='word_1_254' title='bbox 524 3036 578 3084; x_wconf 90' lang='lat' dir='ltr'><strong>risu</strong></span> <span class='ocrx_word' id='word_1_255' title='bbox 603 3033 798 3098; x_wconf 77' lang='lat' dir='ltr'><strong>interpellatur,</strong></span> <span class='ocrx_word' id='word_1_256' title='bbox 838 3036 888 3099; x_wconf 79' lang='lat' dir='ltr'><strong>ans</strong></span> <span class='ocrx_word' id='word_1_257' title='bbox 899 3038 991 3099; x_wconf 73' lang='lat' dir='ltr'><strong>liugos,</strong></span> <span class='ocrx_word' id='word_1_258' title='bbox 1010 3052 1056 3087; x_wconf 80' lang='lat' dir='ltr'><strong>um</strong></span> <span class='ocrx_word' id='word_1_259' title='bbox 1071 3040 1238 3103; x_wconf 60' lang='lat' dir='ltr'><strong>samniolum</strong></span> <span class='ocrx_word' id='word_1_260' title='bbox 1257 3040 1306 3091; x_wconf 89' lang='lat' dir='ltr'><strong>sed</strong></span> <span class='ocrx_word' id='word_1_261' title='bbox 1317 3056 1367 3092; x_wconf 87' lang='lat' dir='ltr'><strong>re-</strong></span> 
     </span>
     <span class='ocr_line' id='line_1_29' title="bbox 273 3107 1367 3180; baseline 0.009 -23"><span class='ocrx_word' id='word_1_262' title='bbox 273 3110 349 3171; x_wconf 86' lang='lat' dir='ltr'><strong>quusi</strong></span> <span class='ocrx_word' id='word_1_263' title='bbox 367 3109 493 3159; x_wconf 87' lang='lat' dir='ltr'><strong>dicentis:</strong></span> <span class='ocrx_word' id='word_1_264' title='bbox 518 3108 590 3169; x_wconf 77' lang='lat' dir='ltr'><strong>«aa,</strong></span> <span class='ocrx_word' id='word_1_265' title='bbox 615 3107 700 3171; x_wconf 86' lang='lat' dir='ltr'><strong>probe</strong></span> <span class='ocrx_word' id='word_1_266' title='bbox 722 3110 798 3169; x_wconf 83' lang='lat' dir='ltr'><strong>novi,</strong></span> <span class='ocrx_word' id='word_1_267' title='bbox 838 3112 908 3159; x_wconf 88' lang='lat' dir='ltr'><strong>mota</strong></span> <span class='ocrx_word' id='word_1_268' title='bbox 926 3111 1040 3174; x_wconf 80' lang='lat' dir='ltr'><strong>imagine</strong></span> <span class='ocrx_word' id='word_1_269' title='bbox 1061 3114 1113 3164; x_wconf 89' lang='lat' dir='ltr'><strong>hoc</strong></span> <span class='ocrx_word' id='word_1_270' title='bbox 1130 3114 1206 3165; x_wconf 91' lang='lat' dir='ltr'><strong>dicit:</strong></span> <span class='ocrx_word' id='word_1_271' title='bbox 1235 3116 1367 3180; x_wconf 78' lang='lat' dir='ltr'><strong>«Semper</strong></span> 
     </span>
     <span class='ocr_line' id='line_1_30' title="bbox 272 3182 1367 3251; baseline 0.009 -20"><span class='ocrx_word' id='word_1_272' title='bbox 272 3196 402 3247; x_wconf 88' lang='lat' dir='ltr'><strong>quorem</strong></span> <span class='ocrx_word' id='word_1_273' title='bbox 420 3182 646 3243; x_wconf 71' lang='lat' dir='ltr'><strong>deductorium,</strong></span> <span class='ocrx_word' id='word_1_274' title='bbox 665 3182 800 3233; x_wconf 86' lang='lat' dir='ltr'><strong>utlabula</strong></span> <span class='ocrx_word' id='word_1_275' title='bbox 836 3185 914 3233; x_wconf 80' lang='lat' dir='ltr'><strong>auxie</strong></span> <span class='ocrx_word' id='word_1_276' title='bbox 941 3184 985 3235; x_wconf 88' lang='lat' dir='ltr'><strong>die</strong></span> <span class='ocrx_word' id='word_1_277' title='bbox 1011 3190 1145 3251; x_wconf 86' lang='lat' dir='ltr'><strong>noctuque</strong></span> <span class='ocrx_word' id='word_1_278' title='bbox 1170 3202 1262 3239; x_wconf 85' lang='lat' dir='ltr'><strong>arcam</strong></span> <span class='ocrx_word' id='word_1_279' title='bbox 1287 3192 1367 3241; x_wconf 85' lang='lat' dir='ltr'><strong>tuanr</strong></span> 
     </span>
     <span class='ocr_line' id='line_1_31' title="bbox 272 3256 1364 3324; baseline 0.007 -17"><span class='ocrx_word' id='word_1_280' title='bbox 272 3256 315 3307; x_wconf 87' lang='lat' dir='ltr'><strong>illa</strong></span> <span class='ocrx_word' id='word_1_281' title='bbox 332 3269 347 3306; x_wconf 86' lang='lat' dir='ltr'><strong>a</strong></span> <span class='ocrx_word' id='word_1_282' title='bbox 365 3258 510 3321; x_wconf 87' lang='lat' dir='ltr'><strong>sapientiae</strong></span> <span class='ocrx_word' id='word_1_283' title='bbox 529 3258 660 3320; x_wconf 82' lang='lat' dir='ltr'><strong>magistris</strong></span> <span class='ocrx_word' id='word_1_284' title='bbox 672 3258 725 3307; x_wconf 88' lang='lat' dir='ltr'><strong>iam</strong></span> <span class='ocrx_word' id='word_1_285' title='bbox 736 3271 800 3307; x_wconf 82' lang='lat' dir='ltr'><strong>sex·</strong></span> <span class='ocrx_word' id='word_1_286' title='bbox 837 3258 980 3311; x_wconf 75' lang='lat' dir='ltr'><strong>custodis.»</strong></span> <span class='ocrx_word' id='word_1_287' title='bbox 1015 3261 1130 3312; x_wconf 82' lang='lat' dir='ltr'><strong>Lucilius</strong></span> <span class='ocrx_word' id='word_1_288' title='bbox 1147 3264 1199 3312; x_wconf 89' lang='lat' dir='ltr'><strong>Sat.</strong></span> <span class='ocrx_word' id='word_1_289' title='bbox 1213 3262 1269 3314; x_wconf 87' lang='lat' dir='ltr'><strong>Lib.</strong></span> <span class='ocrx_word' id='word_1_290' title='bbox 1283 3265 1316 3324; x_wconf 84' lang='lat'><strong>6,</strong></span> <span class='ocrx_word' id='word_1_291' title='bbox 1335 3267 1364 3315; x_wconf 92' lang='lat' dir='ltr'><strong>l.</strong></span> 
     </span>
     <span class='ocr_line' id='line_1_32' title="bbox 273 3331 1365 3399; baseline 0.004 -15"><span class='ocrx_word' id='word_1_292' title='bbox 273 3333 375 3384; x_wconf 77' lang='lat' dir='ltr'><strong>centies</strong></span> <span class='ocrx_word' id='word_1_293' title='bbox 387 3333 527 3383; x_wconf 88' lang='lat' dir='ltr'><strong>decantata</strong></span> <span class='ocrx_word' id='word_1_294' title='bbox 543 3345 585 3382; x_wconf 88' lang='lat' dir='ltr'><strong>me</strong></span> <span class='ocrx_word' id='word_1_295' title='bbox 598 3331 798 3396; x_wconf 59' lang='lat' dir='ltr'><strong>reprehendam</strong></span> <span class='ocrx_word' id='word_1_296' title='bbox 836 3332 906 3383; x_wconf 85' lang='lat' dir='ltr'><strong>Gerl.</strong></span> <span class='ocrx_word' id='word_1_297' title='bbox 925 3347 952 3398; x_wconf 88' lang='lat' dir='ltr'><strong>p.</strong></span> <span class='ocrx_word' id='word_1_298' title='bbox 970 3335 1015 3394; x_wconf 60' lang='grc' dir='ltr'><strong>το,</strong></span> <span class='ocrx_word' id='word_1_299' title='bbox 1035 3336 1062 3384; x_wconf 89' lang='lat' dir='ltr'><strong>l:</strong></span> <span class='ocrx_word' id='word_1_300' title='bbox 1080 3336 1189 3399; x_wconf 79' lang='lat' dir='ltr'><strong>Bulgum</strong></span> <span class='ocrx_word' id='word_1_301' title='bbox 1204 3342 1228 3386; x_wconf 77' lang='lat' dir='ltr'><strong>ct</strong></span> <span class='ocrx_word' id='word_1_302' title='bbox 1238 3338 1365 3399; x_wconf 57' lang='lat' dir='ltr'><strong>uunquid</strong></span> 
     </span>
     <span class='ocr_line' id='line_1_33' title="bbox 273 3406 1367 3475; baseline 0.006 -19"><span class='ocrx_word' id='word_1_303' title='bbox 273 3420 367 3457; x_wconf 83' lang='lat' dir='ltr'><strong>verum</strong></span> <span class='ocrx_word' id='word_1_304' title='bbox 384 3408 473 3457; x_wconf 77' lang='lat' dir='ltr'><strong>occidit</strong></span> <span class='ocrx_word' id='word_1_305' title='bbox 489 3407 593 3457; x_wconf 79' lang='lat' dir='ltr'><strong>miseros</strong></span> <span class='ocrx_word' id='word_1_306' title='bbox 609 3406 709 3456; x_wconf 82' lang='lat' dir='ltr'><strong>crambe</strong></span> <span class='ocrx_word' id='word_1_307' title='bbox 724 3420 800 3468; x_wconf 82' lang='lat' dir='ltr'><strong>repo-</strong></span> <span class='ocrx_word' id='word_1_308' title='bbox 836 3408 909 3459; x_wconf 76' lang='lat' dir='ltr'><strong>lrolret</strong></span> <span class='ocrx_word' id='word_1_309' title='bbox 928 3423 1088 3459; x_wconf 70' lang='lat' dir='ltr'><strong>umorum</strong></span> <span class='ocrx_word' id='word_1_310' title='bbox 1110 3426 1193 3462; x_wconf 73' lang='lat' dir='ltr'><strong>sociem</strong></span> <span class='ocrx_word' id='word_1_311' title='bbox 1209 3412 1281 3462; x_wconf 74' lang='lat' dir='ltr'><strong>nouat</strong></span> <span class='ocrx_word' id='word_1_312' title='bbox 1297 3414 1367 3475; x_wconf 82' lang='lat' dir='ltr'><strong>iprs;</strong></span> 
     </span>
     <span class='ocr_line' id='line_1_34' title="bbox 272 3482 1368 3548; baseline 0.006 -17"><span class='ocrx_word' id='word_1_313' title='bbox 272 3482 320 3531; x_wconf 81' lang='lat' dir='ltr'><strong>tito</strong></span> <span class='ocrx_word' id='word_1_314' title='bbox 347 3483 508 3533; x_wconf 83' lang='lat' dir='ltr'><strong>auditores.»</strong></span> <span class='ocrx_word' id='word_1_315' title='bbox 544 3482 591 3532; x_wconf 91' lang='lat' dir='ltr'><strong>Cui</strong></span> <span class='ocrx_word' id='word_1_316' title='bbox 621 3486 714 3546; x_wconf 79' lang='lat' dir='ltr'><strong>poeta:</strong></span> <span class='ocrx_word' id='word_1_317' title='bbox 747 3482 799 3531; x_wconf 73' lang='lat' dir='ltr'><strong>«lie</strong></span> <span class='ocrx_word' id='word_1_318' title='bbox 837 3482 1368 3548; x_wconf 65' lang='lat' dir='ltr'><strong>conuopacm,donntt,tootconmts</strong></span> 
     </span>
     <span class='ocr_line' id='line_1_35' title="bbox 272 3554 1369 3625; baseline 0.006 -20"><span class='ocrx_word' id='word_1_319' title='bbox 272 3568 336 3607; x_wconf 87' lang='lat' dir='ltr'><strong>veru</strong></span> <span class='ocrx_word' id='word_1_320' title='bbox 363 3554 425 3606; x_wconf 90' lang='lat' dir='ltr'><strong>illud</strong></span> <span class='ocrx_word' id='word_1_321' title='bbox 451 3555 535 3617; x_wconf 84' lang='lat' dir='ltr'><strong>volui,</strong></span> <span class='ocrx_word' id='word_1_322' title='bbox 563 3558 690 3620; x_wconf 88' lang='lat' dir='ltr'><strong>quoniam</strong></span> <span class='ocrx_word' id='word_1_323' title='bbox 712 3557 800 3620; x_wconf 84' lang='lat' dir='ltr'><strong>aptior</strong></span> <span class='ocrx_word' id='word_1_324' title='bbox 836 3560 997 3619; x_wconf 78' lang='lat' dir='ltr'><strong>inunuSpss</strong></span> <span class='ocrx_word' id='word_1_325' title='bbox 1006 3560 1369 3625; x_wconf 75' lang='lat' dir='ltr'><strong>hominisonlpu:lrucdom&#39;n—</strong></span> 
     </span>
     <span class='ocr_line' id='line_1_36' title="bbox 273 3630 1365 3700; baseline 0.008 -22"><span class='ocrx_word' id='word_1_326' title='bbox 273 3630 360 3691; x_wconf 87' lang='lat' dir='ltr'><strong>imago</strong></span> <span class='ocrx_word' id='word_1_327' title='bbox 388 3631 449 3678; x_wconf 85' lang='lat' dir='ltr'><strong>tuae</strong></span> <span class='ocrx_word' id='word_1_328' title='bbox 478 3630 661 3692; x_wconf 86' lang='lat' dir='ltr'><strong>perversitatis</strong></span> <span class='ocrx_word' id='word_1_329' title='bbox 687 3630 799 3692; x_wconf 89' lang='lat' dir='ltr'><strong>reperiri</strong></span> <span class='ocrx_word' id='word_1_330' title='bbox 835 3638 923 3682; x_wconf 79' lang='lat' dir='ltr'><strong>ctuosi</strong></span> <span class='ocrx_word' id='word_1_331' title='bbox 939 3635 1099 3685; x_wconf 68' lang='lat' dir='ltr'><strong>samarita</strong></span> <span class='ocrx_word' id='word_1_332' title='bbox 1125 3635 1365 3700; x_wconf 77' lang='lat' dir='ltr'><strong>Apul.llct.l‚il:</strong></span> 
     </span>
     <span class='ocr_line' id='line_1_37' title="bbox 272 3702 1369 3772; baseline -0.003 -21"><span class='ocrx_word' id='word_1_333' title='bbox 272 3702 316 3751; x_wconf 86' lang='lat' dir='ltr'><strong>vix</strong></span> <span class='ocrx_word' id='word_1_334' title='bbox 333 3704 450 3766; x_wconf 84' lang='lat' dir='ltr'><strong>poterut;</strong></span> <span class='ocrx_word' id='word_1_335' title='bbox 476 3715 571 3752; x_wconf 90' lang='lat' dir='ltr'><strong>verum</strong></span> <span class='ocrx_word' id='word_1_336' title='bbox 594 3704 682 3753; x_wconf 87' lang='lat' dir='ltr'><strong>missis</strong></span> <span class='ocrx_word' id='word_1_337' title='bbox 705 3702 800 3752; x_wconf 83' lang='lat' dir='ltr'><strong>labulis</strong></span> <span class='ocrx_word' id='word_1_338' title='bbox 837 3708 984 3769; x_wconf 60' lang='lat' dir='ltr'><strong>camuros,</strong></span> <span class='ocrx_word' id='word_1_339' title='bbox 1000 3723 1130 3771; x_wconf 62' lang='lat' dir='ltr'><strong>pannosus</strong></span> <span class='ocrx_word' id='word_1_340' title='bbox 1144 3711 1369 3772; x_wconf 63' lang='lat' dir='ltr'><strong>airoqgrmwr.</strong></span> 
     </span>
     <span class='ocr_line' id='line_1_38' title="bbox 273 3775 1370 3847; baseline 0.006 -24"><span class='ocrx_word' id='word_1_341' title='bbox 273 3775 429 3825; x_wconf 87' lang='lat' dir='ltr'><strong>iamdudum</strong></span> <span class='ocrx_word' id='word_1_342' title='bbox 452 3776 518 3825; x_wconf 88' lang='lat' dir='ltr'><strong>tritis</strong></span> <span class='ocrx_word' id='word_1_343' title='bbox 535 3788 567 3825; x_wconf 87' lang='lat' dir='ltr'><strong>ac</strong></span> <span class='ocrx_word' id='word_1_344' title='bbox 583 3788 667 3839; x_wconf 86' lang='lat' dir='ltr'><strong>prope</strong></span> <span class='ocrx_word' id='word_1_345' title='bbox 686 3775 800 3826; x_wconf 89' lang='lat' dir='ltr'><strong>anilibus</strong></span> <span class='ocrx_word' id='word_1_346' title='bbox 829 3776 922 3845; x_wconf 73' lang='grc' dir='ltr'><strong><em>ἀιὀω,</em></strong></span> <span class='ocrx_word' id='word_1_347' title='bbox 940 3796 1030 3833; x_wconf 67' lang='lat' dir='ltr'><strong>aaroni</strong></span> <span class='ocrx_word' id='word_1_348' title='bbox 1044 3784 1269 3847; x_wconf 67' lang='lat' dir='ltr'><strong>[ouatmuoaoat.</strong></span> <span class='ocrx_word' id='word_1_349' title='bbox 1281 3809 1309 3821; x_wconf 88' lang='lat'><em>-</em></span> <span class='ocrx_word' id='word_1_350' title='bbox 1322 3788 1370 3834; x_wconf 69' lang='lat' dir='ltr'><strong>in-</strong></span> 
     </span>
     <span class='ocr_line' id='line_1_39' title="bbox 274 3847 1370 3924; baseline 0.011 -26"><span class='ocrx_word' id='word_1_351' title='bbox 274 3850 364 3899; x_wconf 86' lang='lat' dir='ltr'><strong>Latine</strong></span> <span class='ocrx_word' id='word_1_352' title='bbox 383 3852 473 3898; x_wconf 88' lang='lat' dir='ltr'><strong>tecum</strong></span> <span class='ocrx_word' id='word_1_353' title='bbox 491 3847 610 3911; x_wconf 77' lang='lat' dir='ltr'><strong>loquar.»</strong></span> <span class='ocrx_word' id='word_1_354' title='bbox 644 3852 736 3911; x_wconf 86' lang='lat' dir='ltr'><strong>imago</strong></span> <span class='ocrx_word' id='word_1_355' title='bbox 750 3864 800 3900; x_wconf 87' lang='lat' dir='ltr'><strong>au·</strong></span> <span class='ocrx_word' id='word_1_356' title='bbox 836 3856 921 3921; x_wconf 75' lang='lat' dir='ltr'><strong>iiiam]</strong></span> <span class='ocrx_word' id='word_1_357' title='bbox 945 3859 1103 3921; x_wconf 72' lang='lat' dir='ltr'><strong>«umquam</strong></span> <span class='ocrx_word' id='word_1_358' title='bbox 1128 3873 1175 3909; x_wconf 85' lang='lat' dir='ltr'><strong>ore</strong></span> <span class='ocrx_word' id='word_1_359' title='bbox 1201 3863 1294 3924; x_wconf 86' lang='lat' dir='ltr'><strong>aperto</strong></span> <span class='ocrx_word' id='word_1_360' title='bbox 1318 3873 1370 3909; x_wconf 83' lang='lat' dir='ltr'><strong>ca-</strong></span> 
     </span>
     <span class='ocr_line' id='line_1_40' title="bbox 274 3920 1368 3999; baseline 0.016 -28"><span class='ocrx_word' id='word_1_361' title='bbox 274 3924 328 3971; x_wconf 88' lang='lat' dir='ltr'><strong>tem</strong></span> <span class='ocrx_word' id='word_1_362' title='bbox 346 3920 509 3986; x_wconf 91' lang='lat' dir='ltr'><strong>philosophis</strong></span> <span class='ocrx_word' id='word_1_363' title='bbox 526 3926 584 3973; x_wconf 86' lang='lat' dir='ltr'><strong>crat</strong></span> <span class='ocrx_word' id='word_1_364' title='bbox 606 3923 730 3976; x_wconf 82' lang='lat' dir='ltr'><strong>Tantalus</strong></span> <span class='ocrx_word' id='word_1_365' title='bbox 750 3927 799 3975; x_wconf 90' lang='lat' dir='ltr'><strong>ho-</strong></span> <span class='ocrx_word' id='word_1_366' title='bbox 836 3933 925 3995; x_wconf 90' lang='lat' dir='ltr'><strong>ptans,</strong></span> <span class='ocrx_word' id='word_1_367' title='bbox 943 3932 1040 3996; x_wconf 85' lang='lat' dir='ltr'><strong>cupide</strong></span> <span class='ocrx_word' id='word_1_368' title='bbox 1058 3936 1214 3998; x_wconf 71' lang='lat' dir='ltr'><strong>appetens.»</strong></span> <span class='ocrx_word' id='word_1_369' title='bbox 1230 3960 1258 3969; x_wconf 92' lang='lat'>—</span> <span class='ocrx_word' id='word_1_370' title='bbox 1275 3934 1368 3999; x_wconf 72' lang='lat' dir='ltr'><strong>sacris]</strong></span> 
     </span>
     <span class='ocr_line' id='line_1_41' title="bbox 197 3992 1370 4072; baseline 0.014 -29"><span class='ocrx_word' id='word_1_371' title='bbox 197 4014 205 4070; x_wconf 48' lang='grc'><strong>,-</strong></span> <span class='ocrx_word' id='word_1_372' title='bbox 274 3996 352 4045; x_wconf 90' lang='lat' dir='ltr'><strong>minis</strong></span> <span class='ocrx_word' id='word_1_373' title='bbox 371 3992 563 4059; x_wconf 73' lang='grc' dir='ltr'><strong><em>μοχθοῦντος</em></strong></span> <span class='ocrx_word' id='word_1_374' title='bbox 587 3996 635 4047; x_wconf 79' lang='grc' dir='ltr'><strong>ἐπὶ</strong></span> <span class='ocrx_word' id='word_1_375' title='bbox 657 4004 800 4069; x_wconf 80' lang='grc' dir='ltr'><strong><em>χρησταῖς</em></strong></span> <span class='ocrx_word' id='word_1_376' title='bbox 838 4016 924 4067; x_wconf 78' lang='lat' dir='ltr'><strong>«quae</strong></span> <span class='ocrx_word' id='word_1_377' title='bbox 936 4006 1131 4069; x_wconf 80' lang='lat' dir='ltr'><strong>nerontingere</strong></span> <span class='ocrx_word' id='word_1_378' title='bbox 1140 4008 1252 4072; x_wconf 85' lang='lat' dir='ltr'><strong>quidem</strong></span> <span class='ocrx_word' id='word_1_379' title='bbox 1264 4008 1370 4060; x_wconf 86' lang='lat' dir='ltr'><strong>nedum</strong></span> 
     </span>
     <span class='ocr_line' id='line_1_42' title="bbox 273 4067 1369 4146; baseline 0.015 -28"><span class='ocrx_word' id='word_1_380' title='bbox 273 4067 367 4119; x_wconf 71' lang='grc' dir='ltr'><strong><em>ἐλπίσι</em></strong></span> <span class='ocrx_word' id='word_1_381' title='bbox 378 4070 428 4119; x_wconf 74' lang='grc' dir='ltr'><strong>καὶ</strong></span> <span class='ocrx_word' id='word_1_382' title='bbox 444 4068 604 4141; x_wconf 75' lang='grc' dir='ltr'><strong><em>καραδοκιᾳ</em></strong></span> <span class='ocrx_word' id='word_1_383' title='bbox 621 4070 741 4141; x_wconf 71' lang='grc' dir='ltr'><strong><em>κέρδους</em></strong></span> <span class='ocrx_word' id='word_1_384' title='bbox 757 4088 800 4125; x_wconf 79' lang='grc' dir='ltr'><strong>τι-</strong></span> <span class='ocrx_word' id='word_1_385' title='bbox 837 4077 863 4127; x_wconf 92' lang='lat' dir='ltr'><strong>iu</strong></span> <span class='ocrx_word' id='word_1_386' title='bbox 870 4090 950 4129; x_wconf 92' lang='lat' dir='ltr'><strong>usum</strong></span> <span class='ocrx_word' id='word_1_387' title='bbox 957 4080 1294 4146; x_wconf 86' lang='lat' dir='ltr'><strong>quotidianumquidquam</strong></span> <span class='ocrx_word' id='word_1_388' title='bbox 1302 4082 1369 4133; x_wconf 86' lang='lat' dir='ltr'><strong>inde</strong></span> 
     </span>
     <span class='ocr_line' id='line_1_43' title="bbox 274 4138 1369 4220; baseline 0.016 -28"><span class='ocrx_word' id='word_1_389' title='bbox 274 4140 332 4210; x_wconf 75' lang='grc' dir='ltr'><strong><em>κός,</em></strong></span> <span class='ocrx_word' id='word_1_390' title='bbox 351 4138 413 4193; x_wconf 77' lang='lat' dir='ltr'><strong>sira</strong></span> <span class='ocrx_word' id='word_1_391' title='bbox 423 4143 610 4209; x_wconf 71' lang='grc' dir='ltr'><strong>ἐκπίπτοντος</strong></span> <span class='ocrx_word' id='word_1_392' title='bbox 621 4142 730 4210; x_wconf 76' lang='grc' dir='ltr'><strong><em>αὐτῶν,</em></strong></span> <span class='ocrx_word' id='word_1_393' title='bbox 749 4143 800 4201; x_wconf 80' lang='grc' dir='ltr'><strong>ὅτε</strong></span> <span class='ocrx_word' id='word_1_394' title='bbox 837 4151 947 4204; x_wconf 83' lang='lat' dir='ltr'><strong>demere</strong></span> <span class='ocrx_word' id='word_1_395' title='bbox 965 4152 1053 4205; x_wconf 78' lang='lat' dir='ltr'><strong>licet.»</strong></span> <span class='ocrx_word' id='word_1_396' title='bbox 1081 4156 1134 4205; x_wconf 89' lang='lat' dir='ltr'><strong>sut.</strong></span> <span class='ocrx_word' id='word_1_397' title='bbox 1147 4159 1176 4217; x_wconf 61' lang='grc' dir='ltr'><strong>τ,</strong></span> <span class='ocrx_word' id='word_1_398' title='bbox 1188 4158 1217 4218; x_wconf 89' lang='grc'><strong>3,</strong></span> <span class='ocrx_word' id='word_1_399' title='bbox 1235 4152 1295 4208; x_wconf 75' lang='lat' dir='ltr'><strong>tta:</strong></span> <span class='ocrx_word' id='word_1_400' title='bbox 1316 4159 1369 4220; x_wconf 79' lang='lat' dir='ltr'><strong>Qui</strong></span> 
     </span>
    </p>
   </div>
   <div class='ocr_carea' id='block_1_5' title="bbox 0 0 1471 4892">
    <p class='ocr_par' dir='ltr' id='par_1_10' title="bbox 0 0 1471 4892">
     <span class='ocr_line' id='line_1_44' title="bbox 0 0 1471 4892; baseline 0 0"><span class='ocrx_word' id='word_1_401' title='bbox 0 0 1471 4892; x_wconf 95' lang='lat' dir='ltr'><strong> </strong></span> 
     </span>
    </p>
   </div>
  </div>
 </body>
</html>
