2925 4892
488 394 546 445 llll.
565 395 585 444 l.
621 394 719 445 oster.
739 396 780 447 tx.
1125 396 1187 459 473

142 546 281 633 Dignum
303 558 410 615 mente
432 548 596 637 domoque
618 548 754 637 legentis
775 549 912 617 honesta
932 553 1087 627 Neronis,

143 669 275 771 llunmo
298 689 373 737 cum
395 670 482 756 iungi
504 670 665 758 propioris
687 681 801 738 censet
821 672 932 749 amici,
1167 678 1186 738 5

142 789 229 871 Quid
251 790 376 879 possim
398 791 485 858 videt
507 812 546 859 ac
567 792 655 859 navit
675 812 728 859 me
751 791 877 859 valdius
900 796 982 882 ipso,

141 909 239 979 llulta
263 912 397 1000 quidem
418 912 498 987 dixi,
522 932 582 979 cur
603 924 776 981 excusatus
798 913 938 996 abirem;

141 1010 209 1099 sed
230 1033 337 1109 timui,
362 1054 435 1101 maa
458 1034 651 1101 retinuisse
675 1036 798 1103 minora
820 1048 967 1123 putarer,

140 1153 368 1221 Dissimulator
390 1156 461 1247 opis
484 1155 650 1245 propriae,
674 1155 751 1222 mihi
774 1158 963 1226 commodus
986 1163 1050 1226 uui.

166 1390 191 1441 l.
212 1392 335 1453 doraaqm
352 1392 378 1441 i.
406 1392 445 1455 [Ut
462 1404 523 1452 uos,
543 1390 628 1441 Codd.
646 1394 749 1455 nostri.)
771 1421 798 1429 -
817 1395 841 1444 e.
863 1396 968 1446 limare
983 1398 1037 1447 tam
1053 1396 1081 1459 b,
1107 1387 1156 1449 sed

131 1466 186 1515 ium
204 1466 230 1515 in
248 1477 350 1515 rasura.
372 1492 398 1504 -ψ
418 1466 442 1515 θ.
461 1478 492 1515 cc
507 1464 585 1531 accit]
602 1468 706 1531 ognovit
722 1464 770 1533 Ep.

100 1646 180 1703 sut*
164 1666 210 1703 eu
225 1646 331 1715 νέος
307 1668 348 1703 ων
346 1647 626 1743 ὀπρνσβύτηςέλέ-
663 1654 806 1719 spectavit,
832 1657 863 1705 ut
887 1669 968 1719 quam
993 1657 1188 1721 simplicissima

99 1743 165 1795 yesc
181 1726 217 1779 dt
233 1726 304 1779 arec
321 1724 374 1794 τὴν
391 1730 455 1800 περὶ
473 1725 526 1795 τὴν
542 1720 626 1796 ἄγχι·
663 1729 791 1779 evaderet
807 1727 864 1779 laus
880 1727 978 1780 Tiberii
994 1728 1126 1796 longeque
1143 1747 1189 1785 re-

100 1820 191 1855 νοιαν.
220 1803 335 1869 ming
353 1804 394 1855 26.
419 1817 445 1868 p
464 1805 526 1855 toa:
553 1799 626 1875 πρὸς
662 1806 735 1855 mota
749 1805 824 1853 asset
838 1801 874 1852 ab
890 1805 963 1854 omni
979 1808 1189 1869 exaggerationis

98 1877 132 1931 τὸ
149 1874 370 1969 σεμνότερόντε
386 1879 436 1929 καὶ
453 1872 626 1965 αὕστηρότε-
663 1878 744 1940 atque
761 1874 919 1929 adulationis
935 1880 1034 1943 specie
1061 1880 1189 1933 Ceterum

98 1971 150 2026 pos
174 1949 283 2014 σχεδὸν
310 1954 343 2005 ἐκ
371 1950 484 2026 πρώτης
512 1948 626 2019 ἡλικίας
663 1950 734 2001 conl.
738 1952 835 2015 Eppi,
845 1952 938 2013 a,.-t
912 1954 1188 2021 Qummcmest]

98 2026 250 2093 ἑπικλινως
274 2023 413 2089 einer.-
386 2030 561 2095 -domcpuel
588 2030 625 2081 Ex
663 2026 749 2077 Etiam
758 2019 981 2077 hcca’oalvdewv
992 2027 1074 2079 relert
1087 2042 1189 2079 sermo·

100 2105 273 2157 Claudiorum
288 2105 371 2169 stirpe
395 2103 558 2155 nobilissima
581 2117 627 2154 or·
663 2114 726 2151 uem
751 2101 997 2164 quotidianumoe
1019 2104 1107 2167 cesset]
1133 2102 1189 2154 Noli

99 2184 156 2239 tue,
181 2178 255 2242 apud
271 2178 395 2227 uitricum
412 2178 541 2229 educatus
559 2181 624 2229 erat.
664 2188 726 2226 curn
746 2176 909 2226 ncuuemiue
932 2174 1078 2241 explicare:
1105 2176 1188 2239 «volt,

99 2253 147 2305 Alii
163 2251 349 2317 quridemcum
360 2252 513 2319 Laudinoy.
527 2253 627 2301 emman
664 2262 708 2299 me
726 2248 831 2308 iubata·
855 2250 905 2300 sed
929 2253 984 2300 est:
1016 2265 1064 2301 uer
1089 2253 1189 2303 intimis

100 2324 552 2391 interpretanturulamiliaritatem‚
565 2338 628 2377 eou-
664 2324 716 2373 luis
741 2323 835 2372 amicis
862 2338 907 2375 me
937 2338 997 2376 esse
1025 2326 1188 2377 erutimat.»

100 2400 305 2458 suetudinem·
339 2412 435 2451 verum
463 2401 531 2449 mim
558 2401 627 2451 haec
666 2422 693 2435 -
710 2396 847 2459 propioris]
865 2400 1022 2460 «coriarium
1048 2414 1116 2465 ques
1139 2414 1190 2465 pc-

100 2476 172 2527 esset
189 2474 362 2538 compositio:
381 2486 475 2525 «meus
492 2473 627 2525 familiari-
664 2474 721 2523 sica
739 2473 813 2521 carte
829 2472 963 2523 vocabant
974 2475 1075 2535 panace
1093 2476 1191 2525 umis

101 2554 223 2613 iusque.»
240 2550 326 2598 immo
342 2549 369 2597 et
384 2548 488 2597 iuterna
500 2549 627 2599 eleuter·
663 2547 752 2607 umis,
771 2547 874 2597 Senem
891 2546 925 2597 dc
942 2548 1033 2599 Beuel.
1047 2550 1076 2611 6,
1098 2550 1144 2610 33,
1163 2550 1188 2601 3.

100 2639 134 2675 na
151 2626 211 2674 eius
227 2622 311 2683 bona,
335 2622 471 2686 ingenium
488 2625 516 2673 et
531 2622 627 2675 nobili-
663 2623 757 2685 Nequa
779 2622 871 2671 tamen
887 2622 1027 2672 statuerim
1053 2624 1190 2673 Horatium

101 2702 196 2760 tatem,
219 2698 355 2761 ingeniose
373 2696 517 2762 praedicat.
538 2726 565 2733 -
590 2698 627 2749 te·
664 2695 698 2746 de
720 2697 793 2745 certa
816 2696 965 2745 amicorum
981 2696 1078 2746 Tiberii
1095 2697 1188 2758 classe,

100 2774 179 2838 pertis
206 2771 322 2836 Maesta]
353 2772 495 2823 :honestos
523 2773 627 2823 lautum
664 2771 751 2835 prima
767 2768 877 2831 scilicet,
894 2771 939 2820 hie
956 2772 1096 2835 cogitasse.

101 2848 225 2899 homiues
236 2844 371 2909 eligentis,
390 2858 459 2909 quos
476 2846 502 2897 in
520 2844 629 2898 rumilia-

101 2925 170 2973 rium
191 2933 304 2973 auorum
329 2933 472 2972 numerum
497 2922 626 2983 asciscat,
698 2920 753 2971 6-9.
771 2918 879 2984 addim]
898 2919 1039 2982 «melus,-
1061 2922 1091 2971 ut
1111 2922 1141 2971 Α.
1160 2923 1189 2971 Ρ.

102 3000 181 3061 atque
206 2997 352 3060 propterea
373 3008 387 3045 a
410 3008 440 3046 se
464 2997 628 3047 removentis
666 2994 727 3045 iil:
743 2994 845 3045 Vctdiau
854 2994 968 3045 cbkctct.
983 3022 1011 3032 -
1027 2996 1082 3058 caer]
1095 2994 1191 3047 «llulta

102 3072 224 3123 hemines
245 3068 379 3121 bonarum
402 3069 498 3119 artium
520 3070 627 3121 rudes.»
666 3068 885 3130 diuiderem,
909 3084 1024 3135 quarum
1046 3084 1127 3122 causa
1149 3070 1192 3121 vel

103 3148 228 3210 lutiautre
250 3156 349 3207 genere
370 3156 436 3195 usus
453 3143 558 3195 videtur
575 3157 628 3209 quc
667 3142 943 3207 quibusexcusarer.»
955 3143 1189 3210 HandTurs.ll.p.

103 3221 185 3287 magis
208 3218 307 3270 eredat
329 3216 460 3281 generalis
481 3220 627 3281 sententia,
667 3218 714 3267 ⁴77
732 3231 774 3281 sq.
790 3246 816 3255 -
831 3218 940 3283 αὸίνωη]
958 3220 1004 3269 «ut
1020 3220 1191 3271 eraderem.»

103 3296 131 3343 ut
145 3294 213 3359 Epp.
225 3293 255 3353 2,
269 3294 298 3353 2,
311 3292 385 3343 tie.»
412 3292 541 3354 Dimum.)
560 3294 628 3345 Cum
665 3293 758 3343 Scaoc.
774 3316 801 3329 -
814 3294 879 3356 meo]
898 3292 983 3343 «bona
995 3295 1022 3343 et
1039 3292 1190 3356 cammada,

103 3369 178 3430 primi
195 3366 275 3425 huius
292 3365 423 3431 Epistulae
436 3379 531 3417 versus
547 3366 630 3432 pede-
665 3365 808 3430 inquibus
823 3380 896 3430 pono
912 3367 1043 3429 imprimis
1054 3367 1134 3416 etiam
1152 3366 1193 3416 ia-

104 3444 148 3492 etri
168 3442 290 3493 sermoni
312 3454 395 3505 quam
416 3440 529 3505 proximi
552 3443 626 3504 sunt,
665 3453 773 3500 vorem
790 3453 843 3503 quo
854 3454 899 3489 me
909 3439 1038 3503 prosequi
1049 3439 1192 3503 dignaris

105 3518 157 3567 tum
173 3518 220 3567 hic
233 3517 360 3579 quacum
376 3516 575 3581 amphibrachio
587 3519 629 3567 do-
668 3516 876 3576 -Sedtimuif
864 3528 914 3565 -ae
925 3515 988 3578 cet]
998 3513 1082 3565 «Talis
1093 3514 1194 3565 deseri·

105 3604 203 3654 mapue,
227 3592 341 3655 kpadu,
367 3593 481 3653 macto,
508 3593 627 3652 Neronia,
665 3588 739 3640 bitur
750 3586 1029 3677 etpcvablirrstotele
1042 3588 1076 3639 da
1093 3587 1190 3639 morib.

106 3668 131 3714 et
149 3664 316 3729 quadruplici
338 3678 449 3717 caesura
474 3668 528 3717 tam
545 3665 629 3730 negli-
666 3664 701 3715 ad
719 3662 863 3725 Nicoma
882 3664 912 3714 3:
936 3657 995 3713 ὁδ’
1013 3660 1097 3754 εἴρων
1112 3662 1195 3713 δοκεῖ

106 3742 195 3800 genter
216 3742 338 3791 tornatus
360 3741 412 3801 est,
439 3741 469 3790 ct
494 3753 628 3791 nonnemo
666 3732 1193 3810 ἀρνεῖσθαιτὰῦπάρχονναῆἑλάπω

106 3826 136 3861 er
151 3814 196 3873 iis,
218 3815 265 3877 qui
283 3814 372 3865 omnia
389 3813 511 3865 subtilius
529 3814 629 3865 riman-
667 3817 786 3865 ποιεῖν.
804 3816 922 3865 Lau-
895 3813 1123 3879 -Disaimututch
1137 3814 1192 3865 Cic.

107 3890 157 3947 tur,
184 3900 217 3938 eo
238 3901 325 3952 usque
348 3902 506 3953 progressus
528 3890 573 3950 sit,
600 3890 630 3939 ut
667 3888 748 3939 lead.
766 3891 797 3950 2,
815 3892 844 3950 a,
864 3890 910 3939 te.
936 3888 1194 3939 ltcmcliuddi·

107 3962 284 4023 contenderet,
298 3963 435 4013 Horatium
447 3962 567 4014 consulta
578 3964 630 4013 hac
667 3968 731 4014 caret
748 3968 824 4026 cique
834 3964 946 4024 sentam,
964 3962 1068 4013 iomar
1083 3964 1121 4013 uti
1136 3962 1194 4013 scli-

108 4036 203 4087 raticne
228 4037 388 4087 imminuere
414 4036 510 4087 Tiberii
535 4034 629 4087 laudes
667 4042 706 4088 tus
717 4044 753 4089 est
767 4051 799 4088 ea
810 4038 1004 4089 dicitawm
1015 4052 1092 4100 qucm
1103 4038 1194 4088 Graeci

107 4107 217 4162 voluisse
243 4114 272 4162 et
299 4112 448 4175 siguificare
476 4125 522 4163 aas
551 4110 629 4163 talsas
667 4112 813 4183 εἰρωνείαν
835 4118 934 4162 cocum.
956 4138 986 4148 -
1008 4111 1070 4177 opta]
1094 4110 1193 4161 «iacul-

109 4195 164 4234 eese
181 4198 213 4235 ae
230 4186 313 4236 flotus.
350 4187 450 4237 Verum
468 4185 629 4238 tamslultus
667 4187 744 4247 tatis,
771 4187 934 4236 auctoritatis
954 4187 982 4236 et
1003 4185 1116 4249 gratiae,
1140 4197 1193 4245 qua

110 4270 239 4327 nunquam
256 4260 306 4311 icit
322 4258 377 4321 ille;
399 4261 481 4313 immo
499 4260 524 4311 id
545 4274 629 4316 unum
667 4260 741 4315 lruor
757 4260 828 4324 apud
846 4262 887 4323 te,
910 4259 937 4309 id
955 4272 1037 4310 unum
1053 4259 1192 4322 appetens,
