2925 4892
522 348 581 401 ΠΒ.
601 350 619 401 l.
654 348 724 402 SAT.
743 352 785 403 Vl.

143 502 211 567 Nos
235 500 346 569 lacere
367 522 387 567 a
408 502 506 590 volgo
528 504 623 592 longo
644 502 807 595 longeque
829 512 995 577 remotos?

142 623 294 709 Namque
316 632 402 701 esto,
425 623 567 711 populus
588 625 730 693 Laevino
751 626 861 695 mallet
882 628 1037 699 honorem

142 742 251 821 Quam
273 743 376 811 Decio
397 743 554 811 mandare
575 766 676 823 novo,
700 768 884 837 censorque
907 762 1052 820 moveret
1154 754 1195 819 to

140 864 284 951 Appius,
307 864 448 951 ingenuo
470 866 498 931 si
520 885 584 932 non
607 886 716 935 essem
738 878 829 956 putre
852 880 962 938 natus:

140 981 197 1050 Vel
219 984 356 1060 merito,
379 986 534 1073 quoniam
555 986 587 1051 in
608 990 741 1077 propriu
764 1011 828 1058 non
850 990 935 1079 pello
956 995 1132 1082 quiessem.

161 1162 204 1213 48.
226 1162 277 1211 Vos
292 1161 427 1215 Bentleius
443 1165 513 1215 coni.
534 1192 562 1202 -
580 1165 654 1229 torpe
669 1166 768 1230 lateque
784 1171 840 1219 tres
858 1172 986 1233 Poltierii,
1005 1162 1100 1235 Aldus,
1120 1177 1159 1227 ll.

98 1306 147 1357 qua
161 1294 266 1343 virtute
284 1295 333 1355 sit,
346 1307 478 1358 quaerero
498 1298 628 1360 oportet·
666 1310 799 1347 emurum
815 1298 949 1351 emmim
965 1309 1010 1353 sort
1026 1304 1122 1355 sitm
1132 1318 1191 1356 cru.

97 1367 145 1417 Sed
162 1368 233 1431 quid
252 1368 387 1419 attinebat
398 1370 546 1420 admonere
556 1371 630 1422 llas·
665 1372 765 1421 Errare
791 1374 852 1423 mill
877 1376 992 1435 muctam·
1020 1392 1083 1429 rrum
1108 1380 1193 1429 sordes

96 1446 230 1501 centem,
249 1455 287 1493 ns
298 1441 410 1505 laceret,
423 1456 493 1507 quas
506 1457 569 1495 eum
580 1444 630 1495 mi·
665 1446 748 1496 eluere
763 1447 827 1507 coll,
852 1462 929 1498 oenus
945 1450 991 1499 rill
1008 1464 1091 1503 comcs
1107 1460 1130 1504 st
1150 1456 1192 1505 ol·

97 1518 164 1567 nime
189 1517 286 1566 locere
309 1518 364 1567 iern
383 1531 466 1582 supra
488 1518 629 1583 praedica·
664 1522 838 1583 mcuprrlt.
875 1522 921 1573 llic
934 1524 1044 1587 quidem
1061 1540 1110 1592 pro
1122 1540 1192 1591 quo-

95 1593 168 1640 rerat
183 1592 325 1641 Horatius.
360 1594 446 1643 immo
456 1606 504 1643 cor
512 1596 629 1657 pertinet
664 1595 705 1644 vis
728 1607 841 1645 censore
867 1608 963 1647 severo
988 1602 1050 1663 poni
1076 1600 1188 1652 videtur.

95 1668 124 1717 nd
141 1669 290 1718 lloralium
308 1669 337 1717 et
351 1666 419 1719 alios
429 1668 552 1720 eiusdem
565 1684 629 1720 con·
664 1668 723 1718 vid.
742 1668 844 1719 Becker
860 1670 956 1721 lluodt.
970 1673 994 1721 u.
1008 1679 1072 1723 rum.
1085 1674 1188 1725 Altcrtl.

95 1742 207 1793 meionis
228 1754 264 1791 ac
287 1741 431 1793 voluntatis
451 1744 533 1793 viros.
558 1770 586 1780 -
609 1758 627 1792 c
663 1746 694 1802 2,
714 1745 743 1804 4,
770 1746 826 1795 496.
848 1772 874 1782 -
894 1748 915 1795 rl
936 1748 995 1813 ooo]
1021 1750 1073 1799 Clr.
1104 1752 1191 1815 Reisig

95 1815 548 1882 cupn--rernotos10d.2‚to.3t:
566 1818 628 1868 milri
663 1819 719 1868 lul.
740 1818 871 1880 Spruelw.
885 1834 911 1885 p.
925 1822 993 1883 uio,
1013 1824 1058 1887 qui
1076 1828 1151 1889 putei
1165 1828 1191 1877 in

94 1920 129 1930 ·-
139 1894 230 1943 Parce
241 1918 258 1928 ·
268 1918 284 1928 -
295 1892 363 1941 dedit
372 1918 388 1927 -
397 1894 539 1957 multpm
559 1906 628 1956 spor-
664 1894 783 1942 oratioue
795 1897 869 1943 recta
881 1896 915 1944 its
927 1896 1072 1949 dicendum
1089 1898 1169 1951 luisse
1182 1916 1187 1951 ι

93 1967 269 2031 muolpur.
299 1964 627 2029 ou.e,l,t:o‹ttpro-
664 1968 869 2019 minorum.»
903 1971 1191 2038 Certenonestpror·

93 2042 316 2104 [σησάμοισι
327 2053 410 2091 urceo
429 2042 531 2091 Seneca
541 2042 624 2105 Epist.
663 2052 709 2090 sus
726 2041 799 2093 idem
816 2056 847 2092 ac
865 2045 940 2106 putu,
961 2049 1041 2097 ulex
1059 2048 1188 2099 Diomede

94 2116 120 2165 l:
146 2116 294 2166 llinirrrilcs
308 2127 361 2164 csse
380 2128 439 2165 eos
458 2116 532 2178 culpo
548 2116 624 2177 utut,
662 2112 718 2164 voit
735 2116 868 2180 cruquius
885 2132 911 2183 p.
925 2119 994 2182 394,
1013 2122 1088 2173 cuius
1104 2124 1188 2175 verba

93 2190 418 2252 pamnmtpropiur.
441 2216 470 2225 -
491 2190 627 2254 eupator
662 2190 791 2253 exscripsi
803 2191 837 2243 sd
849 2193 944 2253 Sall,
963 2194 992 2254 9,
1010 2197 1051 2245 22.
1087 2198 1187 2250 Verum

92 2264 177 2329 msc]
200 2263 300 2316 uuum
321 2262 512 2328 superlativum
535 2266 626 2328 expri·
662 2263 714 2313 troc
731 2264 806 2315 dicit:
826 2268 954 2331 «Appius,
973 2270 1108 2321 ulomnes
1120 2270 1185 2321 silos

93 2340 183 2390 mendi
204 2340 292 2389 etiam
314 2338 387 2402 apud
410 2340 466 2389 Cic.
489 2340 524 2389 dc
550 2340 623 2391 Pinn.
662 2335 813 2399 libertinos.
829 2352 871 2391 me
884 2354 1006 2407 quoque,
1019 2346 1041 2393 ei
1054 2345 1188 2399 huiusce·

93 2415 121 2474 2,
138 2416 187 2475 24,
206 2414 267 2473 4444,
291 2426 375 2478 quem
391 2416 534 2464 servarunt
553 2414 623 2477 itali,
662 2424 721 2462 sem
733 2414 909 2476 condicionis,
928 2422 1023 2467 senatu
1038 2424 1187 2471 moverat.»

92 2490 168 2554 lupo
178 2490 261 2553 lupo
273 2488 408 2538 interdum
420 2489 550 2541 dicentes.
569 2489 625 2541 Ab·
664 2512 692 2522 -
708 2488 749 2537 Vel
757 2490 854 2555 memte]
867 2490 915 2541 nat
928 2487 1046 2555 εἰκότως
1057 2508 1097 2559 yr.
1117 2495 1187 2545 Scite

92 2564 174 2615 surda
192 2565 238 2613 est
261 2560 345 2612 altera
368 2560 447 2613 lectio
469 2564 541 2627 torpe
561 2564 626 2615 lute-
661 2560 714 2611 hoc
722 2562 856 2613 versiculo
868 2564 1010 2627 significat,
1030 2580 1059 2617 se
1074 2580 1186 2631 prorsus

91 2639 266 2701 quopropter
279 2636 367 2700 ipsum
377 2648 404 2686 v.
416 2641 536 2695 remotos.
552 2636 624 2701 quod
660 2634 808 2687 abhorrere
826 2637 860 2688 ub
877 2639 1024 2690 honoribus
1046 2641 1188 2692 Maecena-

91 2711 239 2762 htitudinis
269 2722 382 2761 sensum
408 2712 528 2775 respuit,
562 2724 624 2761 cum
660 2711 695 2759 tis
712 2709 803 2760 lavore
822 2711 969 2774 captandis.
991 2740 1017 2751 -
1037 2728 1062 2776 p.
1080 2716 1107 2764 io
1123 2728 1188 2777 pro-

91 2788 183 2836 conus
207 2786 285 2834 recle
307 2784 411 2835 dicatur
431 2786 505 2849 torpe
527 2786 625 2849 ωορκ
658 2784 720 2846 prio
735 2798 786 2833 ooo
807 2785 871 2847 pelle
894 2786 1020 2851 estruem]
1045 2788 1097 2838 elix
1122 2801 1188 2853 pro-

88 2866 191 2922 patore,
204 2860 312 2922 φανοὶ,
325 2859 441 2922 diffudi.
460 2861 622 2913 llaudi'urs.
660 2858 755 2909 verbio
776 2862 913 2924 sumptum
936 2862 978 2912 cst
1002 2862 1027 2913 in
1052 2874 1113 2923 eos,
1140 2863 1188 2926 qui

91 2936 132 2983 lll.
150 2948 181 2999 p.
202 2934 268 2984 552:
289 2935 390 2997 usurpo
408 2937 571 2985 commutata
582 2938 625 2985 est
660 2933 852 2985 mediocritatis
870 2946 935 2985 suae
953 2932 1026 2985 oblili
1044 2937 1144 2987 maiora
1156 2949 1187 2987 sc

92 3007 414 3071 tomulslonpotuepuo,
432 3020 502 3072 quae
514 3009 549 3059 de
560 3022 624 3074 spa-
661 3008 724 3071 lpsis
741 3011 883 3073 appetunt,
902 3022 970 3072 quos
988 3022 1041 3061 non
1056 3012 1186 3062 contineri

92 3084 131 3133 tiis
148 3085 261 3133 mutum
279 3082 332 3132 dici
348 3084 466 3145 poterut,
484 3082 624 3134 veluliDi·
659 3083 728 3132 intra
749 3081 899 3146 pelliculam
921 3083 1062 3135 dicimus.»
1091 3087 1184 3135 Porro.

92 3160 157 3219 gest
170 3156 204 3217 i,
222 3155 256 3217 4,
276 3156 321 3217 39,
339 3158 369 3205 l:
395 3161 419 3207 et
439 3158 511 3221 lortps
526 3157 624 3220 lutoque
660 3156 762 3206 Seneca
779 3157 861 3221 Epist.
875 3158 904 3208 9:
922 3158 1035 3220 plerique
1050 3161 1187 3221 ruptorum

92 3231 566 3295 mmmmm—Decio]
592 3233 621 3282 P.
658 3231 984 3293 *commemoret
1010 3234 1080 3283 lutra
1106 3238 1187 3284 mutan

92 3307 191 3357 liecim
208 3306 284 3365 Has,
308 3305 391 3355 homo
405 3318 496 3366 noum,
520 3306 623 3369 primus
658 3318 733 3355 suom
744 3310 844 3369 corint.
863 3303 972 3357 liertiul.
986 3306 1015 3364 3,
1030 3306 1070 3355 46.
1083 3305 1117 3356 de
1129 3320 1187 3357 cer·

93 3393 107 3429 e
122 3380 215 3430 Deciis
226 3376 324 3429 consul
340 3378 389 3427 luit
400 3381 429 3428 et
438 3380 465 3428 in
476 3377 547 3428 bello
559 3392 622 3429 cum
660 3378 730 3429 done
742 3382 895 3442 arrogante:
915 3384 952 3440 te,
963 3380 1025 3429 mlii
1034 3382 1120 3441 crsdc,
1132 3394 1187 3431 mc-

93 3454 192 3504 ulmis
209 3464 262 3517 pro
278 3450 428 3514 legionibus
444 3453 570 3503 Romanis
581 3452 623 3503 dis
658 3458 741 3503 merlo
757 3454 830 3503 Nrorc
845 3454 873 3501 io
885 3453 1016 3515 pellloulu,
1040 3454 1125 3513 cerdo,
1149 3458 1187 3501 tc-

92 3528 183 3579 inieris
208 3538 274 3577 sese
299 3525 408 3577 devovit
431 3540 457 3577 a.
474 3540 501 3577 u.
520 3540 544 3577 c.
562 3525 621 3578 444.
658 3540 718 3577 nors
735 3532 788 3577 tuo.
824 3528 871 3577 Est
882 3528 973 3577 aulem
987 3526 1184 3589 proprr'upsllir,

92 3604 146 3652 tir.
163 3602 197 3663 8,
215 3602 242 3652 9.
270 3601 362 3650 luven.
379 3600 408 3661 8,
426 3599 488 3651 rol:
513 3601 623 3651 Plelcius
660 3612 758 3663 «quam
774 3600 938 3663 nuturaipsa
950 3600 1014 3651 mihi
1030 3597 1078 3651 soli
1096 3600 1187 3651 tribuit

92 3677 230 3727 Dorium
258 3676 372 3737 moe,
398 3674 496 3737 piciclo
521 3676 623 3739 sucrum
658 3674 709 3734 ita,
735 3672 848 3724 utullus
866 3672 1039 3725 nulliusne.»
1067 3676 1110 3725 Sic
1131 3673 1186 3725 ltsli

91 3750 217 3809 Nominum·
240 3762 292 3811 pro
309 3750 367 3799 lotis
382 3748 520 3812 aponum
536 3750 562 3797 lu·
581 3754 623 3799 tu-
658 3748 735 3797 storsi
759 3749 797 3797 od
815 3748 870 3797 ruol
890 3750 981 3809 partui.
1025 3750 1154 3812 (llunzoni
1176 3752 1187 3800 4

91 3828 189 3873 Μαι
208 3836 261 3884 pro
282 3822 524 3873 monoculi&
547 3828 624 3885 utque
659 3823 782 3885 meumst
812 3823 878 3885 spo-ri
910 3822 958 3873 Ed.
983 3822 1056 3875 44442.
1081 3838 1107 3889 p.
1128 3824 1184 3887 te.)

92 3900 158 3947 unni
170 3897 243 3960 pulc
258 3897 352 3947 latim
366 3897 502 3962 Sumeret
523 3898 562 3947 llis
580 3898 623 3947 lo-
660 3897 761 3947 Gocthe
779 3896 885 3947 Riemer
896 3898 927 3947 li.
940 3909 967 3961 p.
981 3896 1041 3947 43οε
1060 3899 1108 3947 llll
1117 3898 1186 3947 cloor

91 3972 168 4033 {ersis
186 3972 331 4033 Ter-cmc
341 3972 455 4034 werre.
474 3998 504 4008 -
519 3972 622 4036 Appius]
658 3970 900 4032 morlondrisclco
912 3970 1125 4034 Uoimapliclrlrrit
1135 3972 1186 4023 rlcl

92 4047 192 4110 Appius
204 4044 334 4097 Claudius
348 4044 477 4105 Pulcher,
496 4047 524 4095 P.
538 4044 622 4097 Clodii
660 4057 708 4095 arar
719 4044 800 4095 minor
810 4046 878 4094 licut
888 4044 1018 4095 hercreio
1029 4045 1082 4095 cine
1092 4046 1186 4096 coum

93 4118 188 4180 inm,
214 4119 252 4170 de
269 4132 324 4183 quo
344 4118 450 4170 Caelius
468 4119 541 4183 apud
566 4120 620 4170 cic.
659 4120 760 4181 alnoo,
778 4119 832 4168 will
847 4120 911 4179 sict,
929 4119 1007 4169 4444444
1026 4119 1103 4181 nuel,
1119 4120 1186 4169 nicil

93 4193 264 4255 aufem&
283 4192 328 4255 44,
346 4192 372 4244 l:
389 4194 623 4244 Pemusrmcrtci
658 4193 725 4243 reoli
749 4195 852 4243 ricmcr.
894 4192 972 4256 (Alia,
1000 4192 1049 4244 sed
1076 4205 1185 4257 prorsus
