2925 4892
275 353 337 420 364
655 357 983 412 ιιοιιιιιιειιιιιιιιιιιι

319 512 462 579 llembre
483 512 572 599 gruis
595 513 700 599 sparsi
722 512 792 579 sale
813 512 928 589 multo,
952 534 1017 579 non
1039 515 1110 581 sine
1132 515 1234 593 larre3

318 632 494 720 Pinguibus
516 643 549 699 et
570 632 640 700 ficis
662 642 792 721 pastum
812 634 905 701 ieeur
925 635 1051 701 anseris
1076 635 1172 703 albae

318 756 356 820 Et
379 753 526 842 leporum
549 754 695 831 avolsos,
720 764 757 820 ut
776 753 877 821 multo
897 755 1044 830 suavius,
1068 776 1191 831 armos.

318 878 423 956 Quam
445 875 471 941 si
494 896 569 942 cum
590 873 708 941 lumbis
730 876 805 963 quis
827 875 912 954 edit,
934 886 1002 942 tum
1024 886 1158 963 pectore
1179 875 1296 943 adusto
1321 880 1362 942 90

340 1073 381 1123 00.
401 1072 451 1123 atet
468 1070 645 1137 bscEp,LCtF
663 1075 690 1122 et
705 1070 848 1123 Bentlelus.
878 1074 995 1133 (Utens,
1014 1075 1210 1125 vetustissimus
1226 1072 1331 1124 Blendi-

308 1148 381 1207 nius,
408 1144 476 1198 alter
492 1146 583 1198 Codex
600 1159 643 1210 ap.
663 1148 823 1210 cruquium,
842 1160 911 1197 unus
934 1160 965 1197 ex
983 1146 1180 1198 Pulmanninuis
1197 1148 1331 1212 optimus,

307 1222 356 1283 NJ,
380 1220 510 1285 probante
534 1219 672 1282 Bentlelo.l
701 1244 728 1255 —
755 1220 796 1271 89.
823 1220 914 1283 teporis
931 1220 997 1271 Ced.
1016 1222 1127 1285 Fraueq.
1149 1249 1178 1259 -
1198 1223 1285 1271 uelem
1301 1223 1330 1282 E,

309 1295 374 1346 Cod.
387 1296 499 1359 Franeq.
513 1308 545 1346 ae
563 1294 679 1345 Pettierli
697 1293 760 1345 duo.
777 1321 804 1331 -
818 1294 858 1344 90.
872 1294 934 1359 tren]
951 1296 1011 1345 dem
1021 1297 1050 1346 E.
1066 1296 1118 1357 (vv.
1131 1296 1220 1346 00-00.
1233 1296 1334 1347 absunt

276 1461 455 1523 distribuitur,
476 1462 504 1511 h.
523 1461 540 1511 l.
560 1462 640 1512 etium
658 1458 715 1511 aliis
732 1459 800 1511 cibis
836 1461 870 1510 tri
880 1459 970 1511 oderis
979 1464 1007 1512 et
1014 1462 1117 1525 saporis
1129 1463 1217 1513 minus
1228 1464 1362 1513 iucundi.»

275 1536 440 1601 apponendis
451 1536 595 1587 destinata·
614 1534 801 1619 Spelsermfflic·
837 1534 921 1583 Coun.
935 1536 1068 1592 crue.-
1040 1535 1148 1600 -edttl
1173 1537 1363 1587 Coniunctivus

274 1612 365 1662 sel.-
338 1608 515 1673 -diseerptol
539 1607 674 1673 Singuln'
667 1622 720 1659 ram
741 1609 800 1659 eni·
836 1607 960 1671 antiquus
971 1610 1050 1670 edm,
1068 1610 1135 1670 edis,
1152 1610 1217 1671 edit,
1234 1612 1362 1675 ull-{ped

275 1682 384 1737 mellum
402 1683 538 1745 membra,
558 1696 641 1747 quae,
660 1686 690 1733 ut
706 1684 801 1746 opina·
836 1680 865 1741 3,
884 1680 957 1731 3.-
930 1688 1074 1744 -pectore
1091 1683 1189 1769 ιιιιιιιιο]
1212 1680 1253 1733 Τὸ
1271 1698 1364 1755 προσ-

274 1759 355 1810 batur
371 1758 543 1819 Nasidienus,
567 1757 717 1807 econvivis
740 1769 800 1807 ma·
836 1757 928 1805 enteca
959 1747 1075 1820 τοῦψον
1104 1758 1131 1807 in
1162 1758 1193 1807 iis
1223 1763 1366 1809 enumerat

274 1835 345 1885 xime
363 1835 564 1897 appeterentur,
584 1832 635 1882 sub
654 1830 800 1883 coenasti·
836 1828 991 1881 Plutarchus
1009 1832 1043 1881 de
1061 1832 1149 1887 cubib.
1163 1834 1202 1881 tra
1220 1833 1262 1883 ll.
1267 1846 1364 1897 ,quae

275 1921 339 1958 nem
355 1907 510 1957 allemntur.
533 1932 559 1945 -
577 1906 656 1971 prsis]
675 1908 749 1956 Tunc
760 1906 800 1955 ci·
836 1903 1031 1954 dominorum
1023 1920 1051 1954 ru
1068 1918 1161 1956 servos
1176 1906 1243 1955 irum
1254 1905 1299 1956 vel
1311 1920 1367 1957 me-

275 1984 368 2033 conise
385 1980 619 2045 praeferebantur,
642 1983 711 2031 teste
732 1981 800 2030 Cor-
835 1978 906 2027 xime
924 1978 1073 2039 coucitent;
1095 1978 1254 2030 Nasidienus
1272 1984 1365 2031 autmn

275 2056 344 2107 nelle
361 2057 463 2119 Nepote
480 2056 550 2119 apud
569 2054 634 2106 Plin.
653 2056 683 2107 Η.
701 2056 732 2105 Ν.
751 2056 798 2114 40,
835 2052 862 2100 in
875 2051 917 2101 bis
925 2051 1051 2103 omuibus
1059 2052 1237 2103 caecutiebat.
1256 2053 1364 2105 Terent.

275 2130 327 2190 30.;
346 2141 410 2193 ergo
427 2142 523 2192 perse
540 2141 647 2192 quoque
664 2142 717 2180 non
734 2129 799 2179 satis
835 2123 948 2189 Adelph.
967 2125 998 2187 3,
1022 2126 1055 2187 3,
1077 2127 1124 2177 ll:
1149 2127 1202 2177 Noc
1222 2128 1365 2191 mbunr'st,

275 2216 424 2267 congruum
458 2206 516 2253 erat
551 2202 696 2263 lerculum,
731 2204 799 2253 mire
835 2199 1365 2264 beecdcrtrtm'st,ltoetnutem'atperren.

275 2279 435 2344 praesertim
452 2278 533 2327 nimio
551 2276 605 2327 sele
623 2280 650 2327 et
666 2276 800 2327 turraim-
838 2273 912 2323 Conl.
932 2286 1014 2337 supra
1036 2288 1061 2323 v.
1080 2274 1129 2325 68:
1154 2276 1230 2337 panis
1248 2278 1365 2327 mnes.

275 2354 358 2402 mixto
379 2364 562 2416 conspersum.
599 2352 724 2400 Ceterum
747 2349 800 2400 Pli-

275 2428 335 2477 nius
352 2424 399 2476 l.l.
417 2425 566 2488 subiungit:
593 2438 650 2475 enm
669 2426 730 2475 baec
749 2424 801 2473 eles
870 2421 955 2471 ill-95.
984 2422 1109 2486 mentm]
1132 2424 1209 2475 Nunc
1231 2427 1309 2476 certe
1332 2425 1367 2476 ab

276 2500 354 2565 (grus)
367 2502 433 2550 teter
445 2500 544 2562 primes
556 2498 643 2562 (nunc)
656 2504 799 2561 eepetetm
836 2494 908 2546 italis
924 2509 978 2546 uon
995 2496 1186 2558 comeduntur,
1205 2498 1256 2548 sed
1272 2501 1367 2551 umen

274 2574 492 2626 tllcmeerneeelit
504 2574 622 2636 attipisse.
641 2575 680 2624 De
690 2572 800 2635 guribus
838 2568 901 2619 olim
919 2570 1001 2621 etiam
1011 2571 1130 2622 Athenis.
1144 2574 1192 2635 Ap
1205 2573 1368 2638 Aristopha-

275 2650 434 2714 apparandis
452 2648 521 2699 cenl.
534 2648 696 2735 Apiciumb,
709 2648 735 2697 2
753 2647 801 2696 Γι
837 2657 899 2695 nem
916 2647 965 2695 lv
984 2646 1058 2695 4084.
1074 2644 1250 2707 Philocrates,
1272 2650 1368 2699 avium

274 2722 574 2796 ρανοβωτιαςιιερὶτα
565 2717 743 2773 Θετταλικὰ
754 2734 801 2770 ne
837 2719 985 2781 sagiuator.
1004 2720 1072 2801 Τοῖς
1089 2734 1120 2769 ιε
1137 2722 1316 2783 κοψίχοισιν
1327 2738 1368 2785 εις

274 2797 322 2849 dia
331 2800 464 2848 memorat
473 2796 545 2847 Plato
554 2796 654 2848 Polrlrc
664 2809 690 2861 p.
702 2796 798 2847 tsstffc
836 2787 889 2854 τὰς
904 2786 986 2860 ῥῖνας
1002 2793 1084 2859 ἐγχεῖ
1097 2789 1133 2843 τὰ
1145 2792 1243 2866 πτερά.
1272 2799 1368 2847 bieru-

307 2872 354 2923 88-
355 2872 397 2921 00.
427 2871 587 2933 Pinpsibur-
596 2871 662 2935 ficis]
686 2872 744 2921 lloc
763 2872 800 2921 si-
837 2865 877 2918 las
902 2869 1032 2919 inassatas
1055 2868 1234 2932 dysentericis
1257 2872 1368 2923 mederi

275 2946 382 3010 gnificat
399 2944 555 2995 Nasidienus
572 2945 703 3006 convivis,
723 2958 800 2996 anse-
836 2944 930 2991 auctor
947 2947 990 2993 est
1006 2942 1147 2995 Pliniusll.
1160 2946 1191 2995 N.
1204 2946 1249 3005 30,
1268 2946 1294 2995 7.
1315 2950 1368 3010 Ap-

275 3032 334 3069 rem
347 3032 398 3069 uon
416 3016 568 3081 vulgaribus
585 3018 657 3080 fleis,
675 3018 724 3069 sed
742 3020 800 3069 suci
836 3017 911 3081 ponit
927 3017 1158 3081 igiturterculum,
1177 3020 1250 3083 quod
1261 3022 1367 3071 Numae

275 3094 394 3145 melioris
420 3096 447 3143 et
471 3092 671 3145 abundantioris
694 3096 800 3157 sagina-
836 3090 905 3142 alias
917 3091 1066 3143 medicinae
1081 3094 1170 3156 petius
1185 3092 1245 3143 loco
1256 3094 1367 3144 videtur

275 3172 331 3219 tam
349 3167 439 3218 luisse.
461 3194 488 3203 -
507 3165 587 3230 albae]
610 3167 685 3217 liene
706 3166 800 3219 lectio-
836 3178 898 3216 esse
914 3165 1037 3217 babitnm
1060 3180 1142 3230 quam
1163 3166 1227 3218 lauti
1247 3167 1314 3219 cibi.
1336 3196 1365 3205 -

275 3254 338 3292 nem
355 3238 482 3304 praetuli,
506 3242 536 3291 ut
557 3244 664 3305 praeter
680 3240 799 3293 colorem
833 3239 902 3305 pent]
926 3240 985 3290 Vid.
1006 3242 1059 3290 sat.
1081 3242 1110 3302 2,
1138 3242 1168 3302 0,
1196 3242 1237 3291 00.
1257 3268 1287 3277 -
1313 3244 1369 3292 sine

274 3316 407 3367 indicetur
423 3326 518 3375 sexus,
537 3316 725 3378 tenerioreque
738 3328 799 3365 esse
835 3314 915 3377 elren]
933 3316 1006 3375 Ques
1024 3316 1115 3365 tamen
1127 3328 1189 3378 pnrs
1200 3317 1305 3379 optima
1316 3316 1369 3366 lne-

274 3391 391 3441 iecinora
404 3392 431 3438 et
448 3389 607 3440 seminarum
622 3391 649 3439 et
666 3388 797 3440 albarum.
836 3387 965 3448 bebatur;
977 3400 1072 3439 verum
1083 3390 1134 3439 hee
1143 3390 1170 3439 in
1179 3400 1264 3439 coena
1271 3390 1367 3440 omnia

274 3464 384 3517 Facilius
401 3466 492 3515 nutem
509 3477 523 3513 a
541 3462 655 3515 librariis
666 3478 751 3529 genus
763 3465 800 3515 le-
836 3461 878 3512 vel
895 3463 963 3513 mira
979 3461 1022 3513 vel
1043 3475 1172 3526 perversa
1189 3475 1250 3513 esse
1266 3462 1365 3528 liquet.

273 3539 337 3589 min.
358 3538 450 3601 (verro
463 3540 490 3588 N.
504 3540 533 3589 li.
547 3536 578 3597 3,
598 3539 643 3599 40,
661 3539 688 3588 3:
708 3539 801 3601 sinpe-
836 3537 979 3587 Favorinus
996 3540 1069 3587 certe
1089 3536 1161 3601 apud
1181 3534 1247 3587 Geli.
1261 3538 1312 3597 lb,
1331 3538 1365 3588 8:

273 3614 315 3662 tce
332 3612 459 3674 (anseres)
482 3626 533 3661 non
551 3612 609 3674 ples
625 3626 701 3674 poem
718 3617 758 3662 ter
772 3613 800 3661 in
835 3611 957 3675 Preesxtt
973 3611 1083 3673 popinae
1099 3616 1175 3674 atque
1189 3612 1341 3662 lonniac-
1352 3638 1368 3649 ·

274 3700 342 3735 enno
355 3684 481 3747 parient.)
500 3686 653 3737 mutnbutur
670 3688 697 3737 in
713 3699 797 3737 mese.
835 3690 929 3748 nepem
939 3685 1102 3735 mmmm
1114 3686 1369 3749 praetermeantem

274 3762 469 3822 qunmeontra.
499 3760 599 3811 Eadem
615 3774 725 3824 prorsus
736 3759 801 3809 sub-
836 3764 915 3809 nene
937 3772 1042 3811 ecntoese
1065 3766 1195 3821 opertam
1219 3765 1368 3810 cetam

274 3832 800 3895 tilitatel‘ersiusb,2l.turdcnenso·
835 3833 1368 3897 wmetpuenltitissnnisitcntsmap-

274 3908 338 3957 lions
362 3906 440 3967 dixit,
472 3920 524 3957 uon
553 3910 692 3958 tredomm.
720 3934 747 3945 -
771 3914 800 3959 ιιι
831 3912 963 3970 pmcne,
991 3913 1021 3959 ut
1043 3921 1061 3957 a
1084 3908 1215 3959 ι4ιιιιιοιι44ι
1242 3909 1369 3971 interiere

274 3980 352 4031 mede
367 3982 478 4042 sewius]
502 3982 600 4033 Rursus
620 3984 799 4034 convivatoris
832 3988 908 4044 perte
923 3984 1006 4033 scae
1018 3984 1096 4047 peel,
1113 3984 1256 4035 meten
1266 3988 1368 4044 petest

276 4058 318 4106 est
333 4055 472 4105 monitum.
494 4080 521 4090 -
539 4056 633 4121 ornus]
650 4057 724 4108 Conl.
744 4058 797 4107 Set.
835 4058 923 4119 inepte
943 4060 1058 4116 sordem
1084 4059 1238 4120 superiore»
1258 4063 1368 4119 partem

275 4128 685 4191 thil-Oenotriam
710 4131 800 4181 ltertbis
835 4132 1369 4195 wimnetpuedtilittmpuieduet,eos

275 4203 337 4268 eet]
351 4204 428 4269 «quia
439 4202 523 4254 lumbi
534 4203 636 4255 babent
646 4204 800 4269 eliquidte·
831 4206 950 4269 petatem
965 4222 1017 4259 nen
1034 4207 1132 4259 natm.
1152 4234 1180 4245 -·
1198 4209 1294 4257 Silam
1310 4209 1365 4274 res]
