2925 4892
256 353 318 420 556
611 353 741 406 Hostili
758 351 979 404 Eristontntitt

298 510 476 598 Ambigitnr
498 509 577 599 quid
599 509 708 576 enimi
731 509 845 575 Castor
865 508 947 574 sciat
967 526 1008 573 an
1030 505 1184 573 Dolichos
1206 505 1299 593 plus3

299 631 506 699 Brundisium
528 631 644 698 llinuoi
667 629 783 696 melius
803 629 855 694 vie
876 628 974 695 ducat
994 647 1036 693 an
1056 627 1149 716 Appi.
1305 628 1344 693 2⁰

299 755 404 834 Quom
427 753 583 820 damnosa
605 753 726 828 Venus,
750 769 848 838 quem
870 769 1030 837 praeceps
1051 747 1124 815 alea
1144 748 1260 825 nudat,

300 875 409 943 Gloria
431 894 531 963 quem
553 893 652 961 supra
673 872 759 938 vires
780 880 814 937 ct
832 871 930 937 vestit
949 880 983 936 et
1002 870 1107 957 ungit,

299 999 404 1078 Quem
426 1005 512 1062 tenet
533 993 656 1082 argenti
679 993 748 1060 sitis
772 992 955 1079 importuna
975 990 1158 1078 famesque,

300 1120 405 1199 Quem
427 1115 625 1204 paupertatis
646 1113 754 1201 pudor
774 1123 807 1180 et
827 1113 915 1200 luga,
939 1112 1032 1180 dives
1053 1112 1176 1178 amicus

301 1239 407 1325 Saepe
429 1237 544 1304 decem
566 1235 650 1302 vitiis
672 1234 856 1301 instructior
877 1232 945 1299 odit
966 1242 999 1300 et
1019 1232 1141 1310 horret,
1308 1233 1347 1298 25

324 1399 364 1448 rs.
389 1397 537 1461 Ambiqiter.
568 1397 633 1458 Quid
653 1393 738 1446 enirn?
761 1407 824 1445 cnm
846 1393 930 1445 codd.
948 1393 1028 1444 l'ons.
1047 1395 1122 1446 biart.
1134 1391 1178 1442 Sil.
1198 1391 1319 1442 distinxit

292 1473 424 1535 Cruquius
441 1474 469 1522 et
485 1471 525 1522 sic
542 1471 568 1521 d.
589 1496 618 1508 -
637 1471 731 1520 Dotieis
748 1470 768 1518 E
786 1470 814 1519 et
830 1472 884 1518 tres
900 1467 1005 1529 Bland,
1023 1467 1119 1517 Docilis
1127 1465 1228 1530 bscdp,
1243 1467 1274 1516 Lt
1291 1469 1318 1515 et

289 1545 434 1597 Bentleius.
449 1573 476 1583 -
489 1547 530 1596 2⁰.
544 1546 714 1596 Brerndusienr
726 1557 796 1594 corr.
809 1543 836 1592 d.
850 1569 877 1579 -
890 1543 991 1593 Nterrici
1001 1542 1028 1604 d,
1039 1543 1078 1592 Lt.
1091 1569 1118 1577 -
1131 1541 1173 1590 ἥ,
1185 1541 1279 1604 mouit
1286 1541 1315 1591 li.

258 1678 300 1728 cio
325 1675 368 1727 vel
392 1675 591 1737 condicionem,
618 1689 701 1739 quam
718 1674 784 1724 alius
822 1687 876 1736 que
892 1672 1040 1736 prudenter
1055 1670 1187 1721 Obbarius
1205 1669 1275 1733 (coll.
1293 1672 1347 1722 Cic.

258 1751 432 1803 libentissime
449 1751 596 1814 acciperet,
615 1753 644 1800 nt
662 1747 705 1800 val
723 1750 785 1812 post
822 1747 857 1797 ad
868 1749 919 1797 Att.
933 1747 958 1805 9,
969 1747 994 1807 s,
1006 1747 1017 1795 4
1027 1759 1034 1794 t
1046 1746 1207 1806 ceteraeque
1216 1757 1273 1806 see,
1286 1758 1350 1808 qaae

258 1829 426 1877 senectutem
451 1837 643 1890 repuerascere
660 1821 702 1873 vel
724 1825 786 1887 post
821 1822 898 1872 socc
911 1823 1028 1885 priami,
1046 1823 1081 1872 ed
1090 1822 1196 1872 Mne
1210 1821 1350 1872 olorinae

259 1902 374 1950 mortem
391 1900 551 1949 reviviscere
567 1900 718 1961 iterumque
735 1909 786 1960 per
821 1899 864 1946 cie
879 1897 1031 1960 treswiz
1054 1897 1126 1946 «Hoc
1142 1909 1226 1946 onum
1244 1899 1351 1946 cernam

259 1972 363 2036 longam
385 1985 516 2022 annornm
538 1973 636 2023 seriem
658 1973 684 2022 in
706 1971 785 2021 terris
822 1971 956 2030 estviam,
972 1982 1053 2033 quam
1062 1971 1227 2032 quaerimus,
1241 1970 1351 2020 altoma

259 2047 358 2109 degere
383 2046 448 2096 mihi
474 2045 589 2105 liceat;»
620 2048 670 2096 «ut
695 2045 785 2094 Virbio
822 2044 948 2096 euntibus
972 2045 1015 2095 vid
1041 2043 1124 2109 Appid
1153 2043 1188 2094 ad
1213 2045 1350 2094 sinistram

260 2121 399 2183 contigitn
412 2120 486 2169 addit
495 2120 667 2185 Porphyrion.
682 2119 784 2170 «Altera
822 2120 903 2170 inisse
920 2123 948 2170 et
963 2133 1014 2184 per
1027 2120 1142 2179 llarsos,
1161 2121 1297 2170 Samnites
1308 2123 1352 2168 tu-

259 2195 313 2244 vlta
338 2207 391 2244 non
417 2196 459 2244 est
485 2195 567 2255 tanti,
596 2197 626 2245 ut
653 2198 784 2246 taceam»
821 2193 911 2246 iisse.»

261 2269 353 2319 Senon.
373 2267 411 2318 ci.
423 2269 499 2319 Hom.
510 2267 582 2319 Iliad.
593 2285 613 2330 t,
628 2267 677 2320 tit
686 2281 746 2332 sqq.
755 2295 784 2304 -
854 2269 944 2319 at-se.
967 2271 1045 2332 ουοηι
1055 2268 1119 2332 cet]
1131 2267 1197 2328 «Qui
1208 2268 1264 2328 bis,
1277 2281 1351 2332 quae

261 2342 352 2404 sordet]
371 2342 410 2392 Cl.
424 2343 489 2407 Epp.
503 2343 526 2404 4,
541 2345 582 2404 44,
594 2341 618 2393 l.
823 2347 976 2404 enumerat,
999 2343 1069 2393 vitiis
1086 2341 1245 2406 deturpatus
1262 2341 1352 2394 divitis

295 2416 606 2480 toaosmoqnorqvtc
617 2415 784 2482 enimdeoua
823 2418 914 2478 amici,
944 2417 1058 2468 tortasse
1085 2419 1166 2467 etiem
1190 2417 1350 2478 vitiosioris,

261 2492 295 2543 de
308 2491 785 2546 retundamcontroversiaestisa-
822 2492 934 2556 gratiam
962 2494 1064 2556 captat,
1097 2493 1143 2540 aut
1170 2489 1243 2540 bunc
1271 2489 1350 2541 brevi

260 2580 294 2618 ne
303 2565 337 2616 de
346 2564 483 2616 levicula.»
499 2567 612 2618 Pravam
624 2569 714 2618 autem
724 2579 785 2617 esse
822 2571 944 2632 tempore
972 2566 1007 2616 ab
1036 2579 1066 2617 se
1095 2564 1274 2628 abalienabit,
1303 2570 1353 2616 ant

260 2641 369 2705 Cruquii
382 2639 577 2693 distinctionem
589 2643 726 2692 neminem
743 2640 786 2690 iu·
823 2643 922 2692 amissa
938 2639 1060 2691 libertate
1077 2639 1112 2690 ab
1129 2653 1163 2689 eo
1180 2652 1292 2704 semper
1304 2653 1353 2690 ca-

260 2717 303 2780 git.
319 2716 613 2781 —Ccrtor--Dctictos]
627 2716 785 2780 gladiatores
822 2715 972 2778 stigabitur.
1001 2716 1051 2775 Qui
1068 2727 1131 2778 ergo
1151 2715 1283 2766 lentorem
1300 2715 1352 2764 iir-

261 2788 303 2839 illo
327 2794 448 2854 tempore
475 2793 579 2853 magnis
604 2789 728 2840 laudibus
750 2789 785 2839 ab
823 2791 901 2841 miter
917 2802 1012 2840 secum
1029 2789 1190 2851 coniungere
1211 2787 1350 2852 nuruique

260 2862 385 2913 omnibus
400 2863 536 2914 celebrati.
564 2865 680 2915 Dolichos
693 2867 785 2914 autem
823 2863 974 2915 libertatem
997 2865 1114 2914 manere
1129 2861 1213 2920 volet,
1239 2862 1263 2912 is
1284 2867 1352 2913 ante

260 2950 275 2986 e
288 2935 373 2986 tribus
383 2936 465 2986 Codd.
476 2940 549 2987 biart.
557 2939 636 2988 Tons.
646 2942 673 2988 et
681 2937 724 2988 Sil.
734 2939 786 3002 pri·
823 2940 912 2990 omnia
928 2951 944 2988 a
956 2939 1036 2998 vitiis,
1056 2936 1153 3000 quibus
1164 2935 1207 2986 ille
1218 2937 1276 2986 iure
1286 2949 1353 2988 suc

260 3022 321 3060 mus
333 3011 436 3074 recepit
445 3011 586 3073 Cruquius,
602 3015 629 3061 et
638 3013 736 3062 rectius
744 3026 786 3062 sa—
823 3017 944 3074 censeat,
970 3011 1039 3062 liber
1064 3015 1148 3062 esto.»
1173 3037 1200 3046 —
1224 3012 1353 3062 desinere

260 3096 294 3132 ne
306 3084 333 3132 in
343 3084 475 3145 mancipio
485 3083 590 3132 videtur
599 3098 696 3136 nomen
706 3088 787 3136 Grae-
826 3087 912 3151 Venus]
930 3088 1039 3150 partim,
1059 3089 1090 3136 ut
1105 3085 1171 3148 Epp.
1184 3086 1215 3146 2,
1234 3086 1266 3144 4,
1284 3087 1350 3136 roa:

261 3168 338 3216 cum,
357 3157 407 3206 etsi
417 3157 522 3208 Docrcrs
534 3155 621 3207 liberti
634 3171 731 3209 nomen
744 3163 786 3210 est
822 3165 944 3212 dammae
959 3161 1047 3219 libido,
1072 3160 1133 3223 quis
1150 3160 1254 3208 amicae
1271 3171 1352 3210 am

260 3231 287 3279 ln
298 3229 471 3294 inscriptione
483 3231 624 3282 Mutinensi
636 3234 706 3298 apud
719 3236 786 3284 Cer-
822 3239 895 3286 tores
906 3237 1067 3298 emungunt,
1085 3235 1196 3298 partim,
1215 3236 1278 3297 quia
1289 3247 1353 3285 con·

260 3303 387 3356 dinallum
403 3305 513 3368 Diplonri
530 3319 557 3371 p.
571 3307 627 3358 iti.
652 3307 785 3359 Bentleius
823 3323 872 3375 pus
885 3311 972 3375 ipsum
984 3313 1105 3360 enervat.
1130 3308 1205 3358 ovid.
1219 3321 1253 3358 cx
1263 3311 1352 3359 Ponto

261 3379 381 3431 lectionis
390 3381 525 3432 varietatis
535 3379 783 3448 h.l.utaliqnoties,
823 3387 851 3444 t,
871 3386 915 3445 to,
933 3385 978 3434 33:
996 3385 1064 3433 obes
1079 3383 1170 3433 edent
1189 3383 1351 3434 Venerirde-

259 3467 369 3520 prorsus
387 3456 537 3508 incuriosus
555 3457 610 3508 luit.
626 3485 654 3493 -
670 3459 785 3506 sciet·-
821 3473 910 3509 meuse
933 3459 1058 3520 volamus.
1083 3485 1111 3494 -
1135 3471 1256 3519 praeceps
1279 3459 1350 3522 else]

257 3531 322 3596 ptm]
349 3531 473 3594 «peritior
498 3534 532 3582 sit
556 3533 620 3582 artis
643 3545 734 3582 suae.»
753 3557 781 3568 -
823 3535 864 3584 «in
887 3547 940 3597 qna
962 3533 1110 3597 pericnlum
1131 3534 1214 3592 inest,
1240 3546 1276 3582 ne
1292 3545 1351 3584 nno

258 3605 421 3655 melden
429 3605 492 3669 cet]
503 3608 608 3658 «dnum
617 3607 660 3656 via
671 3607 784 3658 Minucia
821 3608 934 3658 talorum
958 3609 1029 3658 iaetu
1054 3609 1190 3670 ingentem
1215 3608 1349 3670 pecuniae

259 3691 293 3728 an
305 3681 367 3728 nota
375 3677 416 3729 illa
429 3681 513 3744 Appia
523 3681 690 3732 commodius
702 3682 785 3730 Brun·
821 3694 954 3734 summam
966 3683 1112 3746 perdamus
1121 3682 1149 3731 ct
1156 3679 1261 3744 spoliati
1272 3693 1303 3730 re
1313 3682 1352 3732 la-

259 3750 357 3802 disium
374 3753 480 3802 ducat.»
499 3755 574 3805 Viam
589 3756 728 3806 numum
740 3756 785 3805 Sa-
822 3756 915 3808 miliari
924 3755 1077 3819 decoquere
1084 3754 1260 3805 debeamus·
1270 3757 1347 3807 Pers.

260 3823 381 3876 nadonus
392 3825 559 3888 aliiqueal'i.
572 3830 685 3880 Minucio
694 3833 785 3893 Augu-
821 3833 851 3892 5,
869 3832 917 3880 or:
943 3831 1008 3880 boec
1029 3829 1087 3879 elea
1106 3828 1236 3889 dxoqtdt,
1262 3829 1304 3877 illc
1321 3829 1350 3878 is

260 3901 318 3948 rino
335 3911 390 3948 cos.
407 3912 431 3948 a.
448 3911 475 3949 u.
489 3913 512 3950 c.
526 3900 583 3952 tis.
601 3915 650 3966 per
669 3906 784 3954 nactum
824 3907 940 3955 Veneres
954 3905 1045 3966 peon.
1065 3927 1093 3938 -
1113 3902 1202 3953 Gloria
1219 3902 1283 3964 oet]
1297 3917 1349 3953 κε-

260 3975 431 4024 montuosum
456 3975 511 4036 agri
535 3975 624 4026 Sabini
641 3979 669 4027 et
685 3978 784 4028 Samnii
821 3975 947 4042 νοδοξία.
978 3979 1080 4028 «Homo
1101 3990 1200 4037 vanus,
1222 3975 1348 4040 gloriolae

260 4047 389 4098 munitam
407 4050 486 4110 atque
503 4051 648 4102 Beneventi
665 4065 727 4103 cum
741 4054 785 4103 via
821 4053 909 4104 studio
934 4050 1078 4115 abreptus,
1104 4049 1348 4114 sumpmosionbas

260 4121 343 4186 Appia
356 4123 524 4174 coniunctam
537 4123 618 4176 inisse
633 4127 782 4190 opinentur.
821 4126 942 4178 vestibus
952 4127 1147 4189 unguentisque
1156 4125 1252 4187 utitur,
1265 4137 1348 4188 qnam

260 4197 313 4248 Sed
329 4198 397 4249 baec
415 4199 456 4248 est
467 4210 541 4249 mera
554 4201 715 4252 conlectura.
735 4202 786 4252 lta·
822 4204 879 4253 etus
897 4199 1035 4254 facultates
1052 4199 1230 4251 concedunt·
1250 4225 1279 4236 ·-
1298 4200 1348 4248 irrr-
