<?xml version="1.0" encoding="UTF-8"?>
<!DOCTYPE html PUBLIC "-//W3C//DTD XHTML 1.0 Transitional//EN"
    "http://www.w3.org/TR/xhtml1/DTD/xhtml1-transitional.dtd">
<html xmlns="http://www.w3.org/1999/xhtml" xml:lang="en" lang="en">
 <head>
  <title>
</title>
<meta http-equiv="Content-Type" content="text/html;charset=utf-8" />
  <meta name='ocr-system' content='tesseract 3.04.00' />
  <meta name='ocr-capabilities' content='ocr_page ocr_carea ocr_par ocr_line ocrx_word'/>
</head>
<body>
  <div class='ocr_page' id='page_1' title='image "./qhoratiusflaccu03baitgoog/qhoratiusflaccu03baitgoog_0457.png"; bbox 0 0 2925 4892; ppageno 0'>
   <div class='ocr_carea' id='block_1_1' title="bbox 511 369 1213 438">
    <p class='ocr_par' dir='ltr' id='par_1_1' title="bbox 511 369 1213 438">
     <span class='ocr_line' id='line_1_1' title="bbox 511 369 1213 438; baseline 0.01 -18"><span class='ocrx_word' id='word_1_1' title='bbox 511 369 571 420; x_wconf 76' lang='lat' dir='ltr'><strong>am.</strong></span> <span class='ocrx_word' id='word_1_2' title='bbox 589 371 609 420; x_wconf 90' lang='lat'><strong>1.</strong></span> <span class='ocrx_word' id='word_1_3' title='bbox 645 371 744 422; x_wconf 71' lang='lat' dir='ltr'><strong>aelst.</strong></span> <span class='ocrx_word' id='word_1_4' title='bbox 762 373 816 423; x_wconf 86' lang='lat' dir='ltr'><strong>vu.</strong></span> <span class='ocrx_word' id='word_1_5' title='bbox 1149 373 1213 438; x_wconf 59' lang='grc'><strong>459</strong></span> 
     </span>
    </p>
   </div>
   <div class='ocr_carea' id='block_1_2' title="bbox 161 521 1212 866">
    <p class='ocr_par' dir='ltr' id='par_1_2' title="bbox 161 521 1212 866">
     <span class='ocr_line' id='line_1_2' title="bbox 164 521 1212 612; baseline 0.01 -24"><span class='ocrx_word' id='word_1_6' title='bbox 164 521 324 588; x_wconf 78' lang='lat' dir='ltr'><strong>ildrasum</strong></span> <span class='ocrx_word' id='word_1_7' title='bbox 345 521 511 612; x_wconf 82' lang='lat' dir='ltr'><strong>quendam</strong></span> <span class='ocrx_word' id='word_1_8' title='bbox 533 545 637 592; x_wconf 91' lang='lat' dir='ltr'><strong>vacua</strong></span> <span class='ocrx_word' id='word_1_9' title='bbox 659 529 800 595; x_wconf 83' lang='lat' dir='ltr'><strong>tonsoris</strong></span> <span class='ocrx_word' id='word_1_10' title='bbox 823 529 856 594; x_wconf 90' lang='lat' dir='ltr'><strong>in</strong></span> <span class='ocrx_word' id='word_1_11' title='bbox 878 529 993 596; x_wconf 90' lang='lat' dir='ltr'><strong>umbra</strong></span> <span class='ocrx_word' id='word_1_12' title='bbox 1170 534 1212 598; x_wconf 82' lang='lat'><strong>50</strong></span> 
     </span>
     <span class='ocr_line' id='line_1_3' title="bbox 163 641 982 738; baseline 0.01 -28"><span class='ocrx_word' id='word_1_13' title='bbox 163 641 299 710; x_wconf 87' lang='lat' dir='ltr'><strong>Culteilo</strong></span> <span class='ocrx_word' id='word_1_14' title='bbox 322 645 472 732; x_wconf 84' lang='lat' dir='ltr'><strong>proprios</strong></span> <span class='ocrx_word' id='word_1_15' title='bbox 494 657 686 734; x_wconf 75' lang='lat' dir='ltr'><strong>purgantem</strong></span> <span class='ocrx_word' id='word_1_16' title='bbox 707 647 823 716; x_wconf 87' lang='lat' dir='ltr'><strong>leniter</strong></span> <span class='ocrx_word' id='word_1_17' title='bbox 846 671 982 738; x_wconf 62' lang='grc'><strong>443444.</strong></span> 
     </span>
     <span class='ocr_line' id='line_1_4' title="bbox 161 766 1042 866; baseline 0.009 -35"><span class='ocrx_word' id='word_1_18' title='bbox 161 766 323 844; x_wconf 78' lang='lat' dir='ltr'>Demetri,</span> <span class='ocrx_word' id='word_1_19' title='bbox 346 803 389 818; x_wconf 90' lang='lat'><em>-</em></span> <span class='ocrx_word' id='word_1_20' title='bbox 410 788 494 854; x_wconf 89' lang='lat' dir='ltr'><strong>puer</strong></span> <span class='ocrx_word' id='word_1_21' title='bbox 515 767 567 835; x_wconf 90' lang='lat' dir='ltr'><strong>bic</strong></span> <span class='ocrx_word' id='word_1_22' title='bbox 589 789 654 836; x_wconf 89' lang='lat' dir='ltr'><strong>non</strong></span> <span class='ocrx_word' id='word_1_23' title='bbox 675 769 769 866; x_wconf 79' lang='lat' dir='ltr'><strong>lpeve</strong></span> <span class='ocrx_word' id='word_1_24' title='bbox 792 771 881 838; x_wconf 83' lang='lat' dir='ltr'><strong>iussa</strong></span> <span class='ocrx_word' id='word_1_25' title='bbox 902 769 1042 862; x_wconf 83' lang='lat' dir='ltr'><strong>Philippi</strong></span> 
     </span>
    </p>
   </div>
   <div class='ocr_carea' id='block_1_3' title="bbox 183 907 1178 978">
    <p class='ocr_par' dir='ltr' id='par_1_3' title="bbox 183 907 1178 978">
     <span class='ocr_line' id='line_1_5' title="bbox 183 907 1178 978; baseline 0.009 -20"><span class='ocrx_word' id='word_1_26' title='bbox 183 907 226 958; x_wconf 82' lang='lat'><strong>50.</strong></span> <span class='ocrx_word' id='word_1_27' title='bbox 238 907 366 960; x_wconf 79' lang='grc'><strong>,4444444444</strong></span> <span class='ocrx_word' id='word_1_28' title='bbox 377 909 427 974; x_wconf 77' lang='lat' dir='ltr'><strong>Ep:</strong></span> <span class='ocrx_word' id='word_1_29' title='bbox 439 910 564 961; x_wconf 76' lang='grc'><strong>44444444</strong></span> <span class='ocrx_word' id='word_1_30' title='bbox 573 911 654 972; x_wconf 85' lang='lat' dir='ltr'><strong>bsed,</strong></span> <span class='ocrx_word' id='word_1_31' title='bbox 666 911 792 963; x_wconf 77' lang='grc'><strong>44444444</strong></span> <span class='ocrx_word' id='word_1_32' title='bbox 802 925 865 964; x_wconf 88' lang='lat' dir='ltr'><strong>cnm</strong></span> <span class='ocrx_word' id='word_1_33' title='bbox 875 913 960 964; x_wconf 86' lang='lat' dir='ltr'><strong>codd.</strong></span> <span class='ocrx_word' id='word_1_34' title='bbox 968 913 1030 978; x_wconf 86' lang='lat' dir='ltr'><strong>aliq.</strong></span> <span class='ocrx_word' id='word_1_35' title='bbox 1039 917 1067 964; x_wconf 87' lang='lat' dir='ltr'><strong>et</strong></span> <span class='ocrx_word' id='word_1_36' title='bbox 1078 915 1178 967; x_wconf 83' lang='lat' dir='ltr'><strong>Veneta</strong></span> 
     </span>
    </p>
   </div>
   <div class='ocr_carea' id='block_1_4' title="bbox 149 980 1177 1127">
    <p class='ocr_par' dir='ltr' id='par_1_4' title="bbox 149 980 1177 1127">
     <span class='ocr_line' id='line_1_6' title="bbox 151 980 1177 1054; baseline 0.009 -23"><span class='ocrx_word' id='word_1_37' title='bbox 151 980 226 1032; x_wconf 89' lang='grc'><strong>4484.</strong></span> <span class='ocrx_word' id='word_1_38' title='bbox 245 981 273 1032; x_wconf 75' lang='grc'><strong>4.</strong></span> <span class='ocrx_word' id='word_1_39' title='bbox 289 1009 317 1019; x_wconf 93' lang='grc'>-</span> <span class='ocrx_word' id='word_1_40' title='bbox 330 983 371 1032; x_wconf 88' lang='grc'><strong>444.</strong></span> <span class='ocrx_word' id='word_1_41' title='bbox 381 985 488 1046; x_wconf 82' lang='lat' dir='ltr'><strong>proprio</strong></span> <span class='ocrx_word' id='word_1_42' title='bbox 500 984 583 1036; x_wconf 85' lang='lat' dir='ltr'>codd.</span> <span class='ocrx_word' id='word_1_43' title='bbox 598 987 685 1050; x_wconf 89' lang='lat' dir='ltr'><strong>pauci.</strong></span> <span class='ocrx_word' id='word_1_44' title='bbox 706 988 746 1050; x_wconf 85' lang='lat' dir='ltr'><strong>(Ut</strong></span> <span class='ocrx_word' id='word_1_45' title='bbox 758 1001 817 1050; x_wconf 87' lang='lat' dir='ltr'><strong>nos,</strong></span> <span class='ocrx_word' id='word_1_46' title='bbox 834 986 947 1054; x_wconf 87' lang='lat' dir='ltr'><strong>bSchp</strong></span> <span class='ocrx_word' id='word_1_47' title='bbox 959 992 999 1050; x_wconf 88' lang='grc'><strong>44,</strong></span> <span class='ocrx_word' id='word_1_48' title='bbox 1017 993 1048 1038; x_wconf 87' lang='grc'><strong>44</strong></span> <span class='ocrx_word' id='word_1_49' title='bbox 1058 990 1177 1052; x_wconf 85' lang='lat' dir='ltr'><strong>videtur,</strong></span> 
     </span>
     <span class='ocr_line' id='line_1_7' title="bbox 149 1057 1176 1127; baseline 0.007 -19"><span class='ocrx_word' id='word_1_50' title='bbox 149 1057 269 1108; x_wconf 85' lang='lat' dir='ltr'><strong>Pettierii</strong></span> <span class='ocrx_word' id='word_1_51' title='bbox 280 1057 395 1120; x_wconf 85' lang='grc'><strong>44444444.)</strong></span> <span class='ocrx_word' id='word_1_52' title='bbox 411 1085 438 1094; x_wconf 90' lang='grc'>-</span> <span class='ocrx_word' id='word_1_53' title='bbox 451 1059 492 1109; x_wconf 82' lang='grc'><strong>44.</strong></span> <span class='ocrx_word' id='word_1_54' title='bbox 505 1073 556 1109; x_wconf 84' lang='lat' dir='ltr'><strong>oon</strong></span> <span class='ocrx_word' id='word_1_55' title='bbox 568 1059 635 1110; x_wconf 84' lang='lat' dir='ltr'><strong>lento</strong></span> <span class='ocrx_word' id='word_1_56' title='bbox 647 1061 666 1111; x_wconf 93' lang='lat' dir='ltr'>C</span> <span class='ocrx_word' id='word_1_57' title='bbox 685 1061 775 1123; x_wconf 88' lang='lat' dir='ltr'><strong>tacite,</strong></span> <span class='ocrx_word' id='word_1_58' title='bbox 793 1076 844 1112; x_wconf 80' lang='lat' dir='ltr'><strong>oon</strong></span> <span class='ocrx_word' id='word_1_59' title='bbox 854 1063 941 1112; x_wconf 82' lang='grc'><strong>444444</strong></span> <span class='ocrx_word' id='word_1_60' title='bbox 957 1063 1176 1127; x_wconf 75' lang='lat' dir='ltr'><strong>Cuotngbamlns.</strong></span> 
     </span>
    </p>
   </div>
   <div class='ocr_carea' id='block_1_5' title="bbox 112 1177 1213 4302">
    <p class='ocr_par' dir='ltr' id='par_1_5' title="bbox 112 1177 1213 4302">
     <span class='ocr_line' id='line_1_8' title="bbox 116 1177 1212 1249; baseline 0.011 -24"><span class='ocrx_word' id='word_1_61' title='bbox 116 1178 184 1226; x_wconf 83' lang='grc'><strong>44444</strong></span> <span class='ocrx_word' id='word_1_62' title='bbox 207 1189 238 1227; x_wconf 87' lang='grc'><strong>44</strong></span> <span class='ocrx_word' id='word_1_63' title='bbox 263 1189 382 1228; x_wconf 76' lang='lat' dir='ltr'><strong>namara.</strong></span> <span class='ocrx_word' id='word_1_64' title='bbox 412 1177 451 1229; x_wconf 85' lang='lat' dir='ltr'><strong>Ci.</strong></span> <span class='ocrx_word' id='word_1_65' title='bbox 472 1179 539 1244; x_wconf 88' lang='lat' dir='ltr'><strong>Epp.</strong></span> <span class='ocrx_word' id='word_1_66' title='bbox 561 1183 589 1242; x_wconf 92' lang='grc'><strong>4,</strong></span> <span class='ocrx_word' id='word_1_67' title='bbox 616 1181 645 1242; x_wconf 80' lang='lat' dir='ltr'><strong>d,</strong></span> <span class='ocrx_word' id='word_1_68' title='bbox 684 1195 749 1233; x_wconf 89' lang='lat' dir='ltr'><strong>nam</strong></span> <span class='ocrx_word' id='word_1_69' title='bbox 772 1183 920 1234; x_wconf 77' lang='lat' dir='ltr'><strong>Romanam</strong></span> <span class='ocrx_word' id='word_1_70' title='bbox 945 1197 961 1232; x_wconf 90' lang='lat' dir='ltr'><strong>a</strong></span> <span class='ocrx_word' id='word_1_71' title='bbox 986 1183 1073 1234; x_wconf 83' lang='lat' dir='ltr'><strong>tronto</strong></span> <span class='ocrx_word' id='word_1_72' title='bbox 1101 1197 1212 1249; x_wconf 82' lang='lat' dir='ltr'><strong>prorem</strong></span> 
     </span>
     <span class='ocr_line' id='line_1_9' title="bbox 115 1249 1211 1324; baseline 0.007 -22"><span class='ocrx_word' id='word_1_73' title='bbox 115 1249 157 1302; x_wconf 86' lang='grc'><strong>40.</strong></span> <span class='ocrx_word' id='word_1_74' title='bbox 177 1252 208 1311; x_wconf 88' lang='grc'><strong>4,</strong></span> <span class='ocrx_word' id='word_1_75' title='bbox 229 1252 274 1310; x_wconf 84' lang='grc'><strong>47,</strong></span> <span class='ocrx_word' id='word_1_76' title='bbox 294 1251 335 1302; x_wconf 93' lang='grc'><strong>48.</strong></span> <span class='ocrx_word' id='word_1_77' title='bbox 356 1277 383 1288; x_wconf 90' lang='grc'><strong>-</strong></span> <span class='ocrx_word' id='word_1_78' title='bbox 402 1253 536 1320; x_wconf 63' lang='lat' dir='ltr'><strong>Admana]</strong></span> <span class='ocrx_word' id='word_1_79' title='bbox 556 1269 648 1320; x_wconf 73' lang='lat' dir='ltr'><strong>uprae·</strong></span> <span class='ocrx_word' id='word_1_80' title='bbox 684 1259 815 1320; x_wconf 87' lang='lat' dir='ltr'><strong>apertam,</strong></span> <span class='ocrx_word' id='word_1_81' title='bbox 828 1260 1211 1324; x_wconf 82' lang='lat' dir='ltr'><strong>superneetapostieaparte</strong></span> 
     </span>
     <span class='ocr_line' id='line_1_10' title="bbox 116 1325 1211 1393; baseline 0.005 -17"><span class='ocrx_word' id='word_1_82' title='bbox 116 1330 241 1376; x_wconf 84' lang='lat' dir='ltr'><strong>tonsum·</strong></span> <span class='ocrx_word' id='word_1_83' title='bbox 259 1325 331 1377; x_wconf 86' lang='lat' dir='ltr'><strong>haud</strong></span> <span class='ocrx_word' id='word_1_84' title='bbox 349 1328 428 1379; x_wconf 87' lang='lat' dir='ltr'><strong>nimia</strong></span> <span class='ocrx_word' id='word_1_85' title='bbox 449 1331 543 1380; x_wconf 88' lang='grc'><strong>444444</strong></span> <span class='ocrx_word' id='word_1_86' title='bbox 560 1331 644 1380; x_wconf 81' lang='lat' dir='ltr'><strong>Con.</strong></span> <span class='ocrx_word' id='word_1_87' title='bbox 683 1332 764 1393; x_wconf 89' lang='lat' dir='ltr'><strong>atque</strong></span> <span class='ocrx_word' id='word_1_88' title='bbox 790 1345 806 1381; x_wconf 95' lang='grc'><strong>4</strong></span> <span class='ocrx_word' id='word_1_89' title='bbox 831 1331 961 1382; x_wconf 88' lang='lat' dir='ltr'><strong>lateribus</strong></span> <span class='ocrx_word' id='word_1_90' title='bbox 985 1332 1144 1384; x_wconf 74' lang='lat' dir='ltr'><strong>centonibus</strong></span> <span class='ocrx_word' id='word_1_91' title='bbox 1168 1331 1211 1383; x_wconf 85' lang='lat' dir='ltr'><strong>vel</strong></span> 
     </span>
     <span class='ocr_line' id='line_1_11' title="bbox 116 1401 1209 1468; baseline 0.005 -17"><span class='ocrx_word' id='word_1_92' title='bbox 116 1401 196 1458; x_wconf 81' lang='lat' dir='ltr'><strong>Cano.</strong></span> <span class='ocrx_word' id='word_1_93' title='bbox 227 1401 333 1452; x_wconf 76' lang='lat' dir='ltr'><strong>Peteon.</strong></span> <span class='ocrx_word' id='word_1_94' title='bbox 355 1401 400 1451; x_wconf 73' lang='lat'><strong>32:</strong></span> <span class='ocrx_word' id='word_1_95' title='bbox 430 1404 509 1454; x_wconf 81' lang='lat' dir='ltr'><strong>Pallio</strong></span> <span class='ocrx_word' id='word_1_96' title='bbox 534 1406 647 1456; x_wconf 81' lang='grc'><strong>44444444</strong></span> <span class='ocrx_word' id='word_1_97' title='bbox 684 1404 789 1468; x_wconf 83' lang='lat' dir='ltr'><strong>sipariis</strong></span> <span class='ocrx_word' id='word_1_98' title='bbox 820 1405 952 1458; x_wconf 86' lang='lat' dir='ltr'><strong>adversus</strong></span> <span class='ocrx_word' id='word_1_99' title='bbox 982 1405 1069 1458; x_wconf 88' lang='grc'><strong>444444</strong></span> <span class='ocrx_word' id='word_1_100' title='bbox 1100 1409 1209 1457; x_wconf 80' lang='lat' dir='ltr'><strong>tectam.</strong></span> 
     </span>
     <span class='ocr_line' id='line_1_12' title="bbox 115 1475 1211 1544; baseline 0.005 -20"><span class='ocrx_word' id='word_1_101' title='bbox 115 1475 363 1538; x_wconf 65' lang='lat' dir='ltr'><strong>admiremus</strong></span> <span class='ocrx_word' id='word_1_102' title='bbox 384 1478 484 1540; x_wconf 88' lang='lat' dir='ltr'><strong>rasum)</strong></span> <span class='ocrx_word' id='word_1_103' title='bbox 504 1479 647 1530; x_wconf 79' lang='grc'><strong>4444444444</strong></span> <span class='ocrx_word' id='word_1_104' title='bbox 686 1479 772 1528; x_wconf 81' lang='lat' dir='ltr'><strong>Vacuo</strong></span> <span class='ocrx_word' id='word_1_105' title='bbox 787 1482 877 1530; x_wconf 87' lang='lat' dir='ltr'><strong>antem</strong></span> <span class='ocrx_word' id='word_1_106' title='bbox 895 1481 1006 1540; x_wconf 80' lang='lat' dir='ltr'><strong>dicitnr,</strong></span> <span class='ocrx_word' id='word_1_107' title='bbox 1025 1481 1087 1544; x_wconf 85' lang='lat' dir='ltr'><strong>qnia</strong></span> <span class='ocrx_word' id='word_1_108' title='bbox 1104 1480 1147 1532; x_wconf 85' lang='grc'><strong>4444</strong></span> <span class='ocrx_word' id='word_1_109' title='bbox 1158 1481 1211 1532; x_wconf 88' lang='lat' dir='ltr'><strong>diei</strong></span> 
     </span>
     <span class='ocr_line' id='line_1_13' title="bbox 115 1547 1213 1618; baseline 0.007 -19"><span class='ocrx_word' id='word_1_110' title='bbox 115 1555 192 1613; x_wconf 85' lang='lat' dir='ltr'><strong>eaput</strong></span> <span class='ocrx_word' id='word_1_111' title='bbox 211 1547 396 1613; x_wconf 71' lang='lat' dir='ltr'><strong>(trimalchio).</strong></span> <span class='ocrx_word' id='word_1_112' title='bbox 425 1551 509 1602; x_wconf 85' lang='lat' dir='ltr'><strong>Plaut.</strong></span> <span class='ocrx_word' id='word_1_113' title='bbox 527 1553 602 1618; x_wconf 87' lang='lat' dir='ltr'><strong>Capt.</strong></span> <span class='ocrx_word' id='word_1_114' title='bbox 615 1555 644 1616; x_wconf 92' lang='grc'><strong>4,</strong></span> <span class='ocrx_word' id='word_1_115' title='bbox 682 1555 749 1604; x_wconf 91' lang='lat' dir='ltr'><strong>hora</strong></span> <span class='ocrx_word' id='word_1_116' title='bbox 766 1555 849 1604; x_wconf 84' lang='lat' dir='ltr'><strong>ceteri</strong></span> <span class='ocrx_word' id='word_1_117' title='bbox 865 1555 1026 1606; x_wconf 73' lang='lat' dir='ltr'><strong>adventores</strong></span> <span class='ocrx_word' id='word_1_118' title='bbox 1043 1555 1157 1606; x_wconf 79' lang='lat' dir='ltr'><strong>barbam</strong></span> <span class='ocrx_word' id='word_1_119' title='bbox 1169 1568 1213 1606; x_wconf 86' lang='lat' dir='ltr'><strong>ra-</strong></span> 
     </span>
     <span class='ocr_line' id='line_1_14' title="bbox 114 1625 1212 1692; baseline 0.007 -18"><span class='ocrx_word' id='word_1_120' title='bbox 114 1626 144 1686; x_wconf 89' lang='grc'><strong>4,</strong></span> <span class='ocrx_word' id='word_1_121' title='bbox 164 1625 212 1676; x_wconf 84' lang='lat' dir='ltr'><strong>te:</strong></span> <span class='ocrx_word' id='word_1_122' title='bbox 236 1625 287 1675; x_wconf 88' lang='lat' dir='ltr'><strong>Sed</strong></span> <span class='ocrx_word' id='word_1_123' title='bbox 301 1630 389 1676; x_wconf 77' lang='grc'><strong>44444444</strong></span> <span class='ocrx_word' id='word_1_124' title='bbox 404 1628 542 1678; x_wconf 75' lang='grc'><strong>4444444444</strong></span> <span class='ocrx_word' id='word_1_125' title='bbox 561 1632 647 1680; x_wconf 82' lang='grc'><strong>44444-</strong></span> <span class='ocrx_word' id='word_1_126' title='bbox 682 1627 802 1678; x_wconf 86' lang='lat' dir='ltr'><strong>dendam</strong></span> <span class='ocrx_word' id='word_1_127' title='bbox 812 1627 855 1678; x_wconf 85' lang='lat' dir='ltr'><strong>vel</strong></span> <span class='ocrx_word' id='word_1_128' title='bbox 864 1627 974 1692; x_wconf 87' lang='lat' dir='ltr'><strong>capillos</strong></span> <span class='ocrx_word' id='word_1_129' title='bbox 986 1629 1136 1680; x_wconf 85' lang='lat' dir='ltr'><strong>tondendos</strong></span> <span class='ocrx_word' id='word_1_130' title='bbox 1146 1631 1212 1682; x_wconf 86' lang='lat' dir='ltr'><strong>iam-</strong></span> 
     </span>
     <span class='ocr_line' id='line_1_15' title="bbox 115 1699 1210 1766; baseline 0.005 -16"><span class='ocrx_word' id='word_1_131' title='bbox 115 1713 204 1750; x_wconf 77' lang='grc'><strong>444444</strong></span> <span class='ocrx_word' id='word_1_132' title='bbox 228 1699 312 1752; x_wconf 84' lang='grc'><strong>44444444</strong></span> <span class='ocrx_word' id='word_1_133' title='bbox 333 1713 384 1750; x_wconf 79' lang='lat' dir='ltr'><strong>esse</strong></span> <span class='ocrx_word' id='word_1_134' title='bbox 403 1714 438 1750; x_wconf 81' lang='lat' dir='ltr'><strong>ort</strong></span> <span class='ocrx_word' id='word_1_135' title='bbox 456 1715 505 1764; x_wconf 85' lang='lat' dir='ltr'><strong>per</strong></span> <span class='ocrx_word' id='word_1_136' title='bbox 524 1704 646 1766; x_wconf 84' lang='lat' dir='ltr'><strong>perltnem</strong></span> <span class='ocrx_word' id='word_1_137' title='bbox 682 1701 787 1752; x_wconf 89' lang='lat' dir='ltr'><strong>dudum</strong></span> <span class='ocrx_word' id='word_1_138' title='bbox 803 1705 943 1762; x_wconf 87' lang='lat' dir='ltr'><strong>curarant;</strong></span> <span class='ocrx_word' id='word_1_139' title='bbox 961 1703 1006 1753; x_wconf 87' lang='lat' dir='ltr'><strong>bic</strong></span> <span class='ocrx_word' id='word_1_140' title='bbox 1022 1704 1124 1755; x_wconf 86' lang='lat' dir='ltr'><strong>otiosue</strong></span> <span class='ocrx_word' id='word_1_141' title='bbox 1142 1718 1210 1755; x_wconf 93' lang='lat' dir='ltr'><strong>non·</strong></span> 
     </span>
     <span class='ocr_line' id='line_1_16' title="bbox 114 1771 1210 1841; baseline 0.005 -17"><span class='ocrx_word' id='word_1_142' title='bbox 114 1775 212 1824; x_wconf 82' lang='lat' dir='ltr'><strong>Nescio.</strong></span> <span class='ocrx_word' id='word_1_143' title='bbox 233 1771 440 1838; x_wconf 81' lang='lat' dir='ltr'><strong>Qniexpllcant:</strong></span> <span class='ocrx_word' id='word_1_144' title='bbox 455 1789 645 1841; x_wconf 76' lang='lat' dir='ltr'><strong>«rasueusque</strong></span> <span class='ocrx_word' id='word_1_145' title='bbox 682 1777 758 1828; x_wconf 89' lang='lat' dir='ltr'><strong>dnm.</strong></span> <span class='ocrx_word' id='word_1_146' title='bbox 787 1779 817 1827; x_wconf 89' lang='grc'><strong>44</strong></span> <span class='ocrx_word' id='word_1_147' title='bbox 839 1777 976 1828; x_wconf 84' lang='lat' dir='ltr'><strong>tonstrinis</strong></span> <span class='ocrx_word' id='word_1_148' title='bbox 998 1779 1090 1828; x_wconf 85' lang='grc'><strong>444444</strong></span> <span class='ocrx_word' id='word_1_149' title='bbox 1110 1780 1210 1830; x_wconf 78' lang='lat' dir='ltr'><strong>Romae</strong></span> 
     </span>
     <span class='ocr_line' id='line_1_17' title="bbox 114 1848 1211 1908; baseline 0.005 -9"><span class='ocrx_word' id='word_1_150' title='bbox 114 1849 147 1899; x_wconf 88' lang='lat' dir='ltr'><strong>ed</strong></span> <span class='ocrx_word' id='word_1_151' title='bbox 165 1851 287 1908; x_wconf 69' lang='lat' dir='ltr'><strong>cutem·</strong></span> <span class='ocrx_word' id='word_1_152' title='bbox 302 1848 440 1899; x_wconf 89' lang='lat' dir='ltr'><strong>hominem</strong></span> <span class='ocrx_word' id='word_1_153' title='bbox 456 1849 555 1902; x_wconf 86' lang='lat' dir='ltr'><strong>iaciunt</strong></span> <span class='ocrx_word' id='word_1_154' title='bbox 568 1853 646 1902; x_wconf 89' lang='lat' dir='ltr'><strong>nimis</strong></span> <span class='ocrx_word' id='word_1_155' title='bbox 683 1852 837 1901; x_wconf 77' lang='lat' dir='ltr'><strong>etiamnunc</strong></span> <span class='ocrx_word' id='word_1_156' title='bbox 854 1853 999 1902; x_wconf 86' lang='lat' dir='ltr'><strong>convenire</strong></span> <span class='ocrx_word' id='word_1_157' title='bbox 1016 1851 1104 1904; x_wconf 87' lang='lat' dir='ltr'><strong>solent</strong></span> <span class='ocrx_word' id='word_1_158' title='bbox 1122 1852 1211 1904; x_wconf 83' lang='lat' dir='ltr'><strong>bomi-</strong></span> 
     </span>
     <span class='ocr_line' id='line_1_18' title="bbox 113 1919 1210 1994; baseline 0.004 -22"><span class='ocrx_word' id='word_1_159' title='bbox 113 1919 293 1994; x_wconf 77' lang='grc' dir='ltr'><strong><em>μικρολόγον</em></strong></span> <span class='ocrx_word' id='word_1_160' title='bbox 320 1923 466 1988; x_wconf 82' lang='lat' dir='ltr'><strong>(Theophr.</strong></span> <span class='ocrx_word' id='word_1_161' title='bbox 488 1927 567 1976; x_wconf 83' lang='lat' dir='ltr'><strong>Char.</strong></span> <span class='ocrx_word' id='word_1_162' title='bbox 589 1927 644 1990; x_wconf 89' lang='grc'><strong>40.)</strong></span> <span class='ocrx_word' id='word_1_163' title='bbox 683 1938 731 1976; x_wconf 88' lang='grc'><strong>444</strong></span> <span class='ocrx_word' id='word_1_164' title='bbox 748 1923 856 1989; x_wconf 86' lang='lat' dir='ltr'><strong>plebeii.</strong></span> <span class='ocrx_word' id='word_1_165' title='bbox 886 1925 925 1976; x_wconf 83' lang='lat' dir='ltr'><strong>ci.</strong></span> <span class='ocrx_word' id='word_1_166' title='bbox 942 1927 995 1975; x_wconf 88' lang='lat' dir='ltr'><strong>Sat.</strong></span> <span class='ocrx_word' id='word_1_167' title='bbox 1016 1927 1045 1986; x_wconf 95' lang='grc'><strong>4,</strong></span> <span class='ocrx_word' id='word_1_168' title='bbox 1063 1927 1093 1986; x_wconf 80' lang='lat' dir='ltr'><strong>l,</strong></span> <span class='ocrx_word' id='word_1_169' title='bbox 1112 1927 1137 1976; x_wconf 83' lang='lat'><strong>3.</strong></span> <span class='ocrx_word' id='word_1_170' title='bbox 1167 1927 1210 1978; x_wconf 81' lang='lat' dir='ltr'><strong>Sic</strong></span> 
     </span>
     <span class='ocr_line' id='line_1_19' title="bbox 114 1996 1208 2063; baseline 0.002 -15"><span class='ocrx_word' id='word_1_171' title='bbox 114 2011 144 2049; x_wconf 88' lang='grc'><strong>44</strong></span> <span class='ocrx_word' id='word_1_172' title='bbox 162 1996 320 2058; x_wconf 86' lang='lat' dir='ltr'><strong>sordidum,</strong></span> <span class='ocrx_word' id='word_1_173' title='bbox 338 1999 384 2060; x_wconf 89' lang='lat' dir='ltr'><strong>qui</strong></span> <span class='ocrx_word' id='word_1_174' title='bbox 401 2001 491 2050; x_wconf 85' lang='lat' dir='ltr'><strong>tamen</strong></span> <span class='ocrx_word' id='word_1_175' title='bbox 508 2014 534 2050; x_wconf 88' lang='lat' dir='ltr'><strong>v.</strong></span> <span class='ocrx_word' id='word_1_176' title='bbox 548 1999 589 2052; x_wconf 83' lang='grc'><strong>83.</strong></span> <span class='ocrx_word' id='word_1_177' title='bbox 608 2001 646 2050; x_wconf 80' lang='grc'><strong>44-</strong></span> <span class='ocrx_word' id='word_1_178' title='bbox 683 2000 737 2050; x_wconf 90' lang='lat' dir='ltr'><strong>iam</strong></span> <span class='ocrx_word' id='word_1_179' title='bbox 753 1997 862 2063; x_wconf 78' lang='lat' dir='ltr'><strong>Eupolis</strong></span> <span class='ocrx_word' id='word_1_180' title='bbox 878 2000 905 2048; x_wconf 91' lang='lat' dir='ltr'><strong>iu</strong></span> <span class='ocrx_word' id='word_1_181' title='bbox 925 2000 1048 2050; x_wconf 83' lang='grc'><strong>44444444</strong></span> <span class='ocrx_word' id='word_1_182' title='bbox 1069 2001 1110 2050; x_wconf 76' lang='lat' dir='ltr'><strong>Fr.</strong></span> <span class='ocrx_word' id='word_1_183' title='bbox 1133 2001 1208 2052; x_wconf 89' lang='lat' dir='ltr'><strong>Com.</strong></span> 
     </span>
     <span class='ocr_line' id='line_1_20' title="bbox 114 2067 1210 2138; baseline 0.005 -16"><span class='ocrx_word' id='word_1_184' title='bbox 114 2073 643 2138; x_wconf 73' lang='lat' dir='ltr'><strong>tidurvocalur.0pponitur1lpui.ltiet.</strong></span> <span class='ocrx_word' id='word_1_185' title='bbox 682 2074 712 2124; x_wconf 89' lang='lat'><strong>11.</strong></span> <span class='ocrx_word' id='word_1_186' title='bbox 731 2087 759 2137; x_wconf 88' lang='lat' dir='ltr'><strong>p.</strong></span> <span class='ocrx_word' id='word_1_187' title='bbox 777 2073 837 2127; x_wconf 75' lang='lat' dir='ltr'><strong>too:</strong></span> <span class='ocrx_word' id='word_1_188' title='bbox 865 2073 923 2124; x_wconf 77' lang='lat' dir='ltr'><strong>Kal</strong></span> <span class='ocrx_word' id='word_1_189' title='bbox 946 2071 1026 2124; x_wconf 72' lang='grc' dir='ltr'><strong><em>πόλλ’</em></strong></span> <span class='ocrx_word' id='word_1_190' title='bbox 1042 2067 1155 2138; x_wconf 71' lang='grc' dir='ltr'><strong><em>ἔμαθον</em></strong></span> <span class='ocrx_word' id='word_1_191' title='bbox 1178 2073 1210 2128; x_wconf 74' lang='grc' dir='ltr'><strong>ἑν</strong></span> 
     </span>
     <span class='ocr_line' id='line_1_21' title="bbox 113 2143 1210 2218; baseline 0.002 -20"><span class='ocrx_word' id='word_1_192' title='bbox 113 2149 141 2206; x_wconf 84' lang='grc'><strong>4,</strong></span> <span class='ocrx_word' id='word_1_193' title='bbox 163 2147 207 2198; x_wconf 83' lang='grc'><strong>48.</strong></span> <span class='ocrx_word' id='word_1_194' title='bbox 234 2148 337 2200; x_wconf 83' lang='lat' dir='ltr'><strong>invenis</strong></span> <span class='ocrx_word' id='word_1_195' title='bbox 359 2150 471 2211; x_wconf 72' lang='grc'><strong>44444444</strong></span> <span class='ocrx_word' id='word_1_196' title='bbox 494 2151 588 2214; x_wconf 83' lang='lat' dir='ltr'><strong>(usque</strong></span> <span class='ocrx_word' id='word_1_197' title='bbox 610 2149 645 2200; x_wconf 90' lang='lat' dir='ltr'><strong>ad</strong></span> <span class='ocrx_word' id='word_1_198' title='bbox 681 2153 761 2199; x_wconf 79' lang='grc' dir='ltr'><strong><em>τοῖσι</em></strong></span> <span class='ocrx_word' id='word_1_199' title='bbox 780 2151 924 2218; x_wconf 75' lang='grc' dir='ltr'><strong><em>κουρειοις</em></strong></span> <span class='ocrx_word' id='word_1_200' title='bbox 944 2146 999 2216; x_wconf 77' lang='grc' dir='ltr'><strong>4γώ</strong></span> <span class='ocrx_word' id='word_1_201' title='bbox 1014 2143 1137 2212; x_wconf 75' lang='grc' dir='ltr'><em>Ἀτόπως</em></span> <span class='ocrx_word' id='word_1_202' title='bbox 1157 2165 1210 2200; x_wconf 81' lang='lat' dir='ltr'><strong>ren·</strong></span> 
     </span>
     <span class='ocr_line' id='line_1_22' title="bbox 114 2217 1208 2290; baseline 0.003 -19"><span class='ocrx_word' id='word_1_203' title='bbox 114 2221 217 2280; x_wconf 87' lang='grc'><strong>444444)</strong></span> <span class='ocrx_word' id='word_1_204' title='bbox 236 2223 327 2272; x_wconf 82' lang='lat' dir='ltr'><strong>deroso</strong></span> <span class='ocrx_word' id='word_1_205' title='bbox 342 2223 432 2284; x_wconf 72' lang='lat' dir='ltr'><strong>copto.</strong></span> <span class='ocrx_word' id='word_1_206' title='bbox 467 2221 586 2274; x_wconf 79' lang='lat' dir='ltr'><strong>Alteram</strong></span> <span class='ocrx_word' id='word_1_207' title='bbox 604 2222 645 2274; x_wconf 89' lang='lat' dir='ltr'><strong>le·</strong></span> <span class='ocrx_word' id='word_1_208' title='bbox 681 2223 769 2286; x_wconf 75' lang='grc' dir='ltr'><strong><em>θίζων</em></strong></span> <span class='ocrx_word' id='word_1_209' title='bbox 780 2217 867 2274; x_wconf 70' lang='lat' dir='ltr'><strong>acidi</strong></span> <span class='ocrx_word' id='word_1_210' title='bbox 883 2221 1051 2290; x_wconf 79' lang='grc' dir='ltr'><strong><em>γιγνώσκειν</em></strong></span> <span class='ocrx_word' id='word_1_211' title='bbox 1061 2221 1164 2274; x_wconf 79' lang='grc' dir='ltr'><strong>δοκῶν.</strong></span> <span class='ocrx_word' id='word_1_212' title='bbox 1179 2251 1208 2262; x_wconf 94' lang='grc'><strong>-</strong></span> 
     </span>
     <span class='ocr_line' id='line_1_23' title="bbox 113 2295 1211 2364; baseline 0.003 -18"><span class='ocrx_word' id='word_1_213' title='bbox 113 2297 234 2346; x_wconf 87' lang='lat' dir='ltr'><strong>ctionem</strong></span> <span class='ocrx_word' id='word_1_214' title='bbox 252 2295 385 2358; x_wconf 77' lang='grc'><strong>44444444,</strong></span> <span class='ocrx_word' id='word_1_215' title='bbox 409 2309 478 2360; x_wconf 85' lang='lat' dir='ltr'><strong>qnae</strong></span> <span class='ocrx_word' id='word_1_216' title='bbox 496 2297 645 2349; x_wconf 83' lang='lat' dir='ltr'><strong>sufficiente</strong></span> <span class='ocrx_word' id='word_1_217' title='bbox 685 2325 711 2334; x_wconf 95' lang='lat'>—</span> <span class='ocrx_word' id='word_1_218' title='bbox 727 2299 856 2361; x_wconf 76' lang='lat' dir='ltr'><strong>proprios]</strong></span> <span class='ocrx_word' id='word_1_219' title='bbox 874 2299 978 2364; x_wconf 78' lang='lat' dir='ltr'><strong>«ipsum</strong></span> <span class='ocrx_word' id='word_1_220' title='bbox 995 2300 1060 2361; x_wconf 86' lang='lat' dir='ltr'><strong>sibi,</strong></span> <span class='ocrx_word' id='word_1_221' title='bbox 1087 2313 1141 2350; x_wconf 89' lang='lat' dir='ltr'><strong>non</strong></span> <span class='ocrx_word' id='word_1_222' title='bbox 1161 2312 1211 2364; x_wconf 92' lang='lat' dir='ltr'><strong>per</strong></span> 
     </span>
     <span class='ocr_line' id='line_1_24' title="bbox 113 2370 1210 2437; baseline 0.005 -16"><span class='ocrx_word' id='word_1_223' title='bbox 113 2372 274 2422; x_wconf 88' lang='lat' dir='ltr'><strong>anctoritate</strong></span> <span class='ocrx_word' id='word_1_224' title='bbox 304 2370 429 2422; x_wconf 84' lang='lat' dir='ltr'><strong>destituta</strong></span> <span class='ocrx_word' id='word_1_225' title='bbox 455 2375 511 2432; x_wconf 91' lang='grc'><strong>444,</strong></span> <span class='ocrx_word' id='word_1_226' title='bbox 542 2371 585 2423; x_wconf 89' lang='lat' dir='ltr'><strong>alii</strong></span> <span class='ocrx_word' id='word_1_227' title='bbox 610 2373 644 2423; x_wconf 93' lang='lat' dir='ltr'><strong>de</strong></span> <span class='ocrx_word' id='word_1_228' title='bbox 682 2375 851 2431; x_wconf 66' lang='lat' dir='ltr'><strong>tonsorem·</strong></span> <span class='ocrx_word' id='word_1_229' title='bbox 877 2374 996 2436; x_wconf 85' lang='lat' dir='ltr'><strong>quitum</strong></span> <span class='ocrx_word' id='word_1_230' title='bbox 1013 2373 1102 2437; x_wconf 89' lang='lat' dir='ltr'><strong>aliquo</strong></span> <span class='ocrx_word' id='word_1_231' title='bbox 1119 2372 1210 2426; x_wconf 86' lang='lat' dir='ltr'><strong>abisse</strong></span> 
     </span>
     <span class='ocr_line' id='line_1_25' title="bbox 112 2443 1211 2509; baseline 0.002 -13"><span class='ocrx_word' id='word_1_232' title='bbox 112 2445 199 2496; x_wconf 89' lang='lat' dir='ltr'><strong>barba</strong></span> <span class='ocrx_word' id='word_1_233' title='bbox 217 2443 276 2496; x_wconf 88' lang='grc'><strong>4444</strong></span> <span class='ocrx_word' id='word_1_234' title='bbox 292 2445 513 2509; x_wconf 65' lang='lat' dir='ltr'><strong>interpretantem</strong></span> <span class='ocrx_word' id='word_1_235' title='bbox 532 2447 645 2498; x_wconf 83' lang='lat' dir='ltr'><strong>eedhoc</strong></span> <span class='ocrx_word' id='word_1_236' title='bbox 682 2447 836 2498; x_wconf 80' lang='lat' dir='ltr'><strong>censendae</strong></span> <span class='ocrx_word' id='word_1_237' title='bbox 864 2452 920 2509; x_wconf 89' lang='grc'><strong>444,</strong></span> <span class='ocrx_word' id='word_1_238' title='bbox 947 2448 1019 2499; x_wconf 87' lang='lat' dir='ltr'><strong>node</strong></span> <span class='ocrx_word' id='word_1_239' title='bbox 1045 2461 1099 2498; x_wconf 90' lang='lat' dir='ltr'><strong>non</strong></span> <span class='ocrx_word' id='word_1_240' title='bbox 1124 2447 1211 2499; x_wconf 86' lang='lat' dir='ltr'><strong>babe-</strong></span> 
     </span>
     <span class='ocr_line' id='line_1_26' title="bbox 113 2519 1208 2586; baseline 0.002 -16"><span class='ocrx_word' id='word_1_241' title='bbox 113 2523 139 2570; x_wconf 88' lang='lat' dir='ltr'><strong>et</strong></span> <span class='ocrx_word' id='word_1_242' title='bbox 163 2519 246 2583; x_wconf 78' lang='lat' dir='ltr'><strong>louge</strong></span> <span class='ocrx_word' id='word_1_243' title='bbox 270 2519 358 2570; x_wconf 85' lang='lat' dir='ltr'><strong>minue</strong></span> <span class='ocrx_word' id='word_1_244' title='bbox 379 2519 490 2571; x_wconf 85' lang='lat' dir='ltr'><strong>evidens</strong></span> <span class='ocrx_word' id='word_1_245' title='bbox 508 2524 536 2572; x_wconf 90' lang='lat' dir='ltr'><strong>et</strong></span> <span class='ocrx_word' id='word_1_246' title='bbox 560 2535 644 2586; x_wconf 89' lang='lat' dir='ltr'><strong>prope</strong></span> <span class='ocrx_word' id='word_1_247' title='bbox 682 2521 730 2572; x_wconf 88' lang='lat' dir='ltr'><strong>bat</strong></span> <span class='ocrx_word' id='word_1_248' title='bbox 741 2534 859 2584; x_wconf 88' lang='lat' dir='ltr'><strong>quocum</strong></span> <span class='ocrx_word' id='word_1_249' title='bbox 870 2523 1097 2572; x_wconf 85' lang='lat' dir='ltr'><strong>sermocinaretur</strong></span> <span class='ocrx_word' id='word_1_250' title='bbox 1107 2524 1208 2574; x_wconf 85' lang='grc'><strong>444444.</strong></span> 
     </span>
     <span class='ocr_line' id='line_1_27' title="bbox 113 2593 1211 2659; baseline -0.001 -14"><span class='ocrx_word' id='word_1_251' title='bbox 113 2595 232 2646; x_wconf 86' lang='grc'><strong>44444444</strong></span> <span class='ocrx_word' id='word_1_252' title='bbox 250 2594 363 2645; x_wconf 85' lang='lat' dir='ltr'><strong>videtur.</strong></span> <span class='ocrx_word' id='word_1_253' title='bbox 393 2593 441 2646; x_wconf 83' lang='grc'><strong>4444</strong></span> <span class='ocrx_word' id='word_1_254' title='bbox 462 2595 579 2659; x_wconf 85' lang='lat' dir='ltr'><strong>denique</strong></span> <span class='ocrx_word' id='word_1_255' title='bbox 599 2597 646 2646; x_wconf 87' lang='lat' dir='ltr'><strong>nb-</strong></span> <span class='ocrx_word' id='word_1_256' title='bbox 683 2597 782 2646; x_wconf 87' lang='lat' dir='ltr'><strong>Contra</strong></span> <span class='ocrx_word' id='word_1_257' title='bbox 800 2594 954 2646; x_wconf 71' lang='lat' dir='ltr'><strong>Plautini.</strong></span> <span class='ocrx_word' id='word_1_258' title='bbox 971 2597 1003 2656; x_wconf 87' lang='grc'><strong>4,</strong></span> <span class='ocrx_word' id='word_1_259' title='bbox 1021 2595 1050 2658; x_wconf 88' lang='grc'><strong>4,</strong></span> <span class='ocrx_word' id='word_1_260' title='bbox 1069 2597 1116 2646; x_wconf 80' lang='grc'><strong>334</strong></span> <span class='ocrx_word' id='word_1_261' title='bbox 1144 2598 1211 2658; x_wconf 77' lang='grc'><strong>04444</strong></span> 
     </span>
     <span class='ocr_line' id='line_1_28' title="bbox 113 2668 1208 2733; baseline 0.002 -15"><span class='ocrx_word' id='word_1_262' title='bbox 113 2683 202 2720; x_wconf 75' lang='lat' dir='ltr'><strong>renen</strong></span> <span class='ocrx_word' id='word_1_263' title='bbox 213 2668 307 2720; x_wconf 89' lang='lat' dir='ltr'><strong>volunt</strong></span> <span class='ocrx_word' id='word_1_264' title='bbox 318 2669 467 2732; x_wconf 79' lang='lat' dir='ltr'><strong>significare</strong></span> <span class='ocrx_word' id='word_1_265' title='bbox 477 2669 644 2730; x_wconf 62' lang='lat' dir='ltr'><strong>ailbertum»</strong></span> <span class='ocrx_word' id='word_1_266' title='bbox 681 2671 729 2732; x_wconf 80' lang='lat' dir='ltr'><strong>ipat</strong></span> <span class='ocrx_word' id='word_1_267' title='bbox 744 2670 843 2731; x_wconf 78' lang='lat' dir='ltr'><strong>pridem</strong></span> <span class='ocrx_word' id='word_1_268' title='bbox 858 2675 943 2720; x_wconf 80' lang='lat' dir='ltr'><strong>tonsor</strong></span> <span class='ocrx_word' id='word_1_269' title='bbox 952 2683 1049 2733; x_wconf 69' lang='grc'><strong>444444</strong></span> <span class='ocrx_word' id='word_1_270' title='bbox 1059 2671 1208 2732; x_wconf 57' lang='lat' dir='ltr'><strong>dampetra</strong></span> 
     </span>
     <span class='ocr_line' id='line_1_29' title="bbox 114 2741 1211 2808; baseline -0.001 -13"><span class='ocrx_word' id='word_1_271' title='bbox 114 2745 178 2804; x_wconf 81' lang='grc'><strong>4444.</strong></span> <span class='ocrx_word' id='word_1_272' title='bbox 197 2743 244 2806; x_wconf 74' lang='lat' dir='ltr'><strong>et,</strong></span> <span class='ocrx_word' id='word_1_273' title='bbox 263 2745 309 2794; x_wconf 74' lang='lat'><strong>5²:</strong></span> <span class='ocrx_word' id='word_1_274' title='bbox 336 2745 459 2807; x_wconf 80' lang='lat' dir='ltr'><strong>copitibrrr</strong></span> <span class='ocrx_word' id='word_1_275' title='bbox 473 2747 540 2796; x_wconf 78' lang='lat' dir='ltr'><strong>roris</strong></span> <span class='ocrx_word' id='word_1_276' title='bbox 555 2747 644 2808; x_wconf 82' lang='grc'><strong>444444,</strong></span> <span class='ocrx_word' id='word_1_277' title='bbox 683 2742 787 2794; x_wconf 81' lang='lat' dir='ltr'><strong>Falsum</strong></span> <span class='ocrx_word' id='word_1_278' title='bbox 800 2741 944 2794; x_wconf 86' lang='lat' dir='ltr'><strong>lectionem</strong></span> <span class='ocrx_word' id='word_1_279' title='bbox 956 2745 1064 2806; x_wconf 77' lang='lat' dir='ltr'><strong>propr-io</strong></span> <span class='ocrx_word' id='word_1_280' title='bbox 1074 2742 1211 2807; x_wconf 70' lang='grc'><strong>4444444444</strong></span> 
     </span>
     <span class='ocr_line' id='line_1_30' title="bbox 113 2815 1211 2884; baseline 0 -14"><span class='ocrx_word' id='word_1_281' title='bbox 113 2822 156 2882; x_wconf 74' lang='lat' dir='ltr'><strong>qut</strong></span> <span class='ocrx_word' id='word_1_282' title='bbox 181 2821 301 2870; x_wconf 69' lang='grc'><strong>4444444444</strong></span> <span class='ocrx_word' id='word_1_283' title='bbox 326 2821 434 2884; x_wconf 75' lang='grc'><strong>44444444</strong></span> <span class='ocrx_word' id='word_1_284' title='bbox 458 2821 569 2883; x_wconf 62' lang='lat' dir='ltr'><strong>sonem.</strong></span> <span class='ocrx_word' id='word_1_285' title='bbox 595 2819 643 2882; x_wconf 78' lang='grc'><strong>44,</strong></span> <span class='ocrx_word' id='word_1_286' title='bbox 682 2816 810 2882; x_wconf 85' lang='lat' dir='ltr'><strong>explicat:</strong></span> <span class='ocrx_word' id='word_1_287' title='bbox 829 2815 880 2867; x_wconf 77' lang='lat' dir='ltr'><strong>-ad</strong></span> <span class='ocrx_word' id='word_1_288' title='bbox 894 2818 945 2868; x_wconf 89' lang='lat' dir='ltr'><strong>hos</strong></span> <span class='ocrx_word' id='word_1_289' title='bbox 962 2829 1028 2867; x_wconf 89' lang='grc'><strong>4444</strong></span> <span class='ocrx_word' id='word_1_290' title='bbox 1042 2817 1144 2878; x_wconf 79' lang='lat' dir='ltr'><strong>tacto;»</strong></span> <span class='ocrx_word' id='word_1_291' title='bbox 1161 2819 1211 2870; x_wconf 75' lang='lat' dir='ltr'><strong>Bo</strong></span> 
     </span>
     <span class='ocr_line' id='line_1_31' title="bbox 114 2890 1211 2960; baseline -0.004 -14"><span class='ocrx_word' id='word_1_292' title='bbox 114 2894 158 2946; x_wconf 84' lang='lat' dir='ltr'><strong>lt:</strong></span> <span class='ocrx_word' id='word_1_293' title='bbox 186 2895 304 2956; x_wconf 71' lang='lat' dir='ltr'><strong>Polybius</strong></span> <span class='ocrx_word' id='word_1_294' title='bbox 324 2908 381 2946; x_wconf 81' lang='grc'><strong>4444</strong></span> <span class='ocrx_word' id='word_1_295' title='bbox 399 2907 484 2958; x_wconf 72' lang='lat' dir='ltr'><strong>repen</strong></span> <span class='ocrx_word' id='word_1_296' title='bbox 506 2894 645 2960; x_wconf 72' lang='lat' dir='ltr'><strong>(Prusiam)</strong></span> <span class='ocrx_word' id='word_1_297' title='bbox 682 2891 741 2943; x_wconf 87' lang='lat' dir='ltr'><strong>the:</strong></span> <span class='ocrx_word' id='word_1_298' title='bbox 769 2891 831 2956; x_wconf 69' lang='lat' dir='ltr'><strong>uqui</strong></span> <span class='ocrx_word' id='word_1_299' title='bbox 852 2891 968 2942; x_wconf 85' lang='lat' dir='ltr'><strong>tonsoris</strong></span> <span class='ocrx_word' id='word_1_300' title='bbox 987 2890 1072 2942; x_wconf 87' lang='lat' dir='ltr'><strong>cultro</strong></span> <span class='ocrx_word' id='word_1_301' title='bbox 1091 2893 1131 2942; x_wconf 90' lang='lat' dir='ltr'><strong>nti</strong></span> <span class='ocrx_word' id='word_1_302' title='bbox 1151 2891 1211 2943; x_wconf 90' lang='lat' dir='ltr'><strong>nol·</strong></span> 
     </span>
     <span class='ocr_line' id='line_1_32' title="bbox 114 2965 1210 3031; baseline -0.002 -11"><span class='ocrx_word' id='word_1_303' title='bbox 114 2993 127 3006; x_wconf 94' lang='lat'>-</span> <span class='ocrx_word' id='word_1_304' title='bbox 137 2995 152 3006; x_wconf 92' lang='lat'><em>-</em></span> <span class='ocrx_word' id='word_1_305' title='bbox 164 2969 247 3020; x_wconf 80' lang='lat' dir='ltr'><strong>tradit</strong></span> <span class='ocrx_word' id='word_1_306' title='bbox 261 2969 398 3031; x_wconf 68' lang='lat' dir='ltr'><strong>plum,</strong></span> <span class='ocrx_word' id='word_1_307' title='bbox 416 2970 498 3031; x_wconf 78' lang='lat' dir='ltr'><strong>capite</strong></span> <span class='ocrx_word' id='word_1_308' title='bbox 508 2981 585 3030; x_wconf 76' lang='lat' dir='ltr'><strong>roto,</strong></span> <span class='ocrx_word' id='word_1_309' title='bbox 603 2969 647 3018; x_wconf 86' lang='lat' dir='ltr'><strong>ob-</strong></span> <span class='ocrx_word' id='word_1_310' title='bbox 681 2965 731 3027; x_wconf 86' lang='lat' dir='ltr'><strong>let,</strong></span> <span class='ocrx_word' id='word_1_311' title='bbox 750 2979 785 3018; x_wconf 87' lang='lat' dir='ltr'><strong>ne</strong></span> <span class='ocrx_word' id='word_1_312' title='bbox 802 2965 868 3030; x_wconf 88' lang='lat' dir='ltr'><strong>quid</strong></span> <span class='ocrx_word' id='word_1_313' title='bbox 882 2978 933 3030; x_wconf 91' lang='lat' dir='ltr'><strong>pro</strong></span> <span class='ocrx_word' id='word_1_314' title='bbox 950 2979 984 3017; x_wconf 91' lang='lat' dir='ltr'><strong>eo</strong></span> <span class='ocrx_word' id='word_1_315' title='bbox 1000 2979 1110 3030; x_wconf 88' lang='lat' dir='ltr'><strong>quoque</strong></span> <span class='ocrx_word' id='word_1_316' title='bbox 1122 2967 1210 3018; x_wconf 86' lang='lat' dir='ltr'><strong>oidcio</strong></span> 
     </span>
     <span class='ocr_line' id='line_1_33' title="bbox 114 3039 1210 3108; baseline 0 -14"><span class='ocrx_word' id='word_1_317' title='bbox 114 3045 181 3094; x_wconf 82' lang='grc'><strong>44444</strong></span> <span class='ocrx_word' id='word_1_318' title='bbox 198 3045 238 3094; x_wconf 82' lang='lat' dir='ltr'><strong>tre</strong></span> <span class='ocrx_word' id='word_1_319' title='bbox 258 3043 347 3108; x_wconf 70' lang='grc'><strong>4444444</strong></span> <span class='ocrx_word' id='word_1_320' title='bbox 363 3045 463 3094; x_wconf 75' lang='lat' dir='ltr'><strong>soliaco</strong></span> <span class='ocrx_word' id='word_1_321' title='bbox 482 3044 645 3106; x_wconf 73' lang='lat' dir='ltr'><strong>libertumque</strong></span> <span class='ocrx_word' id='word_1_322' title='bbox 682 3039 734 3092; x_wconf 89' lang='grc'><strong>4444</strong></span> <span class='ocrx_word' id='word_1_323' title='bbox 751 3040 949 3092; x_wconf 87' lang='lat' dir='ltr'><strong>numerandum</strong></span> <span class='ocrx_word' id='word_1_324' title='bbox 963 3040 1057 3092; x_wconf 76' lang='lat' dir='ltr'><strong>toret.»</strong></span> <span class='ocrx_word' id='word_1_325' title='bbox 1071 3069 1099 3080; x_wconf 90' lang='lat'><em>-</em></span> <span class='ocrx_word' id='word_1_326' title='bbox 1113 3041 1210 3106; x_wconf 74' lang='grc'><strong>4444444)</strong></span> 
     </span>
     <span class='ocr_line' id='line_1_34' title="bbox 113 3113 1211 3183; baseline 0.002 -16"><span class='ocrx_word' id='word_1_327' title='bbox 113 3131 138 3167; x_wconf 81' lang='lat' dir='ltr'><strong>ee</strong></span> <span class='ocrx_word' id='word_1_328' title='bbox 150 3118 242 3181; x_wconf 82' lang='lat' dir='ltr'><strong>popuii</strong></span> <span class='ocrx_word' id='word_1_329' title='bbox 258 3119 366 3170; x_wconf 84' lang='grc'><strong>44444444</strong></span> <span class='ocrx_word' id='word_1_330' title='bbox 378 3119 466 3183; x_wconf 78' lang='lat' dir='ltr'><strong>serre.)</strong></span> <span class='ocrx_word' id='word_1_331' title='bbox 483 3131 579 3170; x_wconf 87' lang='lat' dir='ltr'><strong>verum</strong></span> <span class='ocrx_word' id='word_1_332' title='bbox 591 3132 644 3170; x_wconf 87' lang='lat' dir='ltr'><strong>non</strong></span> <span class='ocrx_word' id='word_1_333' title='bbox 684 3113 840 3180; x_wconf 72' lang='grc'><strong>«4444444444</strong></span> <span class='ocrx_word' id='word_1_334' title='bbox 858 3117 947 3168; x_wconf 87' lang='lat' dir='ltr'><strong>auimo</strong></span> <span class='ocrx_word' id='word_1_335' title='bbox 965 3119 993 3167; x_wconf 88' lang='grc'><strong>44</strong></span> <span class='ocrx_word' id='word_1_336' title='bbox 1014 3119 1072 3168; x_wconf 88' lang='lat' dir='ltr'><strong>siue</strong></span> <span class='ocrx_word' id='word_1_337' title='bbox 1094 3116 1148 3167; x_wconf 89' lang='lat' dir='ltr'><strong>ulla</strong></span> <span class='ocrx_word' id='word_1_338' title='bbox 1169 3117 1211 3169; x_wconf 88' lang='lat' dir='ltr'><strong>ie·</strong></span> 
     </span>
     <span class='ocr_line' id='line_1_35' title="bbox 114 3191 1211 3257; baseline 0 -15"><span class='ocrx_word' id='word_1_339' title='bbox 114 3192 241 3244; x_wconf 81' lang='lat' dir='ltr'><strong>viderunt</strong></span> <span class='ocrx_word' id='word_1_340' title='bbox 263 3195 344 3257; x_wconf 90' lang='lat' dir='ltr'><strong>caput</strong></span> <span class='ocrx_word' id='word_1_341' title='bbox 366 3191 468 3244; x_wconf 87' lang='lat' dir='ltr'><strong>libertis</strong></span> <span class='ocrx_word' id='word_1_342' title='bbox 492 3191 577 3244; x_wconf 88' lang='grc'><strong>4444444</strong></span> <span class='ocrx_word' id='word_1_343' title='bbox 600 3205 645 3242; x_wconf 88' lang='lat' dir='ltr'><strong>ra-</strong></span> <span class='ocrx_word' id='word_1_344' title='bbox 682 3191 837 3254; x_wconf 87' lang='lat' dir='ltr'><strong>stinatione,</strong></span> <span class='ocrx_word' id='word_1_345' title='bbox 862 3192 1090 3256; x_wconf 62' lang='lat' dir='ltr'><strong>praecativa»</strong></span> <span class='ocrx_word' id='word_1_346' title='bbox 1115 3191 1211 3244; x_wconf 88' lang='lat' dir='ltr'><strong>videli-</strong></span> 
     </span>
     <span class='ocr_line' id='line_1_36' title="bbox 114 3266 1211 3331; baseline 0.001 -13"><span class='ocrx_word' id='word_1_347' title='bbox 114 3281 173 3318; x_wconf 86' lang='lat' dir='ltr'><strong>sum</strong></span> <span class='ocrx_word' id='word_1_348' title='bbox 200 3279 263 3318; x_wconf 86' lang='grc'><strong>4444</strong></span> <span class='ocrx_word' id='word_1_349' title='bbox 289 3270 362 3329; x_wconf 84' lang='lat' dir='ltr'><strong>turn,</strong></span> <span class='ocrx_word' id='word_1_350' title='bbox 390 3281 452 3318; x_wconf 90' lang='lat' dir='ltr'><strong>cum</strong></span> <span class='ocrx_word' id='word_1_351' title='bbox 472 3267 645 3318; x_wconf 89' lang='lat' dir='ltr'><strong>manumitte-</strong></span> <span class='ocrx_word' id='word_1_352' title='bbox 683 3269 727 3318; x_wconf 89' lang='lat' dir='ltr'><strong>cet</strong></span> <span class='ocrx_word' id='word_1_353' title='bbox 748 3266 819 3318; x_wconf 85' lang='lat' dir='ltr'><strong>lenta</strong></span> <span class='ocrx_word' id='word_1_354' title='bbox 839 3268 891 3318; x_wconf 85' lang='lat' dir='ltr'><strong>bac</strong></span> <span class='ocrx_word' id='word_1_355' title='bbox 908 3269 1036 3330; x_wconf 77' lang='lat' dir='ltr'><strong>ungmam</strong></span> <span class='ocrx_word' id='word_1_356' title='bbox 1054 3269 1211 3331; x_wconf 72' lang='lat' dir='ltr'><strong>purgatione</strong></span> 
     </span>
     <span class='ocr_line' id='line_1_37' title="bbox 114 3341 1211 3407; baseline 0 -15"><span class='ocrx_word' id='word_1_357' title='bbox 114 3345 220 3402; x_wconf 86' lang='grc'><strong>444444,</strong></span> <span class='ocrx_word' id='word_1_358' title='bbox 240 3355 295 3392; x_wconf 87' lang='grc'><strong>444</strong></span> <span class='ocrx_word' id='word_1_359' title='bbox 306 3343 333 3392; x_wconf 89' lang='grc'><strong>44</strong></span> <span class='ocrx_word' id='word_1_360' title='bbox 344 3345 519 3406; x_wconf 86' lang='lat' dir='ltr'><strong>perpetuum,</strong></span> <span class='ocrx_word' id='word_1_361' title='bbox 533 3343 583 3393; x_wconf 90' lang='grc'><strong>4444</strong></span> <span class='ocrx_word' id='word_1_362' title='bbox 594 3343 644 3406; x_wconf 91' lang='lat' dir='ltr'><strong>ipsi</strong></span> <span class='ocrx_word' id='word_1_363' title='bbox 682 3344 760 3407; x_wconf 87' lang='lat' dir='ltr'><strong>quasi</strong></span> <span class='ocrx_word' id='word_1_364' title='bbox 777 3341 962 3393; x_wconf 81' lang='lat' dir='ltr'><strong>delectabatur</strong></span> <span class='ocrx_word' id='word_1_365' title='bbox 976 3343 1018 3392; x_wconf 83' lang='lat' dir='ltr'><strong>vir</strong></span> <span class='ocrx_word' id='word_1_366' title='bbox 1038 3341 1140 3402; x_wconf 88' lang='lat' dir='ltr'><strong>bonus,</strong></span> <span class='ocrx_word' id='word_1_367' title='bbox 1163 3343 1211 3404; x_wconf 89' lang='lat' dir='ltr'><strong>qut</strong></span> 
     </span>
     <span class='ocr_line' id='line_1_38' title="bbox 113 3415 1208 3481; baseline 0 -15"><span class='ocrx_word' id='word_1_368' title='bbox 113 3415 185 3467; x_wconf 87' lang='lat' dir='ltr'><strong>hunc</strong></span> <span class='ocrx_word' id='word_1_369' title='bbox 202 3415 327 3467; x_wconf 87' lang='lat' dir='ltr'><strong>habitum</strong></span> <span class='ocrx_word' id='word_1_370' title='bbox 348 3429 457 3467; x_wconf 80' lang='lat' dir='ltr'><strong>servare</strong></span> <span class='ocrx_word' id='word_1_371' title='bbox 479 3415 590 3479; x_wconf 79' lang='lat' dir='ltr'><strong>vellent,</strong></span> <span class='ocrx_word' id='word_1_372' title='bbox 616 3419 645 3467; x_wconf 96' lang='lat' dir='ltr'><strong>ut</strong></span> <span class='ocrx_word' id='word_1_373' title='bbox 681 3416 794 3481; x_wconf 85' lang='lat' dir='ltr'><strong>alioqui,</strong></span> <span class='ocrx_word' id='word_1_374' title='bbox 806 3416 880 3481; x_wconf 90' lang='lat' dir='ltr'><strong>qnod</strong></span> <span class='ocrx_word' id='word_1_375' title='bbox 894 3417 1003 3477; x_wconf 84' lang='lat' dir='ltr'><strong>iaceret,</strong></span> <span class='ocrx_word' id='word_1_376' title='bbox 1016 3415 1208 3466; x_wconf 82' lang='lat' dir='ltr'><strong>nonhabebat.</strong></span> 
     </span>
     <span class='ocr_line' id='line_1_39' title="bbox 113 3489 1210 3554; baseline -0.003 -12"><span class='ocrx_word' id='word_1_377' title='bbox 113 3489 213 3554; x_wconf 87' lang='lat' dir='ltr'><strong>placuit</strong></span> <span class='ocrx_word' id='word_1_378' title='bbox 239 3504 304 3542; x_wconf 88' lang='lat' dir='ltr'><strong>sane</strong></span> <span class='ocrx_word' id='word_1_379' title='bbox 331 3492 360 3544; x_wconf 90' lang='lat' dir='ltr'><strong>C.</strong></span> <span class='ocrx_word' id='word_1_380' title='bbox 384 3492 481 3544; x_wconf 84' lang='lat' dir='ltr'><strong>Fannio</strong></span> <span class='ocrx_word' id='word_1_381' title='bbox 507 3492 644 3544; x_wconf 85' lang='lat' dir='ltr'><strong>Chaereae</strong></span> <span class='ocrx_word' id='word_1_382' title='bbox 715 3492 805 3542; x_wconf 74' lang='lat' dir='ltr'><strong>tta-ee.</strong></span> <span class='ocrx_word' id='word_1_383' title='bbox 836 3492 949 3542; x_wconf 77' lang='grc'><strong>44444444·</strong></span> <span class='ocrx_word' id='word_1_384' title='bbox 963 3490 1025 3554; x_wconf 84' lang='lat' dir='ltr'><strong>cet]</strong></span> <span class='ocrx_word' id='word_1_385' title='bbox 1045 3491 1102 3540; x_wconf 88' lang='lat' dir='ltr'><strong>iam</strong></span> <span class='ocrx_word' id='word_1_386' title='bbox 1121 3489 1210 3540; x_wconf 89' lang='lat' dir='ltr'><strong>bomi-</strong></span> 
     </span>
     <span class='ocr_line' id='line_1_40' title="bbox 115 3563 1211 3631; baseline 0.001 -16"><span class='ocrx_word' id='word_1_387' title='bbox 115 3565 185 3630; x_wconf 87' lang='lat' dir='ltr'><strong>apud</strong></span> <span class='ocrx_word' id='word_1_388' title='bbox 208 3567 264 3618; x_wconf 88' lang='lat' dir='ltr'><strong>Cic.</strong></span> <span class='ocrx_word' id='word_1_389' title='bbox 285 3579 333 3631; x_wconf 88' lang='lat' dir='ltr'><strong>pro</strong></span> <span class='ocrx_word' id='word_1_390' title='bbox 355 3567 432 3618; x_wconf 87' lang='grc'><strong>44444.</strong></span> <span class='ocrx_word' id='word_1_391' title='bbox 452 3567 527 3618; x_wconf 86' lang='lat' dir='ltr'><strong>Com.</strong></span> <span class='ocrx_word' id='word_1_392' title='bbox 547 3567 576 3626; x_wconf 80' lang='lat'><strong>7,</strong></span> <span class='ocrx_word' id='word_1_393' title='bbox 601 3567 642 3617; x_wconf 86' lang='grc'><strong>444.</strong></span> <span class='ocrx_word' id='word_1_394' title='bbox 681 3567 723 3616; x_wconf 88' lang='grc'><strong>444</strong></span> <span class='ocrx_word' id='word_1_395' title='bbox 749 3579 803 3616; x_wconf 88' lang='lat' dir='ltr'><strong>uon</strong></span> <span class='ocrx_word' id='word_1_396' title='bbox 826 3565 885 3616; x_wconf 90' lang='lat' dir='ltr'><strong>sine</strong></span> <span class='ocrx_word' id='word_1_397' title='bbox 902 3563 1020 3628; x_wconf 88' lang='lat' dir='ltr'><strong>quadam</strong></span> <span class='ocrx_word' id='word_1_398' title='bbox 1041 3563 1145 3628; x_wconf 72' lang='lat' dir='ltr'><strong>pigritia</strong></span> <span class='ocrx_word' id='word_1_399' title='bbox 1161 3577 1211 3616; x_wconf 84' lang='lat' dir='ltr'><strong>aua</strong></span> 
     </span>
     <span class='ocr_line' id='line_1_41' title="bbox 116 3637 1211 3706; baseline 0 -16"><span class='ocrx_word' id='word_1_400' title='bbox 116 3643 202 3704; x_wconf 77' lang='lat' dir='ltr'><strong>itque</strong></span> <span class='ocrx_word' id='word_1_401' title='bbox 219 3641 330 3692; x_wconf 89' lang='lat' dir='ltr'><strong>omnino</strong></span> <span class='ocrx_word' id='word_1_402' title='bbox 347 3641 391 3692; x_wconf 88' lang='lat' dir='ltr'><strong>vel</strong></span> <span class='ocrx_word' id='word_1_403' title='bbox 410 3642 522 3706; x_wconf 89' lang='lat' dir='ltr'><strong>propter</strong></span> <span class='ocrx_word' id='word_1_404' title='bbox 539 3641 646 3692; x_wconf 85' lang='lat' dir='ltr'><strong>tonstri-</strong></span> <span class='ocrx_word' id='word_1_405' title='bbox 682 3642 755 3692; x_wconf 90' lang='lat' dir='ltr'><strong>sorte</strong></span> <span class='ocrx_word' id='word_1_406' title='bbox 764 3641 881 3690; x_wconf 84' lang='lat' dir='ltr'><strong>contenti</strong></span> <span class='ocrx_word' id='word_1_407' title='bbox 889 3637 977 3690; x_wconf 81' lang='lat' dir='ltr'><strong>voltus</strong></span> <span class='ocrx_word' id='word_1_408' title='bbox 988 3637 1149 3702; x_wconf 87' lang='lat' dir='ltr'><strong>habitusque</strong></span> <span class='ocrx_word' id='word_1_409' title='bbox 1161 3653 1211 3690; x_wconf 82' lang='grc'><strong>44·</strong></span> 
     </span>
     <span class='ocr_line' id='line_1_42' title="bbox 115 3713 1210 3780; baseline 0.001 -15"><span class='ocrx_word' id='word_1_410' title='bbox 115 3729 166 3766; x_wconf 85' lang='lat' dir='ltr'><strong>nae</strong></span> <span class='ocrx_word' id='word_1_411' title='bbox 183 3717 365 3776; x_wconf 88' lang='lat' dir='ltr'><strong>mentionem,</strong></span> <span class='ocrx_word' id='word_1_412' title='bbox 384 3729 437 3779; x_wconf 87' lang='lat' dir='ltr'><strong>qua</strong></span> <span class='ocrx_word' id='word_1_413' title='bbox 455 3715 596 3767; x_wconf 88' lang='lat' dir='ltr'><strong>manilesto</strong></span> <span class='ocrx_word' id='word_1_414' title='bbox 607 3717 645 3766; x_wconf 86' lang='lat' dir='ltr'><strong>sl·</strong></span> <span class='ocrx_word' id='word_1_415' title='bbox 682 3715 746 3765; x_wconf 87' lang='lat' dir='ltr'><strong>citat</strong></span> <span class='ocrx_word' id='word_1_416' title='bbox 755 3713 914 3779; x_wconf 88' lang='lat' dir='ltr'><strong>Philippum,</strong></span> <span class='ocrx_word' id='word_1_417' title='bbox 926 3717 957 3765; x_wconf 92' lang='grc'><strong>44</strong></span> <span class='ocrx_word' id='word_1_418' title='bbox 964 3715 1054 3765; x_wconf 91' lang='lat' dir='ltr'><strong>iocum</strong></span> <span class='ocrx_word' id='word_1_419' title='bbox 1062 3713 1113 3765; x_wconf 88' lang='grc'><strong>4444</strong></span> <span class='ocrx_word' id='word_1_420' title='bbox 1122 3718 1210 3780; x_wconf 83' lang='lat' dir='ltr'><strong>paret,</strong></span> 
     </span>
     <span class='ocr_line' id='line_1_43' title="bbox 115 3788 1211 3855; baseline 0.001 -15"><span class='ocrx_word' id='word_1_421' title='bbox 115 3789 221 3852; x_wconf 72' lang='lat' dir='ltr'><strong>guidem</strong></span> <span class='ocrx_word' id='word_1_422' title='bbox 245 3791 327 3855; x_wconf 79' lang='lat' dir='ltr'><strong>poeta</strong></span> <span class='ocrx_word' id='word_1_423' title='bbox 352 3791 458 3841; x_wconf 84' lang='lat' dir='ltr'><strong>lienam</strong></span> <span class='ocrx_word' id='word_1_424' title='bbox 481 3788 560 3853; x_wconf 86' lang='lat' dir='ltr'><strong>paulo</strong></span> <span class='ocrx_word' id='word_1_425' title='bbox 582 3791 644 3840; x_wconf 87' lang='lat' dir='ltr'><strong>anta</strong></span> <span class='ocrx_word' id='word_1_426' title='bbox 681 3803 736 3841; x_wconf 90' lang='lat' dir='ltr'><strong>non</strong></span> <span class='ocrx_word' id='word_1_427' title='bbox 751 3791 863 3854; x_wconf 88' lang='lat' dir='ltr'><strong>propter</strong></span> <span class='ocrx_word' id='word_1_428' title='bbox 879 3791 971 3841; x_wconf 89' lang='lat' dir='ltr'><strong>nescio</strong></span> <span class='ocrx_word' id='word_1_429' title='bbox 987 3802 1069 3854; x_wconf 90' lang='lat' dir='ltr'><strong>quam</strong></span> <span class='ocrx_word' id='word_1_430' title='bbox 1082 3790 1211 3842; x_wconf 87' lang='lat' dir='ltr'><strong>invidiam</strong></span> 
     </span>
     <span class='ocr_line' id='line_1_44' title="bbox 115 3862 1211 3929; baseline 0.003 -15"><span class='ocrx_word' id='word_1_431' title='bbox 115 3876 145 3914; x_wconf 88' lang='grc'><strong>44</strong></span> <span class='ocrx_word' id='word_1_432' title='bbox 168 3863 320 3916; x_wconf 86' lang='lat' dir='ltr'><strong>radendum</strong></span> <span class='ocrx_word' id='word_1_433' title='bbox 342 3878 466 3926; x_wconf 85' lang='lat' dir='ltr'><strong>curasse,</strong></span> <span class='ocrx_word' id='word_1_434' title='bbox 493 3866 542 3916; x_wconf 88' lang='lat' dir='ltr'><strong>iata</strong></span> <span class='ocrx_word' id='word_1_435' title='bbox 559 3862 644 3929; x_wconf 82' lang='lat' dir='ltr'><strong>expli·</strong></span> <span class='ocrx_word' id='word_1_436' title='bbox 681 3867 728 3915; x_wconf 89' lang='lat' dir='ltr'><strong>aut</strong></span> <span class='ocrx_word' id='word_1_437' title='bbox 749 3862 891 3926; x_wconf 87' lang='lat' dir='ltr'><strong>malitiam,</strong></span> <span class='ocrx_word' id='word_1_438' title='bbox 918 3865 994 3916; x_wconf 88' lang='lat' dir='ltr'><strong>cuius</strong></span> <span class='ocrx_word' id='word_1_439' title='bbox 1018 3877 1082 3915; x_wconf 88' lang='lat' dir='ltr'><strong>eum</strong></span> <span class='ocrx_word' id='word_1_440' title='bbox 1097 3865 1211 3917; x_wconf 88' lang='lat' dir='ltr'><strong>insimu-</strong></span> 
     </span>
     <span class='ocr_line' id='line_1_45' title="bbox 116 3938 1211 4004; baseline 0.004 -18"><span class='ocrx_word' id='word_1_441' title='bbox 116 3938 185 3989; x_wconf 86' lang='lat' dir='ltr'><strong>catio</strong></span> <span class='ocrx_word' id='word_1_442' title='bbox 209 3939 354 3991; x_wconf 84' lang='lat' dir='ltr'><strong>reiicieuda</strong></span> <span class='ocrx_word' id='word_1_443' title='bbox 380 3941 429 3992; x_wconf 88' lang='grc'><strong>444.</strong></span> <span class='ocrx_word' id='word_1_444' title='bbox 467 3941 644 4004; x_wconf 83' lang='lat' dir='ltr'><strong>Nequaquam</strong></span> <span class='ocrx_word' id='word_1_445' title='bbox 681 3938 737 3990; x_wconf 89' lang='lat' dir='ltr'><strong>lant</strong></span> <span class='ocrx_word' id='word_1_446' title='bbox 753 3940 917 4003; x_wconf 85' lang='lat' dir='ltr'><strong>interpretes</strong></span> <span class='ocrx_word' id='word_1_447' title='bbox 934 3938 1067 4000; x_wconf 89' lang='grc'><strong>44444444,</strong></span> <span class='ocrx_word' id='word_1_448' title='bbox 1085 3938 1211 4004; x_wconf 86' lang='lat' dir='ltr'><strong>eadpro-</strong></span> 
     </span>
     <span class='ocr_line' id='line_1_46' title="bbox 116 4005 1211 4084; baseline 0.002 -22"><span class='ocrx_word' id='word_1_449' title='bbox 116 4014 206 4064; x_wconf 79' lang='lat' dir='ltr'><strong>antem</strong></span> <span class='ocrx_word' id='word_1_450' title='bbox 223 4013 346 4064; x_wconf 79' lang='grc'><strong>4444444444</strong></span> <span class='ocrx_word' id='word_1_451' title='bbox 366 4012 497 4078; x_wconf 76' lang='lat' dir='ltr'><strong>significat</strong></span> <span class='ocrx_word' id='word_1_452' title='bbox 514 4013 646 4064; x_wconf 74' lang='grc'><strong>«4444444-</strong></span> <span class='ocrx_word' id='word_1_453' title='bbox 681 4015 742 4079; x_wconf 87' lang='lat' dir='ltr'><strong>pter</strong></span> <span class='ocrx_word' id='word_1_454' title='bbox 764 4026 870 4064; x_wconf 87' lang='lat' dir='ltr'><strong>meram</strong></span> <span class='ocrx_word' id='word_1_455' title='bbox 887 4005 1082 4084; x_wconf 70' lang='lat' dir='ltr'><strong>edrpanrltav.</strong></span> <span class='ocrx_word' id='word_1_456' title='bbox 1106 4040 1134 4052; x_wconf 91' lang='lat'>-</span> <span class='ocrx_word' id='word_1_457' title='bbox 1159 4027 1211 4064; x_wconf 77' lang='lat' dir='ltr'><strong>noe</strong></span> 
     </span>
     <span class='ocr_line' id='line_1_47' title="bbox 116 4079 1211 4152; baseline -0.001 -16"><span class='ocrx_word' id='word_1_458' title='bbox 116 4098 210 4146; x_wconf 65' lang='grc'><strong>444,»</strong></span> <span class='ocrx_word' id='word_1_459' title='bbox 233 4087 321 4140; x_wconf 88' lang='lat' dir='ltr'><strong>minus</strong></span> <span class='ocrx_word' id='word_1_460' title='bbox 343 4088 423 4138; x_wconf 90' lang='lat' dir='ltr'><strong>etiam</strong></span> <span class='ocrx_word' id='word_1_461' title='bbox 446 4085 585 4152; x_wconf 72' lang='lat' dir='ltr'><strong>apolitana,</strong></span> <span class='ocrx_word' id='word_1_462' title='bbox 609 4089 644 4140; x_wconf 92' lang='lat' dir='ltr'><strong>ad</strong></span> <span class='ocrx_word' id='word_1_463' title='bbox 681 4087 759 4152; x_wconf 86' lang='grc'><strong>44444]</strong></span> <span class='ocrx_word' id='word_1_464' title='bbox 785 4079 820 4137; x_wconf 77' lang='grc' dir='ltr'><strong>οὐ</strong></span> <span class='ocrx_word' id='word_1_465' title='bbox 844 4085 967 4151; x_wconf 80' lang='grc' dir='ltr'><strong>σκαιῶς,</strong></span> <span class='ocrx_word' id='word_1_466' title='bbox 993 4088 1061 4140; x_wconf 76' lang='lat' dir='ltr'><strong>«eod</strong></span> <span class='ocrx_word' id='word_1_467' title='bbox 1078 4087 1211 4138; x_wconf 77' lang='lat' dir='ltr'><strong>dexterri-</strong></span> 
     </span>
     <span class='ocr_line' id='line_1_48' title="bbox 116 4162 1211 4227; baseline 0.002 -19"><span class='ocrx_word' id='word_1_468' title='bbox 116 4171 233 4222; x_wconf 70' lang='lat' dir='ltr'><strong>unguem</strong></span> <span class='ocrx_word' id='word_1_469' title='bbox 250 4162 379 4224; x_wconf 66' lang='lat' dir='ltr'><strong>iactum»</strong></span> <span class='ocrx_word' id='word_1_470' title='bbox 402 4165 431 4212; x_wconf 91' lang='lat' dir='ltr'><strong>ut</strong></span> <span class='ocrx_word' id='word_1_471' title='bbox 449 4163 572 4227; x_wconf 89' lang='lat' dir='ltr'><strong>opinatur</strong></span> <span class='ocrx_word' id='word_1_472' title='bbox 590 4164 645 4214; x_wconf 87' lang='lat' dir='ltr'><strong>liu·</strong></span> <span class='ocrx_word' id='word_1_473' title='bbox 682 4177 764 4224; x_wconf 73' lang='grc'><strong>444,»</strong></span> <span class='ocrx_word' id='word_1_474' title='bbox 781 4164 1032 4214; x_wconf 82' lang='lat' dir='ltr'><strong>docteetcordoteet</strong></span> <span class='ocrx_word' id='word_1_475' title='bbox 1044 4168 1113 4222; x_wconf 82' lang='lat' dir='ltr'><strong>eote,</strong></span> <span class='ocrx_word' id='word_1_476' title='bbox 1132 4162 1211 4211; x_wconf 86' lang='lat' dir='ltr'><strong>nteit</strong></span> 
     </span>
     <span class='ocr_line' id='line_1_49' title="bbox 117 4233 1212 4302; baseline 0.003 -18"><span class='ocrx_word' id='word_1_477' title='bbox 117 4233 197 4285; x_wconf 79' lang='grc'><strong>44444.</strong></span> <span class='ocrx_word' id='word_1_478' title='bbox 218 4263 245 4272; x_wconf 98' lang='grc'>-</span> <span class='ocrx_word' id='word_1_479' title='bbox 264 4237 356 4300; x_wconf 73' lang='lat' dir='ltr'><strong>comm]</strong></span> <span class='ocrx_word' id='word_1_480' title='bbox 375 4237 518 4302; x_wconf 73' lang='lat' dir='ltr'><strong>Finfletibi</strong></span> <span class='ocrx_word' id='word_1_481' title='bbox 537 4239 645 4288; x_wconf 82' lang='lat' dir='ltr'><strong>tonstri-</strong></span> <span class='ocrx_word' id='word_1_482' title='bbox 681 4237 790 4290; x_wconf 85' lang='lat' dir='ltr'><strong>Plautus</strong></span> <span class='ocrx_word' id='word_1_483' title='bbox 807 4240 888 4289; x_wconf 84' lang='lat' dir='ltr'><strong>Poen.</strong></span> <span class='ocrx_word' id='word_1_484' title='bbox 909 4240 936 4300; x_wconf 92' lang='grc'><strong>4,</strong></span> <span class='ocrx_word' id='word_1_485' title='bbox 955 4240 986 4299; x_wconf 91' lang='grc'><strong>4,</strong></span> <span class='ocrx_word' id='word_1_486' title='bbox 1005 4238 1030 4296; x_wconf 81' lang='grc'><strong>8.</strong></span> <span class='ocrx_word' id='word_1_487' title='bbox 1055 4237 1122 4289; x_wconf 72' lang='lat' dir='ltr'><strong>adv.</strong></span> <span class='ocrx_word' id='word_1_488' title='bbox 1141 4236 1212 4287; x_wconf 82' lang='lat' dir='ltr'><strong>leave</strong></span> 
     </span>
    </p>
   </div>
   <div class='ocr_carea' id='block_1_6' title="bbox 0 0 1468 4892">
    <p class='ocr_par' dir='ltr' id='par_1_6' title="bbox 0 0 1468 4892">
     <span class='ocr_line' id='line_1_50' title="bbox 0 0 1468 4892; baseline 0 0"><span class='ocrx_word' id='word_1_489' title='bbox 0 0 1468 4892; x_wconf 95' lang='lat' dir='ltr'><strong> </strong></span> 
     </span>
    </p>
   </div>
  </div>
 </body>
</html>
