2925 4892
757 372 886 422 Hostili

435 532 465 581 Ia
479 531 561 582 uerbis
576 531 653 581 Μ
669 531 749 580 masia
765 533 904 591 camurae
919 529 1041 590 serendis,

438 615 490 664 Hoc
506 619 587 675 meet,
605 615 650 662 boc
666 618 770 676 aportat
784 613 902 675 promissi
919 613 1040 662 commeta
1056 617 1154 662 auctor.

438 698 545 748 cicero
560 698 661 761 egregie
677 699 729 747 cet.

275 794 392 845 sumque
408 779 485 832 multi
502 780 586 831 secuti
604 782 679 840 suni,
699 781 739 830 sic
757 778 948 844 explicantem:
969 779 1044 830 «lloc
1062 779 1195 844 (verbum)
1210 778 1375 843 utprobnm

274 866 399 930 recipiat,
418 863 482 914 illud
498 866 528 914 ut
543 858 637 913 κακοῦ
649 856 803 928 κόμματος
819 862 944 928 repudiet
960 865 1041 927 atque
1058 861 1191 913 obiiciat.»
1214 862 1268 912 Sed
1279 865 1376 912 mm&

274 951 361 1000 rariae
385 950 450 1000 suut
473 959 569 998 omnes
594 947 748 998 huiusmodi
771 947 991 1011 transpositiones
1012 948 1036 996 in
1062 947 1206 1009 scriptore,
1232 947 1313 996 cuius
1333 949 1375 995 toi

274 1038 384 1096 umque
402 1032 503 1095 antiqui
521 1033 627 1080 exstant
642 1029 750 1081 codices
762 1031 800 1093 int
812 1028 869 1090 illa,
888 1042 971 1092 quam
982 1030 1106 1093 proponit
1117 1031 1234 1092 Wagner
1245 1029 1281 1078 ad
1292 1029 1373 1091 virg.

274 1118 340 1170 len.
361 1115 392 1176 3,
415 1115 495 1176 isai,
525 1117 552 1164 et
573 1127 616 1164 vv.
634 1115 664 1164 is
679 1113 930 1174 earnm-verton,
955 1125 1036 1176 quam
1054 1113 1130 1176 quasi
1150 1107 1309 1182 ἀναφορὰν
1328 1111 1375 1163 ille

274 1201 373 1250 acriter
390 1198 579 1263 reprehendit,
597 1196 693 1248 similia
709 1200 772 1248 sunt
788 1195 893 1246 illorum
910 1209 953 1245 vv.
968 1196 1009 1247 li.
1023 1197 1063 1246 ts.
1082 1197 1152 1246 ordo.
1171 1195 1281 1246 &diam

339 1283 454 1345 Dignus,
480 1282 526 1344 qui
551 1280 586 1330 de
610 1281 665 1332 lroc
690 1279 749 1331 loco
775 1279 890 1344 legatur,
918 1281 959 1330 est
977 1279 1155 1332 llitscherlicli
1173 1280 1199 1330 in
1216 1280 1374 1331 llacematt.

274 1367 373 1416 venus.
393 1364 447 1414 iili.
465 1376 492 1428 p.
511 1364 526 1414 6
542 1377 620 1427 seqq.
658 1365 695 1414 lix
713 1363 792 1427 longa
809 1365 867 1414 eius
884 1364 1100 1428 interpretatione
1117 1363 1185 1414 haec
1201 1363 1300 1414 saltem
1322 1377 1377 1414 ex·

274 1460 401 1512 carpam:
422 1447 585 1507 «Quaerenti
600 1445 734 1508 bonitale,
754 1448 890 1510 quasiste
908 1447 972 1508 sint,
991 1459 1060 1510 quae
1078 1459 1184 1505 amare.
1203 1459 1274 1510 quae
1286 1461 1377 1511 sper-

274 1545 340 1582 nere
356 1529 456 1581 debeat
472 1533 578 1588 auctor,
599 1531 625 1579 in
643 1533 769 1594 promptu
786 1533 828 1582 est
844 1530 1026 1594 respondere;
1052 1530 1104 1580 boc
1126 1530 1272 1580 diiudicaiu
1290 1530 1376 1582 iacil-

274 1614 367 1666 limum
385 1615 435 1664 erit
451 1616 491 1674 ei,
510 1615 551 1663 cai
568 1613 633 1663 tecto
645 1618 761 1675 potenter
777 1615 824 1663 erit
840 1627 894 1672 rem
914 1627 976 1664 nam
987 1613 1022 1664 de
1034 1615 1086 1664 hoc
1097 1612 1212 1677 loquitur
1223 1615 1375 1669 Horatius:

274 1712 326 1750 nec
343 1697 419 1750 laciie
436 1701 578 1761 exspectes
596 1697 736 1760 speciatim
754 1711 785 1746 ea
798 1711 812 1746 e
824 1700 904 1762 po'eta
916 1697 1019 1756 afferri,
1040 1710 1109 1760 quae
1123 1710 1173 1762 pro
1184 1698 1259 1746 vario
1271 1709 1375 1749 rerum

274 1781 474 1834 uacundarum
490 1793 591 1844 genere
607 1780 791 1832 diversissima
809 1782 885 1840 suni;
904 1783 941 1830 uti
954 1782 1092 1831 necantes
1106 1780 1209 1838 docuit,
1227 1793 1375 1842 quaenam

274 1867 327 1916 iam
345 1879 417 1916 nunc
434 1865 487 1916 dici
504 1877 628 1928 quaeque
646 1863 752 1922 dilierri
764 1862 890 1914 debeant.
916 1863 963 1914 Vel
982 1866 1020 1914 sic
1039 1867 1128 1914 meren
1140 1862 1212 1913 dictu
1223 1863 1300 1914 iacile
1316 1869 1374 1924 est,

275 1962 345 2013 quae
362 1951 458 2013 poetae
475 1947 591 1998 amanda
608 1949 672 2008 siut,
693 1961 762 2010 quaa
781 1947 943 2012 spernenda3
963 1947 1077 1998 amande
1090 1961 1122 1997 ea
1139 1947 1274 2006 nimirum,
1293 1961 1374 2010 quae

276 2031 399 2083 ordinem
416 2032 541 2082 carminis
558 2031 696 2092 adurent,
723 2033 754 2080 ut
769 2044 801 2080 ea
826 2031 995 2094 potissimum
1013 2032 1038 2081 in
1056 2030 1125 2081 clara
1143 2029 1202 2081 luce
1219 2033 1373 2094 perranum,

276 2115 426 2175 emineant,
446 2115 472 2164 in
490 2113 588 2177 quibus
605 2113 687 2164 cardo
703 2127 796 2164 rerum
812 2117 935 2166 versetur
947 2115 1006 2176 (uon
1019 2117 1125 2174 autem,
1143 2113 1216 2178 quod
1227 2113 1373 2166 Bentleius

275 2195 395 2256 volebat,
424 2210 493 2260 quae
519 2198 631 2247 tractata
655 2199 788 2248 nitescant
812 2199 868 2248 sive
894 2198 1028 2262 poeticum
1049 2200 1173 2248 ornatum
1195 2197 1371 2258 admittenti:
1457 2247 1458 2254 ,

275 2279 426 2343 spernenda
443 2281 548 2341 autem,
567 2293 637 2343 quae
654 2279 742 2330 obiter
758 2283 863 2332 tantum
880 2281 969 2344 adlegi
987 2279 1118 2342 debeant,
1137 2295 1171 2330 ne
1189 2282 1279 2344 operis
1296 2283 1371 2332 ordo

275 2361 476 2414 conturbetur.»

743 2507 886 2519 ——

588 2632 956 2694 EXCUMUS
990 2638 1047 2694 W.

657 2779 690 2814 sn
707 2769 737 2815 Α.
757 2767 783 2816 Ρ.
804 2779 848 2815 vv.
868 2766 971 2816 63-69.

340 2868 420 2918 «Fuit
445 2867 491 2930 qui
516 2881 541 2916 v.
561 2866 601 2917 ot.
621 2867 655 2916 de
679 2867 792 2918 Ostiensi
817 2869 895 2930 portu
912 2882 927 2918 a
945 2867 1053 2918 Claudio
1071 2867 1181 2920 demum
1199 2870 1321 2934 perlecto
1338 2877 1366 2921 et

273 2963 299 2998 v.
318 2949 358 2999 67.
378 2950 413 2999 de
439 2962 520 3000 cursu
542 2949 644 3000 Tiberis
665 2950 798 3000 llectendo
820 2948 986 3014 intelligeret.
1021 2952 1088 3002 Cum
1112 2955 1184 3004 enim
1206 2953 1364 3004 Plutarchus

274 3031 360 3092 (Caes.
379 3033 430 3093 58.)
448 3032 561 3093 referat,
588 3031 682 3082 lulium
705 3033 849 3083 Caesarem
874 3034 1043 3084 constituisse
1060 3035 1176 3087 Tiberim
1194 3049 1280 3102 prope
1298 3037 1363 3088 inira

273 3113 371 3163 urbem
387 3113 519 3177 prolundo
536 3112 612 3164 alveo
630 3115 790 3178 intercipere
808 3116 887 3167 etad
904 3117 1020 3168 Circeios
1039 3117 1198 3180 deflectere,
1218 3127 1248 3170 ui
1260 3134 1363 3172 merca-

274 3195 377 3247 toribus
400 3197 511 3247 Romam
530 3196 683 3261 pctentibus
707 3200 832 3250 tutiorem
854 3204 881 3249 et
902 3199 1045 3251 faciliorem
1071 3202 1198 3253 redderet
1215 3205 1362 3267 navigatio—
1453 3237 1454 3262 p

274 3292 353 3342 nem,
372 3282 400 3329 et
417 3281 561 3343 Pomptinis
577 3279 720 3345 paludibus
738 3283 877 3334 exsiccatis
894 3296 988 3346 agrum
1005 3284 1093 3336 mullis
1104 3287 1244 3337 hominum
1255 3287 1360 3338 milibus
1453 3335 1454 3354 ἶ

274 3362 417 3415 colendum
433 3363 567 3424 reddere,
586 3364 703 3426 denique
720 3365 808 3416 Ostiae
825 3365 966 3429 aggeribus
984 3369 1009 3416 in
1028 3381 1102 3419 mare
1114 3371 1243 3421 coniectis
1254 3375 1359 3434 portum

275 3448 303 3497 et
319 3448 427 3498 navium
444 3448 587 3498 eudonem
599 3446 734 3497 condere:
753 3448 834 3506 haec,
854 3450 975 3511 inquam,
994 3449 1050 3500 iulii
1062 3453 1183 3503 Caesaris
1197 3453 1303 3504 consilia
1314 3465 1355 3514 eo,

275 3543 329 3593 quo
355 3531 478 3582 llomtius
504 3529 643 3595 epistolam
664 3532 816 3594 scripserit,
843 3535 965 3596 tempore
988 3533 1022 3584 ab
1039 3537 1155 3598 Augusto
1172 3540 1295 3600 suscepta
1310 3538 1357 3585 aui
1452 3575 1453 3608 ἰ

276 3617 430 3677 exspectata
446 3615 498 3665 lroc
515 3614 574 3666 loco
590 3615 687 3678 respici
703 3613 924 3666 verisimillimum
942 3629 1011 3668 esse.
1038 3619 1111 3677 Quae
1128 3618 1274 3684 explicandi
1288 3619 1355 3668 ratio
1452 3615 1453 3620 ’

275 3695 366 3746 verbis
383 3697 498 3758 iniquam
512 3697 640 3761 saepibus,
658 3697 756 3761 quibus
774 3711 869 3749 cursus
880 3699 982 3751 Tiberis
994 3701 1114 3751 mutandi
1125 3715 1207 3752 causa
1218 3703 1353 3760 indicatur,

276 3776 404 3828 refellitur
421 3781 448 3828 et
465 3793 573 3831 omnem
591 3781 625 3830 dc
642 3795 667 3830 v.
682 3782 713 3831 63
725 3794 767 3844 sq,
780 3779 973 3832 dubitationem
985 3783 1083 3847 Virgilii
1099 3784 1174 3835 locus
1186 3787 1280 3836 eximit.
1305 3785 1355 3834 Ge·

267 3864 363 3932 ⁸terum
381 3861 504 3913 lloraiius
521 3863 642 3914 consulto
660 3865 729 3914 inter
746 3864 798 3915 duo
810 3877 892 3928 opera
910 3867 963 3916 iam
980 3866 1098 3930 perlecta
1112 3869 1293 3932 gravissimum
1309 3881 1355 3931 pa·
1451 3853 1452 3888 i

276 3943 369 3994 ludum
386 3946 585 4008 Pomptinamm
602 3947 820 3998 exsiccandamrn
839 3948 978 4000 consilium
995 3950 1100 4000 videtur
1115 3953 1260 4016 posuisse·
1285 3953 1353 4001 Dis-

277 4041 346 4079 resn.
372 4027 497 4090 Tangbm
513 4027 554 4079 bis
570 4029 660 4081 verbis
677 4029 830 4080 doctissima
848 4032 876 4081 L.
890 4031 996 4083 Prelleri
1013 4034 1156 4098 disputatio
1172 4037 1198 4086 in
1215 4031 1354 4085 Schneide-

277 4111 336 4161 wini
353 4109 443 4161 Philoi.
462 4108 520 4160 Vol.
533 4111 564 4160 il.
583 4125 609 4175 p.
626 4111 674 4162 tae
690 4125 762 4176 sqq..
782 4125 863 4177 quem
880 4127 943 4164 cum
961 4115 1082 4178 egregiae
1100 4118 1233 4169 doctrinae
1250 4118 1281 4168 sit
1294 4113 1352 4179 ple-

279 4194 402 4255 nissima,
421 4193 464 4243 bic
482 4195 565 4244 totam
581 4193 774 4246 subiiciendam
793 4199 953 4250 curavimus.
