2925 4892
620 374 750 426 Honesti
767 370 948 424 statuentia

596 640 973 701 EXOUBSU&

667 762 900 815 newa&

305 890 375 939 itero
392 886 503 951 quidem
519 885 569 937 sed
593 884 728 935 interdum
750 886 840 933 tamen
860 896 905 934 me
923 882 1014 933 nescio
1031 884 1168 947 quomodo
1193 885 1266 935 iuvat
1288 884 1335 933 in-

241 974 345 1037 spicere
357 972 496 1022 versiones
508 966 755 1032 Francogallorum,
769 965 909 1026 italorum,
929 966 1120 1030 Hispanorum,
1140 970 1180 1026 ut,
1194 966 1334 1031 quomodo

240 1057 363 1107 homines
381 1054 541 1120 plerumque
559 1053 628 1102 acuti
645 1054 726 1114 atque
740 1048 875 1112 elegantes
892 1049 964 1099 hunc
975 1048 1018 1099 vel
1036 1048 1108 1101 illum
1125 1048 1213 1101 locum
1230 1048 1335 1100 intelle-

241 1140 342 1201 xerint,
361 1151 412 1203 ego
429 1151 538 1202 quoque
556 1135 718 1200 perspiciam
735 1146 824 1195 neque
841 1145 952 1196 semper
969 1133 1038 1183 inter
1048 1146 1157 1184 severos
1169 1132 1227 1183 illos
1238 1135 1334 1183 Grem-

241 1225 356 1275 maticos
371 1234 479 1281 verser,
498 1218 596 1284 quibus
612 1219 705 1281 utique
723 1215 806 1267 multo
823 1215 899 1280 plura
916 1216 1014 1268 debeo.
1147 1194 1158 1216 ’

305 1308 348 1356 Sic
373 1320 399 1356 v.
422 1304 465 1355 ιδ.
487 1303 571 1354 verba
595 1303 700 1353 Felices!
727 1314 795 1351 ιιιιιιι
811 1328 852 1340 --
871 1301 1008 1351 adoleverit
1030 1305 1100 1351 cetos
1121 1298 1239 1350 demissa
1260 1312 1333 1349 voce

240 1390 273 1439 ab
292 1389 399 1439 Horatio
416 1387 586 1451 pronuntiata
602 1386 677 1448 tingi,
705 1383 830 1434 viderunt
855 1384 952 1434 Dacier
968 1385 996 1433 et
1015 1382 1153 1433 Sanadon:
1181 1383 1260 1445 Qu'its
1274 1390 1336 1433 sont

240 1474 369 1523 laurenc!
386 1472 463 1533 dis-je
479 1475 532 1521 tout
548 1470 673 1530 duecte,
693 1469 849 1532 Campenon
868 1470 895 1517 et
910 1468 1028 1530 Despres
1046 1466 1232 1529 transterit:
1252 1465 1337 1527 (le'its

240 1560 295 1606 soei
311 1556 436 1616 ιοιινοιιτ,
453 1555 575 1617 repete-je
591 1558 645 1603 tout
661 1552 721 1602 bosi
740 1553 837 1603 Contra
855 1552 949 1614 Goupy
960 1550 1042 1614 (Paris
1054 1548 1137 1611 itit.)
1155 1551 1207 1599 hoc
1218 1546 1336 1613 supple-

242 1642 363 1690 mentum
381 1638 483 1698 omisit,
502 1638 532 1687 ut
547 1635 684 1695 wieland,
702 1634 864 1696 pallavicini,
883 1632 1016 1696 Gargallo,
1036 1634 1146 1695 Burgos.

305 1723 382 1773 vers.
401 1721 434 1772 ia
451 1734 528 1785 seqq.
559 1720 651 1770 Omnia
669 1720 738 1770 baec
754 1720 887 1770 dioecesos
903 1718 1026 1778 quonwdo
1037 1744 1051 1753 -
1062 1743 1077 1754 ·
1088 1729 1233 1766 commosset
1245 1729 1337 1767 annes

137 1830 142 1837 -
241 1806 342 1857 homini
360 1806 511 1869 importuno
529 1806 604 1854 recte
621 1802 743 1853 tribuunt
763 1803 870 1864 Dacier,
889 1800 1028 1861 senadon,
1048 1800 1203 1863 Campenon
1221 1802 1247 1849 et
1264 1800 1337 1851 Des-

241 1892 317 1954 pres,
336 1890 401 1938 item
418 1890 521 1951 Goupy.
540 1888 588 1937 Hic
599 1888 649 1936 ita:
669 1884 799 1936 «Μιοὲιιοι
815 1884 965 1946 reprendit,
984 1889 1105 1933 omnment
1121 1887 1189 1932 es-tu
1199 1896 1259 1933 oocc
1270 1882 1337 1933 lei?

240 1972 492 2033 lln'oimepoetout
508 1971 531 2019 le
546 1970 650 2029 monde,
668 1974 692 2019 et
707 1969 727 2017 u
743 1966 825 2017 otton
841 1968 935 2017 roieon
969 1968 1338 2029 Personoeo'tcemieuepue

241 2055 277 2103 lai
294 2056 324 2103 de
340 2066 371 2102 co
384 2053 493 2116 [orum.
529 2054 558 2103 St
574 2058 603 2102 tu
617 2052 716 2101 oonlois
733 2052 914 2113 meprdsmier
930 2052 948 2100 d
964 2052 1013 2113 lui,
1031 2057 1059 2101 tu
1075 2052 1165 2101 aurcis
1180 2064 1211 2101 en
1226 2050 1277 2099 moi
1293 2064 1335 2101 am

241 2137 393 2197 occiliano,
420 2138 464 2198 qui
479 2142 503 2187 te
519 2136 672 2187 soeoedcroit
694 2134 758 2183 dier.
795 2136 847 2197 Qus
863 2136 892 2196 je
906 2148 1006 2196 mesre,
1031 2136 1053 2184 ei
1077 2140 1106 2185 ιιι
1120 2134 1257 2191 o'evincois
1277 2146 1335 2195 poa

242 2224 297 2269 tous
313 2225 348 2270 tes
362 2220 492 2269 mouet·
522 2216 646 2269 Similiter
662 2216 828 2268 Pallavicini:

473 2302 565 2365 Qnindi
580 2301 698 2365 riptplio:
716 2300 790 2351 Corne
807 2306 830 2351 ts
846 2302 872 2351 to
885 2300 955 2363 possi

538 2384 589 2435 Con
604 2384 750 2435 diaconato?
765 2398 801 2434 uo
817 2396 876 2434 uom
892 2384 975 2433 clt'oso
991 2385 1106 2449 mipliorc

537 2468 630 2517 Foccs'o
646 2468 673 2517 di
689 2468 856 2530 motorium
871 2482 922 2517 oon
939 2468 1073 2517 oederossi.

471 2552 605 2602 Prodormi
621 2556 649 2600 tu
665 2551 772 2601 decresci
789 2564 807 2600 o
823 2552 1009 2615 ancirianam

537 2635 561 2684 li
575 2635 640 2697 sodet
655 2634 844 2695 seconduodoti,
862 2638 1003 2685 mosontio

538 2718 641 2782 Ct’opnl
658 2718 725 2767 ultro
741 2717 956 2768 caueanmodol
970 2717 1066 2781 savera

243 2805 287 2854 sic
303 2804 385 2854 etiam
402 2803 555 2866 norges·
575 2802 657 2851 ltecte
674 2800 810 2851 Sanadon:
830 2802 985 2852 eueeoenas
1002 2800 1139 2863 quomodo
1155 2801 1253 2867 tecum]
1270 2802 1335 2855 Tout

241 2900 268 2936 ce
285 2888 329 2949 poi
345 2887 394 2937 suit
409 2886 516 2948 jorpo'd
537 2886 588 2934 isto
606 2897 659 2934 non
676 2886 790 2935 vivimus
807 2884 859 2933 doit
874 2886 927 2933 etro
942 2884 990 2932 mis
1006 2884 1070 2935 daos
1085 2884 1112 2934 lu
1129 2884 1220 2936 ιοιιιιιι
1236 2888 1270 2935 du
1284 2888 1333 2949 sd-

242 2970 330 3019 eieuc.
366 2970 412 3019 los
432 2969 535 3029 persecet
550 2968 594 3027 o’p
610 2972 666 3017 root
686 2980 737 3027 pos
758 2966 816 3017 lites
832 2967 862 3017 da
876 2966 928 3029 sort
948 2964 1023 3028 pree,
1049 2968 1115 3017 mois
1130 2970 1183 3018 cela
1199 2972 1278 3019 mnne
1295 2976 1334 3021 est

241 3056 295 3101 tout
312 3051 394 3114 dicti
409 3051 474 3100 door
489 3050 512 3100 lo
528 3049 658 3100 coroete‘re
674 3050 815 3111 qo’lioruce
830 3063 893 3099 noue
902 3062 920 3099 a
930 3051 1012 3099 donne
1028 3051 1062 3100 du
1075 3064 1247 3116 personnoge,
1266 3064 1332 3103 cum

242 3132 374 3197 quidlibet
389 3131 432 3182 ille
450 3133 593 3183 Garriret.»
628 3134 725 3196 (Herus
743 3134 935 3185 sententiarum
952 3133 995 3183 hic
1011 3136 1064 3195 est,
1083 3134 1156 3198 quod
1173 3148 1236 3186 cnm
1247 3135 1332 3186 homo

242 3218 410 3281 importunus
427 3216 491 3266 satis
507 3214 620 3267 moleste
637 3216 774 3267 Horatium
795 3218 986 3281 interrogasset
1007 3218 1139 3268 Maecenas
1154 3220 1275 3281 pumnodo
1291 3222 1333 3269 to-

241 3313 311 3361 cton,
331 3300 455 3362 quamvis
472 3298 581 3349 minime
598 3300 732 3362 ignoraret
755 3300 898 3363 utrumque
916 3300 1006 3351 intima
1025 3302 1140 3351 amicitia
1157 3303 1332 3353 coniunctum

242 3395 319 3445 esse,
339 3384 403 3448 ipsi,
422 3395 477 3447 quo
493 3382 655 3446 benignum,
682 3382 721 3432 uti
737 3385 839 3446 sperat,
866 3396 1026 3447 responsum
1043 3383 1141 3446 eliciat,
1168 3387 1332 3439 Maecenatis

153 3526 160 3535 g
241 3465 376 3531 duplicem
394 3466 516 3528 laudem,
544 3464 656 3517 alteram
673 3465 783 3529 quidem
804 3478 911 3526 veram,
937 3465 1049 3517 alteram
1065 3469 1129 3518 satis
1152 3469 1270 3533 ineptam
1286 3470 1331 3519 in-

243 3564 336 3601 serere
353 3550 537 3602 necessarium
548 3548 664 3599 videtur.
690 3548 731 3600 Ab
744 3548 785 3598 lais
798 3548 864 3611 inm,
882 3550 913 3599 ut
923 3552 1133 3601 consentaneum
1145 3555 1216 3613 erat,
1236 3554 1333 3603 uansit

244 3634 279 3683 ad
303 3632 344 3694 id,
376 3633 450 3696 quod
476 3644 573 3696 reapse
596 3632 733 3696 cupiebat,
764 3632 793 3681 ut
814 3644 864 3696 per
886 3632 1025 3683 Horatium
1048 3632 1194 3685 Maecenati
1216 3634 1330 3687 traditus

241 3716 360 3780 primum
377 3714 457 3776 alios,
475 3718 571 3780 postea
587 3716 677 3779 ipsum
693 3725 802 3778 quoque
820 3715 1080 3778 commendatorem,
1104 3718 1127 3767 si
1149 3716 1206 3768 deri
1223 3722 1329 3783 posset,

241 3798 352 3849 tandem
375 3798 578 3860 summoveret.)
611 3798 697 3848 «Ceno
713 3797 758 3858 qui
780 3802 822 3849 ont
843 3798 920 3848 oculu
935 3804 1024 3850 mitre
1039 3812 1070 3848 en
1085 3800 1202 3864 dinlow
1217 3814 1256 3852 cos
1271 3802 1331 3865 clep

240 3894 299 3932 oers
312 3882 368 3944 sont
382 3881 492 3931 violam
507 3893 544 3930 ou
558 3892 613 3930 sem
628 3880 755 3931 notaret.»
789 3880 862 3932 iluHi
879 3882 971 3931 eontra
988 3880 1122 3945 dialogum
1138 3896 1198 3934 esse
1211 3886 1332 3937 statuunt

241 3964 327 4015 verba
344 3965 434 4014 umen
450 3964 524 4014 varie
542 3962 747 4025 distribuentes,
766 3962 794 4013 id
811 3964 884 4027 quod
900 3964 989 4028 ipsum
1005 3963 1087 4015 salsae
1104 3966 1331 4030 interpretationis

241 4047 413 4099 manifestum
425 4049 468 4097 est
483 4048 598 4111 siguum.
633 4048 672 4097 lta
682 4047 789 4111 reperio
806 4047 876 4099 banc
889 4046 1093 4112 explicationem
1104 4048 1177 4113 apud
1189 4050 1329 4114 Ccmtum,

242 4132 288 4195 qni
304 4131 401 4180 eadem
421 4142 532 4193 prorsus
547 4131 590 4179 via
607 4132 635 4181 et
654 4131 758 4182 ratione
782 4132 862 4195 atque
886 4144 973 4196 nuper
993 4133 1110 4183 anuer
1126 4145 1191 4185 usus
1208 4132 1331 4186 leviden-

242 4226 301 4265 sem
318 4207 505 4284 παράφρων
529 4212 630 4264 Horatii
655 4212 738 4265 edidit
762 4214 884 4265 Veronae
906 4214 993 4268 toan:
1021 4214 1156 4268 «Subinde
1172 4218 1215 4269 hic
1232 4220 1332 4283 repetit
