2925 4892
530 391 588 442 ua.
607 391 637 442 n.
673 391 771 442 nrisr.
790 394 810 442 r.
1148 390 1210 455 635

126 537 132 546 ’
165 545 246 612 Cum
269 564 438 631 speramus
460 565 501 610 eo
523 565 591 612 rem
615 555 797 622 venturam,
821 556 855 612 ut
876 545 971 612 simul
994 556 1092 633 atque

164 665 313 732 Carmina
335 664 487 732 rescieris
508 687 567 732 nos
589 665 726 754 fingere,
749 666 940 734 oommodus
962 665 1048 733 ultro

164 791 320 854 arcessas
342 795 375 852 et
396 805 495 872 egere
518 798 609 854 vetos
630 797 662 854 et
683 788 828 855 seribere
850 807 957 875 cogas

164 906 230 973 Sed
254 917 359 974 tamen
382 917 432 974 ost
453 925 574 996 operae
596 909 735 996 pretium
756 928 971 996 cognoscere,
994 909 1109 996 quales

163 1027 320 1094 Aedituus
341 1027 459 1096 habeat
478 1027 556 1096 belli
578 1039 721 1116 spectata
744 1029 899 1117 domique
1146 1031 1210 1096 230

163 1149 270 1214 Virtus
292 1149 423 1235 indigno
445 1169 509 1216 nou
532 1149 760 1218 committenda
780 1158 907 1238 posim

165 1269 283 1335 Gratus
304 1267 485 1336 Alexandro
508 1271 575 1357 regi
598 1271 712 1358 llagno
734 1271 794 1338 suit
813 1270 867 1338 ille

124 1467 128 1474 ¹
165 1389 349 1466 Choerilus,
373 1389 499 1456 incultis
521 1391 578 1477 qui
600 1391 750 1458 versibus
771 1400 804 1457 et
825 1391 908 1460 malo
929 1394 1011 1459 natis

188 1599 247 1647 ἥδ.
266 1609 396 1659 sporum
412 1596 471 1648 item
485 1597 541 1659 (ore
555 1602 688 1646 oentman
705 1596 723 1647 b
741 1599 769 1646 et
784 1609 825 1660 pr.
840 1597 871 1646 (l.
890 1621 917 1632 -
935 1597 994 1648 ἥδ.
1012 1597 1176 1648 Aooerrde

153 1671 405 1796 &hisingeffilgffiisdii
427 1695 453 1708 ·-
473 1671 530 1722 230.
550 1671 610 1722 bello
627 1672 644 1722 S
661 1673 689 1722 ei
705 1671 807 1736 primus
824 1671 960 1722 Sohmldii.
981 1695 1008 1708 -
1027 1671 1084 1721 233.
1104 1673 1178 1723 etos

120 1935 165 1993 56,
184 1933 241 1982 ⁴20.
260 1931 306 1992 58,
323 1931 380 1982 ⁴23.
400 1957 427 1968 —
444 1945 495 1984 noa
512 1934 647 1995 apparere]
685 1931 971 1994 des.uaqueunqnam
982 1932 1081 1982 eumin
1092 1932 1210 1984 hooiore

121 2019 194 2057 enon
213 2007 261 2065 ito,
288 2007 317 2056 ut
333 2005 478 2066 deberent,
506 2009 532 2057 ln
556 2006 647 2058 oculos
684 2003 825 2056 Alexandri
840 2007 873 2057 it.
890 2004 1017 2066 similem,
1035 2007 1080 2068 qui
1098 2007 1210 2057 Choeri-

120 2083 253 2144 cuiusque
274 2081 410 2131 incurrere
431 2084 458 2132 et
484 2084 573 2133 ments
590 2084 647 2133 slve
684 2079 755 2141 lum,
773 2078 874 2130 malum
891 2083 1010 2143 politam¹
1029 2082 1103 2142 regie
1117 2093 1211 2130 remu·

120 2155 250 2207 auditoris
267 2156 323 2206 sive
340 2154 447 2207 lectoris
461 2157 575 2222 perspici
587 2157 649 2208 rite·
685 2157 794 2206 nomme
804 2155 848 2204 sit.
868 2155 1040 2214 ‹Quocirca›
1054 2155 1148 2218 inquit,
1161 2156 1208 2213 «is,

121 2244 175 2294 qus
192 2229 354 2280 aestimaris
376 2257 401 2266 -
420 2229 527 2293 iabores]
546 2234 575 2281 ut
592 2228 648 2280 itali
685 2230 730 2292 qui
755 2228 807 2280 sibi
823 2229 947 2280 oonsoios
962 2241 1017 2278 oon
1033 2229 1069 2279 sit
1084 2241 1113 2278 ao
1131 2228 1210 2291 digna

118 2304 226 2367 salute,
253 2303 383 2367 imprimis
400 2301 434 2354 de
452 2301 568 2366 diligenti
585 2304 647 2355 lima
685 2305 804 2366 Augusto
816 2303 1164 2366 carminaoompositarum,
1175 2301 1210 2352 ab

120 2380 148 2428 et
165 2376 200 2427 de
225 2377 360 2427 rooondlta
380 2376 511 2438 doctrina,
537 2391 569 2428 ex
586 2376 648 2428 ale-
685 2377 738 2426 hoo
756 2377 864 2440 incepto
879 2389 990 2440 prorsus
1007 2375 1165 2428 abstineto.»
1180 2401 1206 2414 -

121 2451 258 2502 nandrinis
274 2451 360 2514 poeus
371 2451 487 2502 maxime
499 2452 603 2502 hausto.
619 2478 647 2488 -
684 2457 720 2502 ert
731 2465 823 2513 operae
830 2451 949 2514 pretium]
961 2449 1074 2501 formula
1082 2451 1210 2501 Enniana.

121 2527 190 2577 tenui
208 2524 271 2588 oei]
294 2525 429 2588 irequenti
445 2526 559 2588 imagine
577 2539 592 2574 a
608 2524 649 2575 la·
686 2525 725 2575 Cl.
740 2526 794 2575 Sat.
808 2527 874 2586 m,
887 2523 928 2574 37.
946 2525 999 2574 sai.
1013 2525 1039 2583 2,
1051 2523 1077 2584 i,
1090 2525 1131 2574 63.
1149 2527 1212 2573 Per*

122 2600 213 2651 nitioio
234 2598 313 2650 ducta
334 2600 452 2650 earmina
470 2598 599 2662 elegantia
616 2611 649 2650 ao
685 2599 742 2650 sius
753 2599 779 2656 6,
791 2599 820 2648 ii:
839 2599 922 2648 timot
934 2602 1048 2658 portien,
1064 2601 1210 2658 mopere,

122 2675 215 2724 suavia
228 2675 416 2736 comparantur
425 2685 488 2724 oum
499 2675 566 2723 tenui
578 2672 649 2723 illua
685 2673 833 2736 oopwectie,
852 2672 924 2722 οἰνος.
943 2671 993 2720 Cor
1002 2670 1069 2720 iotae
1077 2671 1124 2720 troc
1133 2671 1209 2720 Enni.

122 2745 181 2798 colo
198 2747 314 2804 dedorim
333 2747 414 2796 etiam
426 2745 556 2797 absolute.
576 2748 647 2810 virg.
688 2771 715 2782 -
729 2744 853 2809 maor]
870 2744 960 2794 Virtus
970 2744 1081 2806 Augusti
1094 2744 1136 2794 est
1145 2745 1212 2794 tam·

122 2819 264 2880 iscium:
293 2819 423 2870 martian
439 2822 521 2875 clioere
536 2833 647 2872 carmen.
686 2833 768 2883 quam
796 2818 860 2879 dea,
895 2831 965 2882 quiae
991 2816 1087 2868 aedem
1112 2816 1210 2875 habei;

124 2895 261 2944 tioroiium
273 2893 389 2944 imitatus
401 2896 443 2945 esi
452 2892 596 2944 Columella
607 2894 647 2954 ro,
687 2897 782 2957 poetae
793 2893 885 2956 igitur,
902 2905 964 2942 eum
975 2891 1152 2956 panegyricos
1162 2889 1212 2940 ali-

123 2968 168 3019 to:
190 2967 300 3016 Pimdas
318 2967 386 3016 imai
405 2967 517 3018 manau
536 2967 650 3018 earmina
686 2963 1212 3029 arecarmiuainarrgusuiaademcom·

124 3043 219 3092 Minoa.
244 3039 320 3090 idem
333 3041 378 3101 io,
396 3041 457 3092 227:
481 3042 573 3105 praeiti
589 3053 650 3092 core-
686 3044 803 3108 ponunt,
827 3043 890 3092 sunt
906 3039 974 3092 iliius
989 3039 1058 3091 deae
1075 3041 1152 3104 quasi
1168 3053 1213 3091 oe·

123 3115 347 3166 amtereoarmioo
355 3116 407 3178 flio.
427 3115 502 3166 coni.
516 3115 569 3166 Sat.
582 3117 607 3176 t,
622 3117 648 3178 t,
688 3117 760 3167 uitari.
789 3117 833 3166 sio
850 3116 921 3166 enim
941 3113 1104 3178 templorum
1120 3116 1212 3166 answ-

123 3190 148 3242 i.
158 3190 315 3242 Lachmann
324 3190 358 3240 ad
371 3189 577 3253 Lucret.p.300.
588 3192 651 3240 Pra-
688 3191 754 3250 des,
774 3185 979 3261 ἱεροφύλακας,
1000 3184 1154 3257 νοωκόροι,
1171 3189 1213 3238 vi·

124 3279 155 3314 va
177 3263 258 3314 lectio
280 3275 410 3325 operm
430 3265 489 3314 itam
512 3257 569 3320 sore
588 3275 650 3314 uerr-
688 3265 810 3314 sentibus
831 3265 942 3313 narrani
956 3259 1072 3326 μύθους
1088 3263 1146 3312 eius
1162 3273 1214 3312 un·

123 3345 210 3389 imum
229 3339 286 3388 oria
310 3342 352 3387 est
374 3351 407 3388 ex
429 3338 561 3402 iraquonti
584 3351 651 3388 oon·
689 3339 781 3398 minis,
800 3338 843 3388 oui
861 3337 1023 3394 ministrant,
1042 3337 1214 3398 elquaeoun·

125 3412 227 3464 lusione
245 3411 392 3462 litterarum
408 3413 431 3462 Ε
448 3415 475 3462 et
491 3413 519 3462 F.
536 3439 562 3448 -
581 3425 651 3462 oom-
688 3425 742 3475 que
758 3412 785 3460 iu
803 3410 871 3460 aeda
894 3410 951 3472 ipsa
968 3409 1078 3460 donaria
1095 3411 1124 3458 et
1139 3410 1214 3470 signa

124 3486 222 3550 omaus]
235 3483 334 3536 claellis
345 3499 377 3535 ao
389 3483 518 3545 liberalis,
537 3499 651 3536 sooor·
688 3487 746 3536 vlsu
761 3485 879 3536 maxime
890 3483 970 3545 digna
981 3485 1052 3541 suni,
1064 3483 1215 3532 monstrant

123 3560 289 3619 tommano,
301 3559 461 3622 gefottip.»
480 3558 575 3610 Cl.0d.
586 3558 612 3620 i,
624 3559 649 3620 8,
688 3561 769 3620 atque
780 3556 945 3608 describant.
959 3583 987 3592 -
1003 3556 1138 3618 Cloatius]
1155 3557 1213 3605 Non

124 3637 148 3683 i.
164 3661 192 3671 -
206 3646 278 3697 egere
292 3633 366 3694 oeus]
385 3631 482 3696 «largis
494 3633 651 3684 muneribus
688 3632 807 3692 Samius,
833 3630 884 3682 eod
900 3629 1014 3680 lasensis
1032 3623 1160 3691 (Ἰασεύς,
1178 3628 1213 3680 ab

126 3723 174 3760 nus
191 3708 318 3758 afficias·
346 3707 400 3758 sod
417 3705 526 3758 ridicule
544 3720 652 3771 expres·
688 3707 762 3765 iaso.
787 3705 882 3755 Cariae
898 3703 1020 3766 oppido),
1042 3716 1136 3754 eomes
1152 3703 1214 3754 Aia-

125 3797 199 3834 sum:
225 3783 366 3846 aegestate
384 3793 433 3832 nos
450 3780 562 3841 liberes,
582 3785 652 3832 iam·
688 3779 845 3838 nanduli..
864 3778 899 3828 de
916 3791 971 3840 quo
987 3778 1040 3828 vid.
1058 3781 1088 3828 Α.
1101 3780 1131 3828 Ρ.
1143 3778 1213 3837 soi„

126 3871 207 3920 quam
219 3857 268 3907 tibi
284 3857 333 3921 ipsi
346 3869 403 3907 rem
415 3869 578 3920 magnopere
590 3869 651 3918 gra-
688 3855 734 3904 ubi
756 3853 816 3905 vids
839 3851 1048 3905 Scholiastarum
1065 3853 1214 3902 nomima-

126 3935 181 3981 tam
192 3931 320 3991 tacturos,
333 3931 355 3980 si
368 3931 485 3982 uoniam
498 3943 649 3992 egeamus„
688 3927 763 3978 cuias
779 3927 921 3980 tribulosas.
949 3928 988 3978 Ci.
1001 3929 1091 3978 Naekil
1107 3927 1216 3978 Choeri-

157 4002 301 4055 tao-rai.
328 4005 377 4054 Soa
402 4004 569 4066 tolomaei]
594 4004 649 4053 iam
687 4001 744 4052 lum
761 4001 1077 4065 samiump.496-tiii.,
1095 4001 1138 4051 oui
1154 4001 1215 4064 qui-

127 4078 332 4130 commonoiaoii
356 4076 483 4141 aequales
505 4090 569 4129 suos
592 4080 652 4127 tan-
688 4075 753 4126 dem
770 4077 869 4126 iloratit
885 4076 920 4125 de
937 4073 981 4125 illo
998 4075 1124 4125 iudicium
1136 4075 1216 4124 nimis

127 4153 266 4204 tummodo
283 4165 299 4202 a
315 4152 548 4216 praestantissimis
564 4153 652 4214 po‘alis
688 4163 814 4201 severum
832 4149 919 4200 visum
937 4151 987 4200 est.
1015 4149 1121 4212 inspice
1133 4148 1215 4197 otiam

128 4225 204 4290 digne
223 4225 354 4278 celebrari
370 4239 450 4291 posse
468 4225 578 4288 Augusti
594 4223 652 4276 lau·
689 4222 793 4278 llutzeil
810 4223 845 4276 ad
862 4223 983 4274 curtium
1000 4223 1028 4284 ⁸,
1045 4223 1086 4272 ti.
1111 4233 1138 4285 p.
1156 4221 1214 4270 iot.
