2925 4892
545 312 641 363 unt.
677 312 806 363 snrnn.
1177 313 1219 377 55

133 472 194 536 ilat
215 468 345 535 tacitum
368 464 512 555 impellat
533 466 647 555 quovis
669 486 821 534 sermone
842 466 1014 535 molestus:
1177 472 1218 537 65

133 590 289 654 Communi
309 608 402 653 sensu
419 584 517 674 plone
537 598 638 664 caret,
663 588 836 675 inquimus.
880 588 986 662 Eheu,

131 713 231 791 Quem
254 719 378 776 temere
401 709 433 773 in
455 717 583 775 nosmet
602 706 708 795 legem
730 708 893 775 sancimus
916 709 1075 797 iniquam!

131 833 206 897 Nam
228 830 315 895 vitiis
337 849 434 896 nemo
456 829 527 895 sine
549 829 707 909 nescitum
732 829 874 916 optimus
895 828 948 896 ille
972 842 1037 907 est,

130 950 188 1031 Qui
214 950 359 1016 minimis
380 958 522 1037 urgetur.
566 948 696 1017 Amicus
718 948 838 1029 dulcis,
861 960 898 1016 ut
918 970 1060 1038 aequum
1082 962 1146 1029 est,

131 1073 207 1139 Cum
229 1091 307 1138 mea
329 1081 520 1158 compenset
539 1070 625 1137 vitiis
646 1068 749 1151 bona3
771 1070 920 1159 pluribus
941 1070 1046 1149 hisce,
1174 1074 1216 1139 70

191 1214 232 1264 ott.
244 1210 367 1275 mutat]
376 1210 529 1275 oppallotLt,
540 1210 662 1275 appellem
671 1212 700 1273 C,
711 1212 831 1275 irripediot
840 1210 976 1265 Bentleius
985 1215 1054 1265 ooai.
1064 1216 1187 1277 -paoeir

158 1301 285 1339 sermone:
299 1287 460 1337 illotarius!-
475 1285 613 1337 Kirchner.
626 1314 653 1323 -
665 1286 705 1336 66.
715 1286 770 1337 ileu
783 1288 831 1338 lert
844 1288 878 1352 (pl
896 1288 923 1339 Ρ.
936 1315 963 1324 -
974 1288 1016 1340 tii.
1029 1289 1100 1339 nobit
1111 1302 1139 1354 p.
1156 1316 1184 1327 -

157 1362 197 1413 lt).
211 1363 276 1413 cunt
287 1360 395 1412 BbScd:
416 1360 499 1422 ΘΜ
510 1360 543 1411 Μ.
559 1386 586 1397 -
598 1364 741 1423 contpeoeot
751 1358 892 1411 Seuadono
903 1364 1013 1413 auctore
1024 1364 1149 1429 Doering.

128 1484 176 1533 tius
192 1482 293 1533 dicitur
311 1480 523 1546 «interpellare»
544 1508 571 1517 -
590 1494 655 1544 qoo-
692 1494 755 1533 cum
762 1483 954 1547 porphyrione:
970 1484 1216 1550 eammdtlmelsl

126 1559 162 1605 nir
184 1554 310 1618 numne]
335 1556 437 1619 «primo
461 1566 569 1618 quoque
595 1566 655 1605 eer—
691 1557 823 1607 molano
834 1564 995 1619 comeum..
1014 1558 1076 1611 cion
1087 1562 1218 1623 igiturest

128 1644 213 1693 mone,
239 1630 287 1695 qui
314 1631 466 1694 importuno
488 1630 516 1679 ln
539 1628 653 1679 buccam
692 1630 866 1695 praepositio,
879 1645 932 1682 non
945 1632 1106 1695 coniunctio,
1119 1632 1217 1684 uteliis

126 1708 221 1756 seuit.»
249 1730 278 1741 -
304 1706 335 1755 V.
353 1706 469 1755 natoue
494 1704 565 1754 iunxi
590 1716 652 1754 eum
690 1702 781 1767 placet
790 1704 1220 1756 construentibus:dmicordttlcie

126 1778 367 1843 praecedentibus:
399 1778 540 1842 redeoque
568 1776 654 1827 mole·
691 1790 764 1839 cum,
782 1783 811 1827 ot
826 1791 935 1840 ceqomn
946 1784 995 1840 est,
1014 1784 1219 1842 conrpmretnm

126 1856 180 1905 stus
200 1852 275 1903 fiat.»
313 1851 362 1903 niti
379 1852 413 1903 ab
431 1853 482 1902 heo
499 1864 565 1903 voce
580 1851 653 1901 dire-
691 1851 757 1901 bono
772 1852 853 1909 sitim
872 1864 925 1915 qua
942 1851 1053 1916 quidem
1070 1854 1096 1903 ln
1116 1854 1219 1906 ratione

125 1930 194 1977 dam
234 1928 387 1977 oraticnem
425 1927 568 1991 incipiunt:
603 1938 655 1975 ter·
691 1930 776 1976 vmt
789 1930 944 1987 cocomati
958 1925 1079 1977 euolooo
1089 1926 1217 1979 collocata

124 2016 207 2051 none:
222 2002 360 2051 «Molem
372 2000 438 2063 (est),
451 2001 578 2051 conmuni
589 2001 652 2060 cet..
691 2013 744 2051 non
756 2002 827 2051 eant.
845 2000 972 2064 speciose
983 2000 1094 2064 quidem
1105 2003 1219 2052 llttnua·

124 2079 152 2125 ut
178 2076 251 2126 haec
282 2076 415 2125 sententia
447 2076 494 2125 sit:
525 2075 566 2124 «Si
594 2074 654 2137 quis
691 2087 737 2126 rue
760 2074 889 2136 «Quidni,
913 2075 1012 2138 inquit,
1037 2076 1060 2126 ei
1077 2077 1218 2141 praepost-

123 2149 201 2212 paulo
218 2148 369 2213 simplicior
379 2151 433 2209 est,
452 2151 496 2209 ut,
515 2159 577 2198 cum
590 2146 654 2211 quid
692 2148 762 2199 tione
779 2149 818 2198 uti
833 2147 954 2208 volebat,
976 2149 1096 2200 muliere
1113 2151 1217 2214 potule-

123 2224 233 2286 habeat,
254 2223 329 2287 quod
346 2223 425 2273 amici
437 2224 568 2273 interesse
579 2223 655 2288 putet
690 2224 746 2273 set:
773 2222 835 2273 &aa
853 2223 998 2273 citiootco
1013 2229 1153 2285 mmpeneet
1171 2224 1217 2274 bo-

124 2300 232 2359 aadire,
253 2298 340 2349 laetus
352 2300 475 2347 accurrat
492 2308 555 2347 cum
565 2308 653 2359 eoquo
690 2298 761 2347 noni
785 2298 818 2348 nt
843 2299 921 2361 poeta
948 2298 1081 2347 artisslm
1105 2299 1216 2361 langere

125 2374 203 2423 etiam
220 2374 315 2423 minus
326 2370 469 2421 commodo
489 2373 610 2434 tompore
623 2366 655 2419 il·
690 2368 797 2421 volebat
813 2372 937 2422 vitiorum
949 2370 1121 2423 othonorum
1132 2373 1217 2422 notio·

125 2446 167 2497 lud
191 2446 391 2505 communicet,
417 2442 560 2495 molestum
582 2444 654 2493 hunc
691 2458 748 2495 nes.
762 2447 904 2495 Praeterea
912 2439 1070 2496 ἀσύνδετον
1082 2447 1127 2497 hic
1137 2444 1216 2509 longe

125 2522 240 2572 didmus
258 2521 385 2583 vitaeque
405 2518 555 2569 communis
574 2517 653 2582 plane
691 2518 849 2570 alacriorem
862 2520 952 2570 reddit
963 2521 1121 2581 orationem,
1133 2532 1216 2583 quem

124 2598 275 2659 ignarum·
297 2622 326 2631 —-
345 2594 476 2645 Commi
491 2592 572 2656 scint]
591 2593 618 2644 h.
635 2590 652 2641 1.
692 2594 806 2657 protasis
833 2606 883 2657 per
909 2594 1125 2644 coniunctionem
1149 2606 1215 2643 cum.

124 2671 197 2720 «eius
215 2667 294 2733 quod
316 2667 410 2726 decet;
437 2666 521 2731 qualis
545 2666 653 2730 quidem
691 2667 802 2718 Accedit
817 2666 891 2730 quod
912 2678 1075 2727 conponere
1090 2678 1145 2715 rom
1159 2678 1218 2716 cren

124 2756 221 2795 seusus
239 2743 363 2793 omnium
380 2742 519 2793 honuaum
536 2754 597 2791 esse
609 2741 655 2790 de-
690 2754 719 2791 ro
741 2740 769 2790 id
793 2738 871 2804 plane
888 2738 1033 2802 siguificat,
1059 2738 1133 2802 quod
1149 2740 1175 2788 h.
1198 2737 1214 2791 l.

125 2818 196 2869 bet·
233 2819 339 2868 Seneca
357 2816 391 2867 de
402 2816 493 2867 Benel.
508 2818 535 2878 l,
553 2816 598 2865 ti:
616 2816 655 2865 Sit
691 2815 853 2879 requirimus
865 2812 1020 2878 «pensando
1032 2825 1216 2877 comparare,-

71 2891 79 2910 “
125 2890 536 2957 hteneptcioeenecrconnnunit:
560 2894 656 2952 tempor
691 2886 1219 2953 dopepenindieWoptciotetepen,do·

124 2968 206 3017 tomen
226 2979 353 3029 personat
369 2966 491 3027 warpei,
517 2964 578 3026 puio
598 2978 655 3014 mo·
691 2976 769 3028 pepon
785 2962 884 3025 tomo,
908 2963 939 3011 ut
956 2963 1010 3013 Cia.
1029 2962 1080 3012 Pis.
1100 2960 1147 3022 3⁰,
1169 2962 1215 3013 tt:

124 3041 214 3091 netto
244 3041 370 3101 praedoni
396 3043 524 3104 protect
551 3040 656 3103 inproto
692 3040 780 3089 Nonne
800 3036 968 3099 eonpmoott
988 3050 1046 3087 cum
1067 3038 1218 3087 moeret·

125 3120 190 3165 rut.
227 3117 251 3165 Α
269 3116 377 3165 Graecis
399 3114 512 3165 mutuati
534 3126 594 3165 esse
613 3113 656 3162 vi·
691 3112 748 3162 colo
766 3113 828 3175 (quo
850 3112 970 3162 oileneus
993 3124 1054 3161 esse
1073 3110 1219 3175 putabatur

125 3190 327 3241 centuriatim.
337 3188 509 3239 Philodemus
518 3186 582 3257 περὶ
594 3198 656 3237 ποι,
692 3187 844 3250 Pompeius)
861 3185 1103 3236 totmeaoolmntoo
1113 3186 1218 3236 laudun

127 3258 249 3331 ημάτων
265 3276 294 3327 p.
314 3263 357 3323 ll,
376 3263 416 3313 l9.
435 3261 535 3313 ouon:
554 3256 607 3325 τὴν
624 3258 655 3311 δὲ
691 3258 817 3310 saonen?
833 3260 1104 3322 contracontpenm
1119 3272 1174 3309 rern
1189 3272 1218 3309 rc

126 3336 260 3389 ermom
276 3364 293 3375 -
308 3364 325 3375 -
341 3334 593 3407 παρεκβεβηκυϊαν
603 3331 655 3385 τὸν
691 3335 781 3399 potius
799 3334 841 3384 est
858 3332 1047 3397 «adpeneaudo
1063 3344 1215 3397 reparare»,

126 3410 228 3465 κοινὸν
245 3410 324 3463 νοῦν.
361 3412 414 3463 Clr.
428 3410 533 3462 Ellendt
549 3410 583 3461 ad
599 3410 653 3460 Cic.
692 3409 843 3471 coswitpco,
867 3406 962 3456 wieder
977 3410 1022 3469 put
1038 3404 1156 3464 morico,
1175 3417 1218 3455 cr·

127 3488 227 3539 deor.
251 3488 280 3537 T.
305 3488 336 3537 11.
359 3498 387 3550 p.
410 3485 442 3537 43
462 3498 504 3549 sq.
531 3512 559 3521 -
578 3484 654 3548 Eleu]
691 3488 788 3543 setam,
801 3482 832 3530 ut
843 3480 898 3531 Cic.
911 3477 1115 3540 oratststtcz
1135 3478 1218 3539 spon·

127 3564 201 3613 llnnc
230 3562 391 3625 scriptoram
423 3560 488 3611 satis
521 3558 656 3609 vindicant
692 3558 752 3608 doro
765 3550 1219 3618 paucitatenpedrenprooitctmo

127 3637 220 3701 optimi
249 3636 351 3700 quique
381 3634 482 3696 codd,
512 3634 542 3683 ut
572 3632 654 3684 nostri
692 3637 715 3683 et
732 3632 851 3682 tarditate
867 3631 1017 3691 mmet.
1045 3627 1084 3677 De
1102 3638 1220 3691 praepo-

126 3722 232 3761 omoes.
273 3709 350 3760 lland
376 3710 452 3759 lars,
478 3708 510 3758 11.
537 3720 564 3771 p.
590 3706 652 3757 359:
691 3706 786 3757 sitione
797 3706 976 3755 autemasuo
988 3702 1096 3753 nomine
1114 3702 1218 3752 remota

128 3786 172 3835 «ln
184 3786 307 3835 extrem
320 3796 402 3834 versu
413 3782 494 3833 nimie
506 3794 567 3833 esee
579 3780 656 3831 vide·
692 3780 745 3830 vid.
758 3792 784 3829 v.
798 3779 842 3829 68:
861 3778 950 3827 cittis
963 3790 1035 3827 neno
1051 3776 1118 3826 siue
1132 3777 1219 3827 nomi

128 3862 170 3909 tur
185 3860 228 3910 tis
244 3856 358 3922 duplicis
374 3858 446 3908 tot».
465 3856 532 3907 lluie
549 3854 655 3906 diversa
691 3860 742 3905 tor.
761 3855 815 3905 sot.
838 3855 865 3914 t,
884 3852 930 3913 to,
956 3851 1002 3901 ct:
1031 3850 1219 3913 neopum

128 3934 260 3983 sententia
278 3936 321 3983 est
339 3932 428 3983 [lechii
445 3930 571 3981 adovid.
591 3930 653 3983 liet.
692 3930 777 3979 inter
807 3926 878 3977 iudeo
900 3926 1007 3988 plorare
1033 3926 1215 3975 cathedras.

128 4006 156 4067 3,
175 4006 235 4058 495.
693 4002 768 4055 Coal.
788 4000 887 4051 llerbst
902 4001 978 4051 lectt.
1001 4000 1088 4050 Venor.
1103 4000 1121 4047 l.
1135 4012 1161 4063 p.
1175 3996 1216 4047 tt.

696 4104 722 4113 -
736 4076 853 4139 pluribus
868 4074 941 4138 hisce]
960 4086 1013 4123 non
1030 4075 1073 4123 est
1089 4071 1220 4121 ablativus

161 4155 250 4206 ncne.
278 4154 341 4205 Cum
361 4166 419 4205 meo
441 4152 504 4213 cet]
523 4152 653 4203 construe
691 4149 839 4211 absolutus,
852 4152 881 4200 ut
894 4149 982 4200 visam
994 4151 1035 4199 est
1046 4146 1157 4208 neroni,
1170 4144 1220 4196 ced
