2925 4892
287 376 348 440 ltis
644 377 773 426 uoulrn
791 375 1010 427 srrsromnuu

328 534 380 598 Sic
403 532 487 604 leve.
513 531 558 595 sic
574 551 707 617 parrum
724 540 788 606 est,
812 529 954 596 animum
967 530 1058 618 quod
1075 529 1181 596 laudis
1195 551 1329 596 avarum

327 653 459 719 Subruit
481 661 535 716 aut
556 651 666 718 reiicit.
711 649 820 716 Valeat
841 671 894 717 ras
917 651 1055 728 ludicra,
1079 653 1107 717 si
1126 673 1179 718 me
1309 652 1367 716 {80
1452 658 1453 743 J

326 774 434 840 Palma
457 782 571 860 negata
594 792 753 847 macrum,
777 772 896 838 donata
919 772 1044 839 reducit
1065 773 1219 860 opimum.

326 898 431 982 Saepe
454 894 550 960 etiam
573 891 728 960 audacem
751 893 838 978 lugat
859 893 922 960 hoc
943 903 1107 981 terretque
1129 902 1274 981 poetam,

325 1015 420 1094 Quod
443 1035 576 1081 numero
600 1012 726 1100 plures,
750 1013 866 1079 virtute
888 1023 920 1079 et
942 1013 1065 1080 bonore
1087 1014 1248 1092 minema,

348 1213 403 1262 iso.
424 1221 477 1276 cut]
495 1225 526 1260 ac
543 1226 560 1259 κ
579 1223 656 1260 acum
674 1209 781 1260 duobus
796 1209 878 1270 aliia»
897 1224 965 1260 unus
977 1213 1092 1261 Pottierii
1111 1211 1169 1274 (ta.)
1188 1215 1338 1277 tertiusque

313 1285 452 1346 Schmidii,
475 1283 622 1343 Bentleius,
645 1289 668 1332 et
685 1283 821 1334 secundus
837 1283 972 1334 Schmidii.
992 1287 1031 1347 [lit
1047 1299 1112 1346 noa,
1137 1287 1236 1348 nostri,
1254 1290 1339 1337 ceteri

314 1361 441 1420 Poltierii,
468 1359 521 1409 duo
538 1357 684 1421 Schmidii.)
713 1385 741 1395 -
769 1360 825 1410 ⁴85.
852 1358 1020 1409 discordots.
1048 1361 1088 1420 (lit
1104 1373 1167 1419 nos,
1187 1361 1219 1422 b,
1242 1376 1338 1412 omnes

280 1558 360 1618 atque
378 1555 488 1616 iaciunt,
506 1557 535 1604 ut
551 1553 714 1618 superbiat.»
751 1554 805 1602 llo-
841 1545 951 1608 Ρῡόῑθθ»
970 1546 1028 1607 qui,
1047 1547 1169 1608 quamvis
1184 1549 1303 1610 possint,
1326 1553 1369 1598 aut

280 1631 361 1680 ratius
383 1629 439 1693 ipse
458 1641 566 1692 quoque
584 1629 631 1679 iuil
646 1629 728 1678 laudis
739 1640 805 1676 eoo-
843 1617 941 1668 nullam
966 1632 1064 1668 8061130
1088 1633 1198 1683 ΟΡΘΝΠ]
1221 1622 1305 1683 dm·
1327 1629 1370 1672 ⁸¹¹¹
1452 1646 1453 1701 g

279 1718 338 1765 rus,
358 1703 405 1756 sed
423 1717 476 1754 non
494 1702 579 1754 laudis
597 1701 668 1766 apud
686 1699 805 1752 multitu·
842 1695 863 1742 si
888 1693 964 1752 daut,
987 1707 1042 1742 non
1061 1695 1126 1743 satis
1145 1693 1302 1747 elaboratas
1321 1710 1370 1760 po·
1452 1706 1453 1769 ᾗ

279 1779 368 1829 dinem
382 1778 539 1842 captandae,
558 1777 633 1828 cuius
645 1773 804 1840 applausum
841 1765 955 1830 litisque
981 1765 1083 1817 fabulas
1111 1768 1235 1831 imperito
1262 1769 1369 1835 popello
1452 1778 1453 1781 ’

279 1853 572 1916 necessarioappelunt
587 1851 681 1915 poetae
694 1850 802 1900 scenici.
841 1840 979 1898 exhibent,
1006 1843 1105 1905 quippe
1133 1843 1176 1892 cui
1202 1842 1252 1892 alia
1281 1847 1370 1896 omnia
1452 1890 1453 1901 2

280 1927 410 1986 Quocirca
428 1926 454 1974 in
472 1926 511 1975 his
529 1927 654 1987 quattuor
665 1921 803 1974 versiculis
841 1915 916 1964 cordi
933 1916 998 1975 Sint,
1017 1927 1099 1978 tium
1115 1917 1145 1966 lli
1160 1918 1210 1967 rite
1228 1923 1370 1980 poetarum
1452 1972 1453 1981 ,

278 2001 374 2052 horum
392 2000 476 2062 magis
494 2000 563 2049 inest
575 1999 709 2048 excusatio
721 2011 803 2061 quam
841 1989 935 2038 merila
947 1990 1095 2038 aestimet.»
1111 2019 1137 2026 -
1156 1993 1292 2058 audacem]
1312 1995 1371 2057 «qui
1452 1996 1453 2003 ’

278 2074 461 2137 reprehensio,
477 2102 503 2109 -
523 2072 633 2136 submit]
654 2069 802 2136 «percellit,
841 2061 994 2126 despiciens
1018 2063 1087 2126 voigi
1109 2063 1260 2126 levitatem,
1285 2067 1370 2118 semel

278 2161 401 2196 maeror-0
424 2147 505 2196 afficit
524 2149 551 2197 et
568 2146 692 2210 affligit„
718 2159 804 2210 oppo.
841 2151 922 2187 ausus
938 2140 980 2188 est
1004 2137 1121 2188 tabulam
1138 2140 1244 2190 deferre
1263 2142 1293 2191 in
1311 2155 1370 2192 sce-

279 2221 349 2271 nitur
364 2223 457 2284 reticii,
478 2223 597 2270 urecreat
608 2223 687 2284 atque
701 2220 802 2282 erigit.»
841 2224 917 2270 nam,
935 2211 986 2262 sed
1002 2211 1157 2276 plebeculae
1169 2212 1313 2266 stultitiam
1325 2229 1366 2266 ex·

279 2321 307 2331 -
322 2293 376 2357 aur]
394 2293 470 2343 Hand
488 2295 563 2344 Ture.
577 2295 596 2342 i.
610 2307 636 2358 p.
651 2293 707 2344 tat.
727 2305 804 2357 prae·
841 2290 934 2350 pertus
951 2288 1132 2351 inposterum
1149 2301 1164 2338 a
1179 2288 1277 2340 lahulis
1297 2305 1370 2343 com·

278 2369 346 2420 terre
373 2365 478 2416 videtur
503 2380 547 2428 oc,
580 2366 654 2430 quod
677 2366 804 2416 exhibent
841 2360 972 2424 ponendis
995 2375 1105 2426 prorsus
1122 2361 1321 2416 absterretur.»
1341 2391 1366 2400 -

279 2442 355 2506 pauci
373 2440 456 2491 Codd.
481 2442 580 2490 Verum
599 2441 803 2491 tuliusvideba-
841 2435 992 2499 diluam]
1012 2438 1313 2498 “111³nusissi‘ssiafei'
1332 2443 1370 2490 1¹0·

277 2518 321 2566 tur
331 2516 554 2579 praestantiorum
567 2516 750 2566 auctoritatem
761 2529 805 2566 se·
839 2515 938 2558 certare
955 2523 988 2558 ex
1006 2509 1164 2573 glossemate
1183 2515 1242 2563 erat
1257 2515 1285 2563 in
1303 2515 1367 2565 Cod.

278 2591 332 2653 qui.
361 2588 633 2653 Conieruntquidem
649 2591 800 2640 A.l³.459:
841 2583 969 2634 Lambini-
989 2585 1099 2634 qusio
1115 2599 1153 2635 w
1167 2589 1285 2637 welseri
1303 2593 1368 2640 Pas·
1452 2596 1453 2653 l

278 2667 345 2714 iram
368 2665 466 2728 Collipit
483 2678 514 2714 aa
531 2665 604 2726 pona
620 2669 727 2714 ranae:
754 2664 804 2715 sea
840 2671 903 2707 sou·
920 2685 946 2694 -
965 2658 1046 2724 oues]
1066 2661 1239 2723 requiesve
1257 2667 1369 2728 propter
1452 2664 1453 2721 ἐ

278 2739 329 2790 hoo
346 2753 379 2788 ex
396 2741 451 2788 toto
470 2737 604 2788 diversum
623 2740 679 2788 est:
709 2737 804 2789 annui.
841 2731 1002 2784 domesticas
1014 2733 1149 2784 facultates
1161 2733 1256 2786 litteris
1267 2739 1368 2788 instru-
1452 2734 1453 2801 ξ

277 2813 312 2876 git
334 2810 526 2874 collectumque
548 2825 641 2862 rursus
663 2812 802 2874 deponit.»
841 2807 876 2856 cti
893 2810 973 2870 atque
991 2809 1098 2858 omuino
1116 2807 1196 2872 plebe
1212 2808 1295 2874 longe
1312 2811 1368 2863 cul-
1452 2814 1453 2835 l

277 2887 376 2936 Contra
392 2886 419 2934 h.
433 2883 466 2934 l.:
492 2899 595 2934 «uuum
613 2888 658 2934 aut
675 2883 801 2942 ulterum;
841 2882 1368 2950 tiores.»sat.l,io‚ttl:sotuesteqre
1452 2938 1453 2941 ,

278 2957 456 3017 autsubruit,
476 2959 647 3008 autreticit.»
667 2958 802 3020 -Valaot1
840 2960 889 3004 hm
908 2956 969 3004 nilla
986 2956 1116 3017 plaudere.
1149 2957 1187 3008 Ci.
1209 2962 1240 3009 Α.
1260 2964 1289 3011 Ρ.
1310 2963 1365 3012 llll.

276 3033 307 3080 ut
330 3031 452 3100 χαιρέτω
477 3045 526 3094 pro
551 3025 663 3100 ἐρρέτω.
700 3030 711 3094 (
717 3033 804 3080 Febr
840 3028 959 3092 atasqq.
973 3032 1105 3093 -ursumJ
1118 3045 1235 3094 quocum
1248 3040 1368 3098 pugnent

277 3103 329 3151 liin
350 3103 604 3166 nichtsuiilzipca
620 3105 720 3164 Splai!
740 3107 804 3156 Pas·
841 3100 957 3152 molossi.
976 3103 1138 3163 Liv.il‚l8.
1165 3107 1209 3156 Sic
1222 3108 1367 3173 Pompeius

279 3177 352 3238 sorr.)
366 3177 420 3226 Cic.
434 3175 468 3226 ad
480 3177 531 3226 hit.
545 3177 570 3236 8,
584 3177 608 3236 8,
619 3177 646 3224 2:
666 3177 697 3226 At
708 3177 749 3226 ille
760 3178 803 3227 tibi
840 3178 981 3226 sexcentos
1002 3175 1088 3226 mulos
1110 3178 1135 3226 in
1154 3177 1366 3242 Clytaemnestra

278 3245 369 3302 πολλὰ
396 3252 506 3320 χαίρειν
531 3247 570 3316 τῷ
598 3247 676 3316 καλῷ
704 3252 800 3315 dhane,
841 3251 940 3301 induxit
959 3251 1022 3313 (Cic.
1035 3252 1069 3301 ad
1082 3253 1152 3303 Fam.
1166 3255 1195 3316 7,
1210 3257 1295 3320 Μ),
1311 3261 1366 3309 Au-

274 3327 356 3389 perpil
380 3325 551 3376 Brundisium.
573 3351 600 3360 -
626 3339 666 3376 res
688 3326 801 3390 ludicra]
840 3327 931 3388 gustum
957 3325 1079 3387 tigridem
1102 3329 1128 3376 in
1156 3340 1237 3378 scena
1268 3331 1365 3396 populo

277 3399 401 3452 «fabulae
419 3401 558 3462 scenicae,
577 3412 644 3463 opus
662 3414 760 3450 vanum
776 3405 803 3450 el
840 3398 959 3450 exhibuit
970 3401 1086 3459 (sueton.
1099 3402 1227 3465 Octa).
1240 3406 1365 3456 liaudiu-
1452 3418 1453 3429 ¹

276 3474 394 3525 inutile.»
405 3503 430 3512 -
441 3474 565 3540 macrum]
573 3475 714 3525 «aillictum
722 3477 803 3525 oltri-
840 3473 918 3524 docte
931 3474 1079 3538 Porphyrio
1096 3475 1138 3539 (ad
1150 3490 1192 3526 vv.
1205 3480 1292 3529 medio
1301 3480 1365 3529 inter

276 3552 371 3600 stem.»
384 3575 411 3588 -
422 3550 525 3614 reducit]
538 3551 661 3610 domum.
674 3551 703 3599 ut
714 3547 804 3611 Olym·
839 3549 980 3610 carminat:
1001 3551 1112 3609 allecte3
1131 3552 1192 3614 quia
1204 3553 1297 3606 adhuc
1306 3568 1363 3605 arn-

275 3623 399 3685 pionicen
416 3624 463 3674 0d.
477 3624 507 3684 i,
525 3625 555 3686 2,
574 3625 613 3674 ⁴7.
635 3649 662 3660 -
681 3623 801 3688 opimum]
839 3623 984 3686 phitheatri
999 3636 1064 3674 usus
1081 3638 1133 3675 non
1152 3629 1210 3675 erat
1225 3630 1256 3678 et
1276 3630 1302 3679 in
1317 3642 1363 3678 ea-

278 3693 396 3746 alaetum
413 3710 445 3746 ac
463 3697 598 3748 beatum.»
616 3699 707 3748 Scsou.
736 3697 800 3748 Plin.
840 3696 903 3747 dem
927 3710 1009 3747 cavea
1033 3699 1113 3749 etiam
1129 3698 1250 3752 ieramus
1266 3703 1364 3766 gladia·

277 3767 343 3831 Epp.
358 3769 382 3828 7,
395 3770 436 3831 26,
451 3769 479 3818 3:
497 3771 803 3834 molleninpostemmet
839 3773 982 3835 torumque
1006 3785 1118 3822 munera
1135 3776 1361 3838 specialitatum·

273 3841 429 3904 pinguem
440 3869 455 3879 -
467 3869 500 3901 -‚
526 3843 570 3893 hoc
594 3850 643 3906 est,
669 3846 803 3896 innoxiam
839 3845 986 3898 dummodo
1003 3846 1039 3896 ita
1055 3847 1219 3910 corrigatur:
1243 3854 1275 3901 Α.
1294 3866 1318 3901 u.
1335 3864 1360 3900 c.

228 3965 234 3972 ,
278 3913 423 3978 bootomque
439 3918 546 3966 desliocd
560 3919 648 3968 uitam.
839 3921 895 3970 itit.
913 3920 968 3972 xx.
987 3921 1063 3970 anuis
1085 3924 1146 3970 aule
1169 3922 1241 3973 hanc
1259 3925 1362 3989 Episto-

838 3993 892 4044 lam
909 3994 1037 4058 scriptam
1054 3994 1170 4044 Statilius
1189 3997 1294 4048 Taurus
1307 3999 1361 4062 pri-

311 4063 432 4114 isa-⁴86.
451 4064 702 4132 amplectamus]
721 4069 802 4118 «Per-
839 4080 915 4118 mum
940 4068 1164 4132 amphitheatrum
1184 4068 1317 4134 lapideum
1333 4070 1360 4120 in

278 4151 387 4188 versum
404 4139 430 4187 in
447 4137 581 4202 plerisque
594 4153 655 4190 cum
668 4142 701 4190 ait
712 4142 802 4205 populi
839 4142 941 4206 Campo
952 4142 1044 4193 Martio
1055 4141 1168 4194 absolvit
1179 4145 1236 4206 (Dio
1247 4147 1290 4206 5⁴,
1300 4143 1359 4206 23.);

279 4213 414 4274 iudicium,
428 4211 488 4264 ideo
498 4214 577 4264 etiam
587 4214 731 4264 excusandi
740 4217 802 4266 sunt
839 4228 900 4266 cum
922 4217 996 4279 prius
1019 4215 1117 4268 ultimis
1138 4216 1238 4269 liberae
1255 4220 1293 4269 rei
1309 4230 1361 4281 pu-
