2925 4892
550 308 610 357 nn.
629 309 648 357 r.
685 310 753 359 sir.
772 308 802 357 v.
1181 308 1222 373 87

172 466 374 551 Exspectans
396 462 540 529 comites.
584 464 651 528 lam
672 484 736 529 nox
759 463 913 531 iuducere
937 476 1030 532 torris

170 584 310 654 Umbras
331 595 366 650 et
387 583 479 650 caelo
502 582 685 651 diffindere
709 584 801 673 signa
823 585 975 673 parabat;
1181 586 1223 652 t0

172 712 253 774 Tum
275 706 371 793 pueri
393 705 516 778 nautis,
543 706 655 793 pueris
676 706 824 773 convicia
846 716 964 773 nenne

169 831 334 915 lngerere.
377 827 448 892 liuc
468 824 633 914 appellel.
651 878 682 890 ..
706 829 880 894 Trecentos
903 828 1034 895 inseris:
1057 828 1119 895 ohe

170 950 239 1015 iam
261 948 341 1015 satis
363 948 427 1014 est!
454 948 539 1013 Dum
560 968 617 1014 aes
639 948 792 1035 exigitur,
816 948 893 1015 dum
916 949 1003 1015 mula
1026 948 1153 1037 ligatur.

169 1072 250 1136 l'ota
271 1068 340 1135 abit
360 1069 449 1135 hora.
496 1068 568 1135 llali
591 1067 712 1135 culices
737 1090 900 1157 ranaeque
924 1070 1085 1158 palustres

198 1222 421 1285 mfflmr

128 1343 275 1405 densim]
296 1342 423 1405 «propter
432 1340 534 1391 uicinas
545 1339 657 1405 paludes
694 1340 838 1393 commode
855 1344 948 1406 reponi
966 1344 1082 1406 possint;
1102 1342 1144 1393 hic
1156 1356 1220 1393 curn

127 1418 284 1481 Pomptinas
302 1416 390 1465 minus
406 1428 474 1479 pura
491 1428 524 1465 ac
539 1413 601 1465 mali
612 1427 658 1464 sa·
694 1414 816 1480 appellit,
839 1430 891 1468 uon
911 1418 968 1469 sine
986 1418 1073 1468 tnedio
1089 1419 1220 1468 maiorem

126 1493 228 1556 poris·
255 1491 349 1540 Lectio
364 1490 494 1539 tetmirto
509 1486 658 1539 Bentleiiet
695 1502 776 1553 wem
801 1502 850 1555 pro
873 1490 965 1551 naulo,
992 1492 1065 1555 quod
1090 1492 1220 1556 depectus

126 1563 275 1615 Heindoriii
294 1562 321 1612 h.
340 1560 357 1610 l.
370 1574 430 1612 rem
442 1562 523 1612 nimis
542 1574 657 1625 exagge·
694 1567 766 1625 erat,
789 1578 848 1615 esse
867 1578 1009 1615 numerum
1026 1578 1120 1616 eorum
1137 1564 1218 1625 videt,

126 1644 174 1688 rat.
195 1664 224 1674 -
244 1638 330 1687 uentri
344 1637 430 1685 indico
445 1636 543 1700 boliten]
564 1636 655 1686 lulian.
694 1639 740 1701 qui
758 1650 855 1689 narem
873 1640 1045 1689 conscensnri
1062 1642 1151 1699 erant,
1170 1638 1221 1688 do-

126 1716 219 1777 Hisop.
240 1725 268 1776 p.
285 1710 336 1761 aio
353 1712 409 1773 Sp:
426 1705 505 1774 δεινὴ
523 1708 555 1760 δέ
571 1724 614 1772 τις
624 1710 657 1761 ἐκ
694 1714 783 1762 minos
799 1714 862 1776 puta
880 1710 1019 1777 permultis
1036 1726 1098 1763 cum
1119 1713 1219 1776 pueris,

125 1786 284 1856 Μαρίου
301 1798 340 1849 με
350 1784 400 1833 καὶ
416 1778 543 1849 ἀνόητος
558 1777 657 1850 ἀπάτη
694 1785 767 1837 uode
784 1786 953 1837 stomachose
975 1786 1102 1836 Trecentos
1117 1786 1220 1845 muts.

125 1858 322 1932 προλαβοῦσα
342 1856 378 1929 τῇ
401 1859 505 1928 γαστρὶ
522 1856 657 1923 πολεμεῖν
695 1860 732 1923 (id
749 1862 805 1911 est:
832 1862 921 1911 «visne
943 1862 1146 1924 ingerantur‘in)
1171 1860 1218 1919 ait,

124 1932 249 1987 ἔπεισεν.
269 1934 326 1983 Cic.
340 1934 406 1983 Cato
417 1933 480 1982 mai.
494 1932 541 1993 ii,
559 1932 604 1984 to:
626 1946 659 1984 ne
695 1936 769 1985 cet.»
812 1934 854 1983 Sic
879 1937 909 1984 ut
933 1933 1097 1999 explicemus
1123 1933 1221 1983 iaciunt

125 2007 658 2061 ominoosttreuiodinisseoideorooio-
695 2022 738 2059 vv.
756 2008 869 2057 conoide
887 2011 949 2071 cet,
968 2010 1060 2059 mutua
1077 2008 1159 2071 iurgia
1178 2008 1219 2057 in·

122 2084 238 2148 ptatifin
255 2084 366 2146 potione
380 2083 408 2131 et
422 2080 484 2131 cibo
497 2081 655 2145 sumendis).
695 2086 737 2133 ter
753 2086 847 2133 nautas
864 2084 891 2133 et
908 2094 1015 2147 pueros.
1051 2080 1098 2133 iiii
1115 2086 1220 2131 entre·

127 2187 153 2195 -
170 2158 244 2207 ioud
263 2154 452 2218 οηῡηοαιοιιο]
472 2155 658 2218 «impatienter
694 2162 776 2207 eeotm
793 2158 844 2207 cet.
864 2156 984 2207 tribuunt
1001 2155 1216 2213 eidemservnlo‚

125 2236 206 2296 auus
225 2230 277 2281 iilis
294 2229 492 2293 propemodum
508 2228 657 2281 invidens.»
695 2231 741 2294 qui
766 2228 841 2279 dicit:
873 2229 941 2279 «litto
966 2230 1075 2292 sopolim
1103 2229 1150 2289 ibi,
1172 2228 1218 2279 ubi

128 2336 154 2345 -
171 2308 336 2368 Exspectant
345 2304 453 2366 mosas]
471 2306 655 2367 «exspectans,
695 2316 767 2354 nunc
788 2314 832 2363 es,
858 2308 978 2353 trecentos
1002 2304 1102 2364 inseris,
1129 2302 1219 2366 prius·

127 2382 214 2432 donec
232 2392 346 2438 omnes,
365 2379 411 2442 qui
428 2376 479 2427 sub
496 2378 569 2427 idem
586 2380 658 2429 tem-
694 2390 776 2443 quam
793 2390 841 2427 nos
858 2378 968 2441 recipis,
995 2378 1117 2440 adeoque
1141 2375 1219 2426 nobis

127 2470 174 2520 pus
186 2457 290 2505 Forum
302 2454 379 2517 Appii
396 2454 577 2516 pervenerant
589 2464 658 2502 una·
694 2454 734 2503 sie
752 2452 875 2503 coartatis
897 2452 948 2501 iter
970 2452 1048 2501 nimis
1070 2452 1220 2500 incommo-

126 2544 176 2593 que
188 2528 303 2579 lintrem
312 2526 485 2577 conscensuri
495 2528 579 2585 erant,
592 2538 658 2576 coe·
694 2527 759 2577 dum
777 2528 855 2585 erit;·
874 2538 927 2589 qua
945 2526 1089 2575 iuratione
1106 2522 1219 2588 probata

125 2606 265 2654 aessens·
305 2602 405 2651 Comes
427 2600 528 2650 Horatii
547 2600 656 2663 proprie
693 2602 860 2651 aDtintzero
880 2604 999 2648 irenem
1020 2596 1218 2660 intelligendum

125 2690 194 2727 unus
219 2674 383 2727 Heliodorus
404 2674 454 2725 iuit
474 2686 537 2723 cum
556 2673 657 2723 utrius·
694 2676 745 2724 erit
756 2674 790 2723 de
799 2672 855 2723 aliis
866 2674 974 2736 praeter
986 2672 1122 2720 Horatium
1135 2668 1221 2719 iielio·

125 2765 177 2815 que
194 2748 323 2801 servulo.
358 2748 412 2797 Sed
432 2747 476 2797 alii
492 2746 583 2811 plures
603 2748 657 2797 iam
694 2749 845 2810 durumque
857 2745 972 2795 dominis
983 2745 1134 2807 horumque
1147 2756 1221 2793 nran-

126 2826 206 2875 iuiuri
223 2824 304 2874 erant
319 2822 420 2873 itineris
436 2822 502 2873 socii
518 2820 656 2885 usquead
693 2821 781 2885 cipiis3
806 2818 848 2869 alit
866 2819 982 2883 deniquo
999 2818 1092 2867 viatori
1113 2818 1221 2881 praeter

127 2898 268 2949 Feroniae.
693 2892 1171 2948 servulum:nostraiurationenauta
1182 2892 1221 2941 tot

157 2972 233 3022 s-te.
261 2972 318 3021 latu
333 2969 566 3031 occupamini]
587 2969 656 3018 Ver·
694 2966 1220 3020 hominibusiusertisliutrisonusnlmis

126 3060 171 3097 sus
189 3045 309 3104 heroici,
328 3043 440 3094 lortasse
457 3056 491 3094 ex
508 3044 591 3093 Ennio
608 3056 657 3093 ex·
693 3044 784 3107 augeri
813 3044 902 3106 itaque
929 3040 1132 3092 laboriosiorsm
1162 3040 1218 3091 lore

126 3120 227 3184 pressu
247 3117 374 3182 qualibus
384 3119 411 3167 in
423 3116 593 3187 παρῳδίαις,
606 3117 657 3167 etsi
694 3118 888 3181 navigationem
917 3117 1044 3179 queritur.
1092 3116 1123 3165 Et
1153 3126 1219 3165 sano

126 3197 208 3257 negat
235 3196 387 3244 Diintzerus
411 3206 438 3257 p.
464 3193 532 3252 tia,
558 3204 656 3255 magna
694 3193 740 3256 qui
760 3189 869 3241 elamat:
901 3190 968 3239 «Huc
993 3189 1089 3252 appello
1113 3186 1218 3239 lintrem

127 3270 225 3319 harum
241 3269 391 3317 Satirarum
407 3269 490 3319 virtus
505 3268 555 3318 sita
572 3269 656 3317 erat.»
694 3269 847 3319 etiamnunc
858 3276 985 3313 vacuam»
999 3262 1084 3327 (aliter
1095 3264 1166 3313 enim
1179 3262 1220 3312 in·

130 3343 252 3406 -sipnu1
273 3344 391 3401 nostru.»
409 3341 502 3391 utOd.
521 3343 546 3402 ἱ,
565 3342 590 3401 s,
611 3341 654 3390 to:
694 3340 772 3403 telligi
797 3340 918 3403 nequit),
949 3352 1002 3388 non
1025 3337 1102 3388 simul
1128 3336 1218 3386 dicere

128 3419 262 3466 ludiim
285 3416 366 3465 noctis
389 3416 477 3480 Sipia
508 3444 535 3452 -
561 3414 656 3479 mais]
694 3417 797 3480 potest:
825 3414 952 3463 Trecentos
968 3408 1115 3474 immid
1134 3414 1217 3469 emet,

129 3492 223 3551 fossa,
242 3503 278 3539 ex
295 3490 453 3553 Nymphaeo
464 3492 492 3540 et
506 3490 597 3541 {ilente
609 3490 658 3539 iiu-
695 3488 875 3539 «inseruisti»
918 3484 1025 3535 Trecetti
1053 3484 1161 3544 autem,
1191 3484 1220 3531 ut

128 3566 246 3616 minibus
269 3577 368 3628 aquam
385 3565 533 3628 accipiens,
560 3564 656 3614 indua
694 3562 816 3623 saccati,
844 3560 878 3610 de
896 3571 992 3622 magno
1016 3568 1137 3607 numero.
1168 3556 1220 3606 Ce-

128 3639 196 3689 Foro
216 3639 297 3703 Appii
320 3636 437 3688 ducebat
458 3638 492 3687 ad
518 3639 655 3689 Feroniae.
696 3636 750 3687 tull.
769 3638 813 3697 tt,
833 3636 876 3685 ts:
902 3636 968 3698 Quos
985 3632 1129 3697 (moechos)
1147 3630 1222 3681 simol

129 3714 191 3763 liius
212 3712 327 3776 vestigia
349 3712 483 3776 quaedam
505 3714 658 3763 etiamnunc
694 3712 827 3774 connexo
852 3716 915 3761 tenet
940 3714 1067 3759 trecentos.
1092 3736 1119 3744 -
1140 3706 1220 3773 muln]

130 3788 269 3851 apparent.
299 3785 420 3850 (illaleh)
441 3814 468 3823 -
486 3788 541 3837 linc
551 3786 657 3851 appelle]
695 3799 765 3851 quae
790 3784 910 3835 remulco
936 3782 1055 3847 alligatur
1083 3780 1160 3832 lintri.
1191 3810 1218 3817 -

130 3862 252 3911 «Domini
274 3861 311 3910 ad
331 3862 418 3911 lossae
439 3862 523 3925 ripam
540 3862 659 3911 descen-
695 3860 799 3920 cutem]
839 3860 914 3909 «iios
944 3857 1101 3907 tirttinuinius
1125 3856 1221 3906 vocant

130 3934 238 3994 derant;
265 3936 337 3985 servi
354 3936 475 3985 sarcinas
492 3935 590 3985 eodem
607 3935 658 3984 de·
695 3933 807 3998 plebeii,
835 3933 955 3983 asonitu
973 3930 1075 3982 alarum
1093 3930 1155 3980 licto
1171 3942 1222 3979 vo-

130 4012 282 4073 poriarant;
300 4010 364 4060 hinc
380 4022 449 4074 puer
464 4008 559 4072 aliquis
570 4010 605 4060 ad
616 4008 658 4060 lo-
696 4006 819 4058 cabulo.»
846 4008 930 4057 Coun.
950 4009 1029 4065 Creo.
1054 4002 1220 4055 Vocabulum

132 4096 206 4144 mm,
228 4084 275 4135 ubi
293 4098 341 4135 eas
358 4082 539 4144 custodiebat,
563 4082 658 4148 appel·
695 4082 758 4132 illud
783 4082 883 4132 Lexicis
906 4081 995 4141 deest,
1023 4082 1103 4129 etiam
1130 4076 1221 4128 Furia-

134 4155 185 4208 lere
212 4160 289 4211 iubet
317 4161 442 4220 usuum,
474 4158 554 4208 utin
579 4156 657 4207 lintre
696 4158 760 4207 netti
787 4168 871 4207 novae
895 4154 1050 4219 appendici.
1096 4152 1222 4202 Ceterum
