2925 4892
620 358 748 411 HOithIl
765 358 985 413 commissori

598 810 863 873 numu
883 810 998 872 XVI·

305 949 352 1012 Ne
373 944 586 1031 perconteris,
609 942 727 1009 fundus
750 962 857 1019 meus,
880 942 1000 1029 optime
1022 944 1145 1021 Quinti,

305 1068 389 1132 Arvo
411 1074 522 1153 pascat
543 1064 657 1131 herum
681 1084 722 1129 an
744 1063 834 1130 bacis
857 1062 1022 1150 opulentet
1043 1063 1162 1136 olivae.

328 1243 378 1293 ΕΡ.
396 1241 460 1291 xvi.
496 1243 520 1291 t.
541 1242 625 1304 Quinti
640 1240 761 1305 bSEcdp‚
774 1242 835 1292 iio:
855 1242 954 1305 macti
971 1242 1042 1304 (cum
1058 1244 1176 1294 nummis
1192 1244 1245 1294 sub
1263 1247 1320 1295 An·

295 1320 372 1383 gusto
389 1318 504 1381 signatis)
523 1318 564 1367 Π.
585 1342 612 1351 -
630 1318 655 1367 2.
668 1316 737 1367 bace
751 1316 827 1367 bSEc
843 1317 871 1366 et
886 1329 927 1380 pr.
942 1314 975 1367 d:
1000 1316 1161 1367 desciscam
1180 1316 1318 1382 plerisque

296 1394 385 1455 (etiem
403 1404 472 1441 corr.
491 1390 516 1455 d)
534 1391 601 1442 rsit.
620 1389 658 1440 Ci.
672 1390 790 1453 Wagner
807 1390 923 1454 Orttopr.
945 1390 1036 1453 Verptt.
1053 1403 1080 1454 p.
1100 1390 1157 1441 its,
1178 1418 1206 1428 -
1226 1392 1251 1441 3.
1269 1394 1320 1442 Ρο-

294 1468 373 1518 mime
388 1465 500 1530 bSEcdp
518 1467 545 1515 et
562 1464 678 1515 Pettierii
700 1477 796 1515 omnes
817 1466 925 1528 prester
947 1464 1030 1527 duos,
1053 1465 1095 1527 Lt,
1114 1462 1260 1526 Beothius,
1280 1466 1317 1515 0:

287 1615 352 1666 XVI.
364 1614 686 1679 Ambiguutinterpretes,
697 1614 787 1664 utrum
822 1612 965 1673 botarum,
984 1615 1015 1661 ut
1030 1613 1168 1662 Horatium
1183 1626 1245 1663 cnm
1262 1614 1350 1677 pessi·

262 1687 789 1754 hocepistoliumscriptumsitadQuin·
823 1688 875 1737 mis
883 1685 1035 1751 quibusque
1044 1686 1196 1737 hominibus
1205 1688 1349 1739 amicitiam

263 1764 328 1813 dum
347 1765 483 1829 Hirpinum
503 1762 676 1827 (cestu),
702 1775 737 1811 en
753 1761 787 1811 ad
824 1762 940 1811 iunxisse
957 1758 1149 1810 insimularent.
1178 1762 1217 1811 De
1236 1774 1349 1827 compo-

262 1839 290 1889 T.
298 1839 432 1897 Quintium
440 1836 786 1903 CrispinumSulpieieuum‚
823 1834 926 1885 sitionis
944 1835 1065 1898 tempora
1078 1847 1131 1885 non
1143 1834 1239 1899 iiquet3
1258 1838 1351 1887 Grote-

262 1911 429 1962 triumvirum
448 1914 477 1961 Α.
490 1914 521 1962 Α.
534 1912 565 1961 Α,
579 1911 605 1961 F.
622 1912 659 1971 F„
677 1908 789 1972 Augusti
823 1908 887 1959 tend
904 1920 963 1957 eam
980 1908 1098 1971 assignat
1114 1920 1185 1959 auno
1201 1909 1261 1958 737.

262 1983 403 2048 aequalem
421 1984 527 2047 (Eckbel
540 1986 571 2035 D.
584 1986 616 2035 N.
630 1986 654 2035 5.
668 1997 694 2048 p.
707 1982 787 2044 seu),
858 1982 913 2033 t-i.
925 1982 1125 2043 Nepercoateie
1133 1981 1195 2046 cet]
1206 1984 1284 2033 ascio
1292 1996 1351 2046 gra-

262 2058 307 2120 qui
328 2058 401 2108 idem
423 2058 529 2109 videtur
551 2070 613 2109 cum
635 2060 663 2109 T.
683 2057 788 2118 Quintio
824 2059 881 2107 tum
898 2055 946 2107 tibi
957 2056 1028 2117 tore,
1047 2057 1070 2107 si
1085 2056 1198 2107 formam
1210 2056 1286 2106 baudi
1296 2057 1350 2107 mei

262 2131 400 2195 Crispino,
428 2144 483 2182 cos.
503 2144 527 2180 a.
544 2145 572 2182 u.
592 2145 616 2182 o.
637 2131 711 2190 iss.;
738 2130 789 2181 sed
823 2130 892 2182 altm
909 2129 958 2181 tibi
974 2128 1162 2194 descripsero;
1187 2131 1280 2194 itaque
1297 2128 1351 2181 noti

262 2218 324 2255 cum
341 2205 481 2256 bominum
493 2205 589 2257 borum
601 2205 732 2267 indolem,
750 2208 788 2255 ri-
824 2218 869 2255 me
891 2217 923 2255 eu
946 2204 981 2254 de
997 2217 1027 2253 re
1044 2205 1224 2268 percontari.»
1252 2203 1350 2255 similis

262 2280 330 2339 tam,
359 2280 571 2330 necessitudines
589 2292 651 2330 cum
669 2280 786 2341 iteratio,
824 2277 1352 2342 termulaestEpp.t,t,ti:Acaeforte

261 2365 372 2417 prorsus
384 2354 551 2417 ignoremus,
570 2354 621 2405 hac
633 2353 667 2404 de
683 2368 712 2404 re
724 2353 788 2404 nibil
822 2366 896 2417 roges
911 2354 1006 2402 cet..-
1024 2352 1119 2415 tiendus
1132 2352 1210 2416 m]
1228 2352 1268 2402 Ci.
1283 2354 1352 2418 Cap·

262 2428 327 2477 certi
337 2428 454 2477 statuere
464 2440 617 2493 possumus.
631 2428 706 2479 coni.
717 2440 786 2492 quae
824 2428 921 2478 martin
938 2426 972 2476 de
984 2427 1098 2491 Cbaupy
1113 2428 1268 2477 become
1281 2428 1313 2478 de
1325 2430 1352 2478 ta

261 2500 448 2552 adnotavimus
465 2502 499 2552 ad
516 2516 542 2553 v.
562 2504 602 2553 ti.
634 2505 787 2567 Argumen-
822 2502 1242 2565 maooudecampapwdiioraoe.
1253 2502 1348 2563 Rome,

262 2577 318 2625 tum
349 2578 439 2625 autem
472 2577 551 2627 totius
582 2575 787 2641 scriptiuncuiee
823 2575 927 2638 iighetti
946 2575 1110 2626 tuor-troo.
1133 2574 1222 2625 3Voi.
1245 2576 1271 2624 8.
1292 2577 1349 2639 (qui

261 2650 353 2714 paucis
370 2650 409 2700 sio
425 2648 613 2711 exponendum
629 2653 686 2703 est:
706 2652 785 2715 «Ege,
823 2649 907 2700 mirus
932 2647 1001 2699 liber
1024 2651 1067 2699 est
1087 2650 1114 2699 in
1129 2648 1294 2700 bibliotheca
1311 2652 1351 2700 oi-

261 2737 337 2787 cere,
361 2723 459 2774 beatus
476 2738 550 2785 sum,
574 2723 607 2774 ad
626 2738 707 2789 quem
725 2726 787 2789 qui-
822 2724 896 2772 vium
913 2723 1120 2785 Turicensinmt.
1144 2725 1172 2773 et
1186 2724 1290 2788 inspice
1307 2728 1351 2774 to-

261 2796 324 2849 dem
340 2800 410 2848 vitae
428 2800 527 2848 stutum
545 2800 627 2849 cuivis
639 2797 787 2863 optandum
822 2797 875 2846 tius
891 2794 959 2847 iliius
970 2798 1071 2848 tractus
1081 2800 1233 2847 accuratam
1245 2797 1351 2849 deseri-

260 2872 331 2922 inter
348 2885 392 2922 res
410 2875 534 2923 externos
546 2871 708 2936 permultum
721 2886 786 2923 sane
823 2872 956 2934 ptionem,
975 2882 1058 2933 quam
1068 2870 1245 2922 Waickenaer
1260 2871 1350 2937 tepide

261 2944 364 2994 confert
385 2944 513 2995 Sabinum
535 2958 640 2995 meum:
668 2948 695 2995 tu
721 2947 785 2996 item
823 2945 1025 3009 exprimendam
1042 2948 1154 2996 curavit.
1173 2973 1200 2983 -
1216 2946 1286 2996 Amo
1299 2960 1352 3009 pe·

260 3028 337 3075 oure,
356 3019 400 3077 ut,
421 3018 650 3081 quemadmodum
663 3020 785 3079 mereris,
821 3021 972 3070 watonem
983 3022 1046 3082 cet]
1066 3021 1177 3071 Omnem
1194 3033 1254 3071 rem
1269 3023 1351 3072 rusti-

260 3088 356 3139 bcatus
378 3089 441 3150 fies,
468 3090 530 3141 titud
555 3088 645 3156 γνῶθι
662 3088 786 3142 σεαυτὸν
822 3106 882 3143 cem
899 3095 994 3143 Cicero
1012 3096 1086 3157 (Cato
1103 3096 1166 3144 mei.
1180 3096 1220 3155 to,
1236 3094 1288 3158 et.)
1307 3097 1349 3146 bis

260 3163 390 3227 imprimis
407 3162 493 3228 probe
511 3178 641 3215 exercens
652 3169 732 3229 utque
750 3166 785 3217 ab
821 3166 911 3219 verbis
929 3167 1127 3232 complectitur:
1146 3169 1350 3234 Necomaeqe·

259 3236 340 3287 animi
365 3237 610 3301 perturbationibus
626 3237 742 3290 liberum
758 3244 784 3291 te
821 3241 885 3291 tibus
901 3242 981 3304 (arvo)
998 3242 1079 3292 solun
1095 3246 1119 3292 et
1130 3243 1215 3304 prate
1230 3248 1254 3292 et
1268 3244 1350 3294 eines

259 3324 395 3363 servans.»
422 3314 473 3361 Pro
490 3326 619 3377 responso
636 3314 671 3363 ad
689 3316 785 3375 Quintii
820 3319 845 3364 et
869 3314 979 3364 arbusto
1000 3329 1041 3365 res
1055 3316 1165 3365 medeae
1180 3316 1264 3366 team
1278 3324 1347 3379 sant,

258 3384 526 3450 atiquamepistolam
539 3386 783 3449 nonnullibabent;
820 3390 862 3438 sed
885 3388 964 3439 tortis
987 3390 1064 3439 mesa
1083 3394 1107 3439 et
1127 3391 1269 3451 pomariis,
1295 3396 1349 3441 m

258 3460 307 3511 sed
324 3459 386 3511 nibil
398 3461 518 3525 proiecto
531 3462 611 3523 inest,
631 3464 785 3526 quodbanc
816 3464 940 3524 waren
960 3468 1051 3525 pecu,
1075 3464 1163 3525 opima
1178 3465 1348 3527 ammitte,

259 3535 410 3598 opinionem
427 3534 524 3585 firmet.
553 3538 662 3586 Praeter
679 3539 784 3588 ceteros
819 3538 913 3600 mm
935 3538 1048 3587 menn
1066 3538 1198 3587 emtam.
1218 3565 1246 3575 -
1265 3538 1350 3588 bacis-

258 3608 346 3658 autem
360 3607 468 3659 consule
480 3609 574 3661 iacobs
587 3610 670 3661 Lectt.
683 3612 782 3661 Venus.
820 3608 910 3673 otiose]
935 3609 1024 3661 olivas
1046 3612 1073 3660 in
1094 3611 1209 3661 modicis
1225 3613 1283 3675 agri
1300 3614 1350 3663 Se·

258 3692 284 3745 p.
298 3680 350 3740 tr..
369 3682 414 3744 qui
432 3685 537 3747 egregie
553 3684 672 3735 deiendit
682 3684 785 3735 bonum
819 3682 876 3734 bini
896 3682 970 3734 clivis
992 3686 1147 3749 provenisse
1164 3688 1279 3735 testatur
1295 3688 1349 3737 Co-

258 3752 330 3803 itium
342 3755 478 3813 Quintium
495 3770 510 3806 a
526 3760 667 3819 conviciis,
687 3758 785 3822 quibus
821 3756 929 3808 tumetis
940 3760 965 3819 tt,
977 3759 1014 3818 8.,
1026 3761 1055 3809 et
1063 3758 1160 3809 oliveta
1172 3760 1255 3811 etiam
1266 3760 1347 3812 bodie

258 3826 374 3877 eundem
400 3830 501 3880 temere
527 3829 677 3883 iaceramnt
697 3833 784 3882 inter-
821 3830 857 3881 ibi
870 3831 983 3882 inveniri
995 3832 1069 3883 multi
1080 3834 1219 3884 testemur.
1235 3856 1265 3869 -
1284 3848 1350 3896 opa-

257 3902 362 3964 pretes,
392 3903 527 3965 tamquam
556 3908 676 3969 ceptutor
704 3906 785 3956 merit
821 3905 903 3970 meat]
921 3906 1040 3957 Verbum
1057 3908 1203 3969 opaeum
1218 3919 1270 3972 pro
1289 3908 1349 3958 ‹io-

257 3986 338 4024 euree
356 3974 491 4039 populeris
509 3980 710 4042 atqueexterna
723 3993 783 4045 spe-
822 3978 972 4044 cupieram,
998 3981 1101 4031 ditare»
1133 3984 1252 4046 primum
1277 3994 1349 4033 nuuc

256 4049 296 4099 cie
320 4047 387 4112 irugi
410 4050 549 4103 bominem
565 4053 735 4118 probumque
752 4066 783 4105 se
823 4053 895 4118 opud
911 4055 1049 4106 Horatium
1065 4056 1207 4118 reperimr.
1232 4056 1271 4105 Eo
1282 4070 1348 4107 usus

256 4134 318 4175 esse
336 4121 474 4174 simularit.
509 4124 581 4178 biulti
598 4128 670 4178 enim
688 4128 786 4193 ingenii
823 4129 956 4179 estetiam
968 4128 1349 4192 Columellam-romine

257 4198 300 4251 sui
316 4197 430 4249 iactandi
449 4212 529 4253 ceuse
547 4201 573 4253 in
592 4214 623 4252 eo
637 4200 718 4253 veluti
735 4201 789 4253 eia·
823 4202 950 4266 copretis]
969 4203 1036 4254 Cum
1044 4203 1154 4255 minime
1163 4204 1348 4257 necessarium
