2925 4892
509 379 778 431 mnfflm
1128 378 1191 445 w

148 534 238 601 iratis
260 534 427 621 precibus3
456 544 490 601 tu
512 533 624 623 pulses
646 556 742 603 omne
763 532 853 623 qnod
874 536 994 611 obsint,
1148 538 1191 605 30

147 656 195 722 id
216 658 436 723 Maecenatem
458 656 592 723 memori
616 656 643 723 si
665 667 773 725 mente
794 676 955 725 recurras.

146 777 215 844 Hoc
237 778 325 845 iuvat
346 790 379 845 et
399 776 485 845 melli
508 788 574 856 est;
597 799 661 845 non
684 782 828 845 mentiar.
872 782 911 845 nt
933 778 1028 847 simui
1051 790 1137 847 44444

146 899 282 965 Ventum
304 910 354 965 est
376 898 550 987 Esquilias,
573 898 679 967 aliena
700 902 830 988 negotia
850 910 980 969 centum

145 1022 207 1086 Per
229 1030 380 1107 caputet
401 1021 487 1089 circa
508 1020 626 1089 saliunt
651 1020 744 1089 latus.
781 1025 861 1089 Ante
885 1022 1063 1089 secundum

144 1141 283 1208 Roscius
305 1140 420 1209 orabat
441 1141 501 1210 sibi
524 1141 660 1210 adesses
683 1142 724 1209 ud
747 1142 858 1211 Puteo]
881 1164 965 1211 4444.
1148 1146 1191 1211 35

134 1331 252 1381 4444444444
270 1330 355 1381 Codd.
375 1332 419 1381 «iu
437 1332 533 1382 nostris
551 1330 675 1383 omuibus
692 1332 859 1383 membranis
875 1346 970 1385 versus
985 1333 1158 1385 hiericunta

133 1418 293 1457 mensurum
311 1407 440 1456 excurrit:
469 1407 533 1468 Quid
549 1406 594 1456 titi
608 1407 660 1467 444,
686 1407 786 1468 insono,
804 1412 828 1456 44
843 1420 907 1469 quor
922 1420 963 1457 444
978 1408 1047 1471 4444,
1064 1409 1159 1471 444444-

133 1482 177 1531 4444
192 1485 296 1544 urget.»
315 1481 416 1542 444444.)
436 1505 465 1517 -
485 1481 525 1531 30.
541 1480 630 1543 pulsos
645 1482 672 1529 S.
693 1506 719 1517 -
739 1481 780 1531 34.
798 1495 850 1531 non
864 1483 973 1531 44444444
987 1497 1024 1542 44,
1043 1483 1158 1535 Lambe-

132 1556 233 1607 iitunus
250 1558 278 1607 et
295 1554 394 1619 aliquot
406 1558 489 1615 3444,
507 1570 538 1606 no
556 1556 665 1606 44444444
683 1572 714 1621 μ.
738 1584 766 1594 -
787 1556 829 1607 33.
849 1556 976 1619 Esquilias
993 1556 1112 1619 usc,uct
1130 1562 1159 1611 44

132 1630 218 1681 Beati.
233 1645 238 1679 :
256 1631 393 1693 Esquilias
409 1631 461 1681 Fii.

102 1780 237 1842 4444444444.
263 1804 292 1817 -
313 1779 442 1841 4444444044
462 1782 536 1843 wyri
553 1778 630 1829 lrutir
667 1778 712 1829 Est
731 1779 865 1830 sermonis
889 1779 1044 1842 quotidiani.
1080 1781 1134 1831 Cio.
1155 1782 1190 1831 444

98 1852 223 1919 preciosas]
242 1856 295 1905 est:
318 1854 390 1905 44444
407 1852 461 1904 uiio
478 1852 581 1917 pudore
597 1866 629 1903 44
667 1854 739 1904 Fum.
758 1853 787 1913 3,
814 1853 845 1914 4,
870 1854 900 1903 44
931 1854 1002 1916 Quod
1024 1854 1192 1905 4444044υ444

100 1930 178 1981 modo
197 1942 245 1979 me
272 1929 418 1979 4444444444
439 1927 503 1979 diris
529 1929 630 1991 impre-
665 1928 741 1989 miii,
758 1941 790 1977 44
804 1927 1191 1992 44444444,9444444444.4144·

100 2004 279 2055 4444444044.»
298 2002 350 2053 cir.
362 2002 479 2067 Euodt,
490 2002 535 2053 86:
556 2002 631 2064 4444-
666 2014 727 2053 rum
745 2000 828 2053 Codd.
844 2016 896 2053 444
913 2004 1021 2053 mentior
1037 2004 1116 2054 nimis
1132 2002 1191 2055 iuu-

99 2084 163 2129 44444
176 2090 277 2142 procos.
312 2076 360 2127 Od.
381 2078 409 2137 4,
433 2078 479 2138 48,
498 2076 542 2127 33:
567 2088 630 2138 pro-
666 2077 776 2140 gnidum
799 2078 850 2127 444.
879 2103 907 2113 -
933 2077 1014 2143 uuor]
1039 2079 1102 2143 quia
1126 2077 1190 2131 oiim

100 2153 168 2203 444444
183 2166 241 2203 non
258 2152 362 2213 linquar
378 2151 472 2201 4444444.
487 2177 514 2187 -
534 2150 630 2213 tuput-
667 2152 753 2202 iuerat
769 2149 855 2217 plebis
873 2151 980 2203 iniimus
998 2152 1189 2217 tenuiorem,

99 2229 141 2291 444]
154 2226 331 2287 «Quomodo,
344 2224 455 2285 muium,
469 2226 562 2288 (inquii
574 2222 629 2289 pui-
666 2226 743 2277 onius
761 2227 818 2291 ipsu
835 2228 967 2276 memorio
983 2232 1069 2287 44444,
1093 2228 1120 2277 id
1138 2231 1189 2287 444,

99 2303 195 2361 satus.)
216 2299 303 2350 audes
321 2300 467 2363 impingere
487 2300 514 2349 in
535 2310 629 2351 omnes
665 2299 786 2351 44444444
796 2302 970 2364 cogitationes
981 2301 1127 2360 4444444444ς
1140 2303 1191 2353 4444

99 2378 141 2441 qui
173 2376 226 2427 tibi
259 2374 368 2426 obstant
395 2388 495 2438 eosque
523 2374 558 2423 de
586 2374 627 2423 viu
667 2375 820 2425 iuncturris
832 2376 1029 2426 Maecenatiana
1039 2388 1102 2427 eum
1112 2377 1191 2427 horto

6 2460 7 2465 ’
99 2450 289 2502 4444444444»
322 2450 512 2499 coniunctium
537 2449 629 2497 autem
666 2446 702 2497 ibi
720 2450 855 2499 exstructo
873 2452 943 2509 4444,
967 2453 1040 2500 certe
1057 2452 1111 2500 ium
1128 2450 1190 2501 inde

98 2526 183 2590 aptior
210 2523 385 2586 indignationi
411 2536 492 2587 quum
517 2521 629 2573 oliorum
666 2524 701 2574 44)
718 2536 743 2575 4.
761 2536 789 2573 u.
807 2538 832 2573 4.
851 2525 909 2575 itii.
939 2526 1005 2575 Vide
1030 2527 1084 2575 Sui.
1107 2528 1137 2585 4,
1158 2526 1189 2586 4,

98 2600 174 2651 lertio
190 2600 295 2661 444444,
313 2610 383 2661 quse
399 2600 539 2661 praeterea
551 2596 629 2660 longe
667 2598 707 2650 44.
730 2626 758 2637 -
779 2599 921 2661 4444444444]
941 2600 981 2649 De
1001 2601 1134 2663 scripturo
1155 2600 1189 2651 44.

97 2676 235 2725 minorem
253 2686 268 2721 4
287 2671 372 2721 Codd.
386 2671 468 2723 4444444
484 2672 629 2721 444444444-
667 2673 751 2737 Epod.
763 2675 793 2733 4,
812 2673 870 2723 400.
883 2698 913 2709 -
925 2674 1031 2737 centur]
1049 2676 1191 2723 «44444444

97 2753 160 2801 iem.
199 2748 257 2798 (144.
277 2748 372 2807 suti,
390 2748 419 2807 7,
437 2746 482 2797 io:
503 2746 630 2796 runai
667 2748 772 2811 negotiu
790 2747 824 2797 nb
842 2748 915 2797 omni
938 2750 1013 2811 perte
1030 2760 1075 2797 mo
1095 2752 1193 2798 vexent

6 2862 7 2867 1
96 2830 135 2874 tro
150 2820 296 2875 imecurt?
324 2820 388 2873 Piiu.
409 2824 505 2884 Paneg.
528 2820 573 2881 63,
594 2821 626 2870 5:
667 2827 695 2874 et
716 2822 794 2886 quusi
816 2822 1035 2872 ciromwolioot»
1073 2822 1190 2883 (Terent.

95 2894 629 2959 4444444444444444444--444444444-
666 2898 715 2949 Ad.
736 2897 766 2958 3,
788 2898 818 2958 4,
841 2896 877 2958 4.)
897 2924 925 2934 -
947 2896 1090 2960 4444444444]
1113 2896 1193 2947 uobis

96 2975 169 3025 viimi
179 2986 216 3023 444
226 2971 411 3021 mimum
422 2970 521 3033 44444444
530 2969 630 3021 uiues?
667 2985 700 3022 ex
716 2973 797 3022 444444
814 2973 876 3023 euni
886 2970 1054 3035 temporibus
1069 2969 1112 3021 vei
1129 2983 1193 3022 444·

97 3050 139 3099 Sic
156 3048 244 3099 etiem
256 3046 359 3097 644444.
378 3046 479 3096 444444.
499 3046 583 3109 Epict.
597 3046 627 3105 4,
667 3052 722 3099 ium
740 3044 784 3097 vei
800 3048 957 3111 septimum,
976 3048 1084 3098 44444444
1099 3047 1192 3110 utique

97 3124 143 3183 49,
162 3122 214 3173 464
238 3116 395 3191 Σωκράτης
412 3110 465 3172 οὖν
482 3118 531 3171 ἵνα
547 3118 629 3190 πάθῃ
667 3123 729 3174 sutis
747 3121 958 3179 incommodum
976 3123 1118 3186 urgentnrii
1131 3135 1194 3172 444·

98 3194 190 3249 ταῦτα
209 3188 259 3247 ὑπ’
275 3189 446 3261 {domatum
471 3196 587 3245 84444444
602 3198 631 3245 ut
667 3199 706 3247 444
732 3200 796 3248 mne
820 3197 933 3259 negotiis
957 3210 1055 3248 444444
1079 3196 1193 3261 iucipie-

99 3273 158 3323 4444
174 3270 330 3335 4444444444
357 3272 443 3321 Minus
460 3274 534 3320 44444
553 3270 630 3321 Η444-
667 3270 741 3322 bont.
784 3272 839 3323 Cic.
860 3285 911 3335 pro
936 3273 1059 3332 Quinctio
1084 3273 1113 3331 0,
1140 3273 1190 3321 tit:

100 3346 220 3398 doriius:
243 3347 283 3395 du
303 3350 424 3395 44444444
445 3346 523 3395 wohl
540 3346 628 3406 44444,
667 3347 778 3397 Noouios
793 3373 808 3384 -
823 3374 838 3383 -
848 3348 902 3409 4444
916 3359 975 3395 tuor
989 3347 1142 3396 maurim
1152 3372 1167 3383 -
1177 3370 1193 3381 -

99 3434 163 3471 4444
180 3421 292 3471 dirim
311 3420 397 3483 Weae
413 3421 467 3481 444,
485 3434 573 3471 menn
590 3422 631 3470 444
667 3426 801 3485 44444444,
829 3426 858 3469 ut
882 3422 917 3470 ud
939 3421 1054 3470 44444444
1077 3421 1193 3470 84444444

100 3510 158 3545 nur
173 3510 217 3545 444
232 3496 495 3545 Maecenas-riter
510 3495 627 3545 1444444.
666 3496 712 3545 ribi
728 3497 813 3545 adsint
827 3496 892 3545 horu
907 3496 1017 3545 termido
1028 3494 1196 3557 poemiae

102 3598 128 3606 -
146 3570 339 3631 44-44444444]
367 3569 428 3619 «ubi
454 3582 486 3619 ex
511 3570 577 3620 Foro
595 3568 630 3619 ud
668 3568 874 3634 4444444444νώ44]
890 3568 976 3619 verbu
986 3572 1049 3621 sunt
1059 3582 1113 3619 uon
1121 3569 1193 3619 servi

101 3646 302 3705 1444444444),
322 3645 398 3709 quasi
416 3644 487 3708 opud
505 3658 568 3695 eum
584 3645 631 3694 hu·
667 3644 791 3705 44444ιί444,
809 3645 858 3695 sed
876 3644 960 3708 ipsius
977 3644 1090 3705 iiorutii,
1116 3644 1193 3694 ouius

101 3719 217 3781 bitures,
236 3720 394 3771 4440444444
405 3719 631 3769 redonen-mo·
667 3732 717 3783 per
740 3722 820 3784 ceput
844 3719 896 3769 hoo
917 3720 1003 3769 4444444
1030 3718 1194 3769 stulterum

101 3795 180 3859 44444]
207 3794 295 3845 «dum
320 3795 423 3845 amicus
448 3793 495 3845 tibi
520 3806 629 3858 semper
667 3793 817 3845 scribarum
829 3794 965 3857 negotium
976 3791 1194 3845 saliebat-Pu-

101 3870 162 3919 4444
180 3868 274 3919 oeulos
290 3873 442 3919 versatur.»
666 3868 724 3933 4444]
743 3868 862 3932 (144444.
876 3869 907 3929 4,
925 3868 971 3930 40,
989 3869 1019 3921 8:
1037 3870 1133 3918 Fortun
1145 3882 1195 3931 pu·

134 3944 226 3994 34-34.
244 3944 306 4009 Hoc]
317 3942 366 3993 md
377 3943 560 3995 Maecenatem
569 3956 629 3995 me-
667 3944 765 4005 4444444
779 3943 887 3994 Libonis.
921 3944 1019 3994 Prmu
1039 3944 1193 3994 844444444-

103 4020 170 4069 mori
182 4022 275 4069 mente
286 4030 459 4079 recurrerem
472 4020 628 4082 neutiquam
666 4032 728 4069 4444
745 4018 901 4083 inscriptum
917 4022 961 4069 444
976 4018 1092 4069 dononio
1107 4018 1194 4081 gendo

102 4106 181 4153 4444,
200 4095 231 4142 ut
246 4092 289 4143 ulii
301 4092 447 4157 explicent:
468 4092 590 4158 «pulsare
603 4096 630 4143 44
667 4093 821 4144 Scribonius
834 4091 940 4157 (Eokhel
951 4094 983 4143 Ι).
994 4094 1025 4143 ii.
1035 4094 1060 4143 4.
1074 4106 1100 4157 p.
1113 4090 1192 4153 304),

103 4164 202 4229 puisun·
227 4164 352 4231 maioque
377 4168 488 4233 insuper
510 4168 629 4219 4444444.»
668 4169 694 4218 in
718 4166 817 4232 quibus
838 4180 901 4217 4444
926 4165 991 4231 lyris
1016 4169 1045 4217 et
1068 4166 1193 4229 encarpis

105 4266 134 4279 -
152 4255 203 4293 444
222 4242 346 4305 mour]
373 4241 472 4295 4140444
499 4242 629 4293 44444444.»
667 4244 791 4303 ormino,
817 4254 901 4304 4444,
928 4243 958 4291 ut
977 4242 1095 4300 videtur,
1121 4240 1193 4289 44444
