2925 4892
535 380 596 431 Alis
612 380 758 433 uomica.
1133 376 1194 442 699

150 537 337 621 Continget,
361 534 557 622 dabiturque
578 535 706 603 licentia
727 544 854 623 sumpta
877 536 1057 623 pudenter;

149 658 190 721 Et
211 676 295 722 nova
319 654 460 742 fictaque
482 676 587 743 nuper
608 656 773 723 habebunt
794 656 893 723 verba
914 656 1026 733 fidem,
1052 659 1078 725 si

150 778 277 845 Graeco
299 776 385 843 lonte
408 776 540 853 cadent,
562 796 661 865 parce
683 777 816 845 detorta.
862 778 946 858 Quid
969 788 1075 845 autem

150 896 292 965 Caecilio
313 896 493 984 Plautoque
516 896 606 965 dabit
630 900 793 965 Romanus
816 896 1001 986 ademptum

139 1126 168 1173 et
183 1123 314 1187 Porphyr.
333 1122 446 1181 lionae,
465 1120 693 1173 bersentinus:
712 1124 806 1173 cadunt
822 1123 872 1183 bS,
894 1124 961 1185 etti,
983 1124 1076 1173 endunt
1094 1137 1162 1175 unus

138 1196 356 1335 ξὲἰὲεζὲἶὲοὲ]
373 1202 430 1248 crte
446 1197 474 1247 B.
496 1224 518 1233 -
537 1196 578 1247 el.
597 1197 663 1247 dedit
678 1210 748 1249 unus
765 1196 893 1258 Lambini,
911 1196 988 1247 dabat
1005 1196 1162 1261 Regelsber-

104 1477 189 1527 dude
214 1478 246 1539 (e
263 1476 348 1527 Codd.
365 1478 395 1525 G.
413 1475 532 1538 Fabricii)
550 1472 635 1525 Bentl.
673 1474 903 1537 quemadmodum
925 1474 1041 1525 nonnulli
1064 1477 1197 1539 interpre-

103 1555 133 1601 et
155 1551 230 1615 quod
255 1564 280 1599 v.
298 1551 339 1601 50.
363 1550 509 1614 praecedat
527 1552 635 1614 finam,
673 1550 719 1599 tati
731 1550 802 1599 sunt.
815 1576 842 1585 -
856 1549 953 1613 cadant]
966 1550 1125 1613 «comparet
1138 1563 1196 1599 ven

103 1638 177 1689 quae
195 1624 286 1689 putida
303 1627 377 1675 esset
391 1625 522 1688 repetitio.
548 1626 635 1673 lmmo
672 1622 707 1671 ba
723 1622 803 1673 latina
820 1636 836 1673 e
853 1636 949 1685 graeca
965 1622 1053 1685 lingua
1071 1622 1195 1673 uunalata

104 1702 148 1750 est
164 1697 275 1761 elegans
292 1700 320 1747 et
335 1699 488 1749 necessaria
499 1698 633 1762 repetitio,
672 1699 750 1758 rium,
769 1698 815 1759 qul
832 1695 959 1761 paulatim
976 1710 990 1747 a
1010 1697 1081 1747 fonte
1099 1697 1195 1747 dellexi

103 1775 169 1836 quia
198 1773 320 1835 sequitur
347 1772 470 1823 eiusdem
499 1773 635 1836 praecepti
671 1785 721 1836 per
737 1775 842 1823 montes
859 1771 988 1821 cadunt.»
1007 1772 1120 1821 Fuscum.
1144 1772 1196 1821 Fo-

103 1846 287 1912 amplificatio,
297 1846 581 1910 nempeendemverbn
590 1860 635 1895 nn·
671 1848 761 1897 turum
776 1850 849 1897 recte
862 1846 1009 1911 respondet
1024 1846 1195 1911 praecedeuti

102 1936 140 1973 oc
151 1923 180 1971 et
193 1923 282 1985 fletui»
292 1946 321 1957 -
334 1921 457 1971 bubebuat
467 1921 570 1985 -fldeml
583 1921 633 1970 sita
670 1921 801 1971 habebunt.
816 1920 1043 1983 -porcedetorth
1054 1921 1194 1981 «Vemmpi

103 1994 296 2061 probabuntur
306 1998 417 2059 propter
427 1994 635 2045 evidentiamat·
672 1996 769 2057 inquit,
789 1996 830 2045 «in
847 1996 899 2045 hoe
913 2008 1020 2059 qnoque
1034 1994 1196 2057 penetrantia

104 2082 161 2133 que
173 2068 344 2131 elegantiam,
357 2071 387 2118 ut
396 2068 484 2119 oblata
492 2070 634 2119 occasione
670 2082 739 2134 opus
752 2071 801 2127 est.
815 2082 849 2121 ne
861 2070 939 2121 nimis
950 2070 1095 2132 graecisset
1111 2070 1196 2119 oratio

103 2144 148 2193 alii
166 2156 276 2206 quoque
294 2143 325 2192 iis
342 2142 457 2193 libenter
466 2143 541 2193 usuri
554 2143 632 2192 sint.»
670 2144 897 2207 peregrinumque
907 2142 1025 2194 colorem
1033 2144 1138 2193 ducat.»
1151 2143 1196 2194 lti-

138 2217 230 2267 tta-ea
249 2218 270 2265 si
282 2218 378 2267 Graeco
387 2218 455 2279 [oute
464 2216 566 2279 cadom]
578 2228 635 2265 ma·
671 2229 730 2267 ram
739 2218 851 2267 Dacierli
863 2218 1107 2282 interpretationem
1119 2230 1197 2268 seeu-

103 2292 177 2341 xime
195 2292 222 2339 in
239 2290 477 2354 compositionibus
493 2289 528 2339 ud
540 2291 633 2339 Graeci
671 2292 714 2341 tus
731 2294 773 2341 est
790 2292 899 2343 Gonnd:
924 2293 968 2341 «Si
984 2306 1046 2342 noes
1060 2292 1146 2355 peiren
1163 2292 1197 2341 let

104 2366 242 2417 sermonis
266 2364 414 2428 analogium
439 2364 532 2424 lactis,
559 2365 634 2415 cuius
670 2370 735 2413 mota
751 2366 769 2415 d
784 2378 833 2415 une
849 2378 937 2416 source
953 2380 1073 2429 praeque,
1091 2378 1150 2415 rona
1164 2366 1197 2414 les

106 2439 216 2503 generis
233 2439 305 2503 apud
322 2440 459 2489 llorntium
479 2442 541 2489 sunt
555 2440 635 2489 cutti-
671 2440 807 2488 anrner
822 2441 852 2489 de
870 2440 925 2490 later
935 2454 1003 2501 ratu
1022 2442 1196 2504 praeceptum

103 2526 212 2575 mus,
230 2512 401 2575 Mento,
416 2513 635 2578 heimmera-
671 2513 791 2562 omnium
814 2526 879 2563 sane
902 2514 1017 2564 maxime
1035 2526 1197 2577 supervaca-

105 2584 231 2653 κήτης),
258 2588 387 2647 inam,
412 2601 507 2636 cunoni
529 2588 636 2637 vatinia
671 2598 762 2635 neum.
789 2588 935 2645 Quisenim
951 2600 1197 2637 averosensuun-

105 2663 200 2711 iiim
216 2660 461 2732 (χρυσόπαστος),
487 2663 633 2724 matter,
671 2672 753 2723 quum
764 2659 952 2723 detorqueret,
971 2661 1031 2721 quis
1045 2672 1126 2723 porro
1137 2672 1197 2723 pra·

105 2732 217 2799 ἀνίσως
243 2750 268 2786 v.
281 2738 336 2795 re.;
363 2737 428 2787 item
453 2738 479 2787 in
501 2736 635 2788 rebusad
671 2747 705 2784 ve
730 2732 864 2783 detortum
886 2735 1044 2796 agnosceret
1065 2731 1116 2781 lule
1133 2744 1197 2781 ver-

106 2810 304 2875 pbilosophiem
316 2813 343 2861 et
356 2812 559 2873 grammaticam
570 2824 635 2875 per·
671 2808 738 2858 bum
759 2810 899 2859 Latinum?
924 2810 992 2857 Sane
1017 2807 1115 2857 detorta
1131 2805 1159 2857 b.
1178 2806 1194 2855 l.

107 2885 267 2946 tinentibun,
286 2888 316 2935 ut
331 2886 513 2946 bumanodio,
535 2886 636 2947 indiffe-
671 2885 733 2933 sunt
751 2881 903 2949 udedpcta,
922 2884 957 2932 ita
974 2884 1004 2933 ut
1018 2884 1118 2931 Graeca
1135 2892 1196 2930 esse

105 2974 180 3021 rear,
199 2960 320 3021 qualitas,
338 2959 635 3026 aequilibittcsfflnovo-
672 2956 808 3015 desinant,
832 2970 896 3006 vere
920 2956 1010 3006 latina
1034 2956 1126 3005 liant·
1155 2954 1197 3003 Sic

106 3037 175 3098 μία,
194 3036 249 3084 Cic.
262 3034 297 3084 de
309 3038 364 3085 nat.
377 3034 453 3084 deor.
467 3036 491 3094 l,
501 3034 543 3094 39,
557 3034 634 3095 tot),
672 3031 724 3081 iam
735 3031 800 3081 Cato
811 3031 838 3080 in
851 3030 970 3081 secundo
979 3031 1114 3093 Originum
1126 3028 1197 3093 apud

106 3109 284 3170 nuiloqtnittm.
322 3110 364 3158 Sic
389 3110 484 3159 Cicero
505 3108 636 3158 mettium
672 3105 798 3155 Priscian.
813 3104 837 3165 9,
850 3104 874 3165 9,
888 3106 928 3154 54.
950 3104 1199 3168 lp.87l.l’.):lln·
1255 3148 1260 3155 ,

107 3178 233 3246 (οὐσίαν)
251 3196 302 3233 nec
318 3196 372 3233 non
386 3184 538 3233 indoloriam
553 3175 636 3245 (ἀπά-
671 3179 756 3227 nutui
770 3182 907 3238 noceatur,
927 3178 956 3227 de
967 3180 1055 3228 Narro
1072 3179 1197 3227 detererem

107 3257 636 3321 dwlnominuvit,uddeus:liceteuim
673 3252 738 3314 (sic)
764 3264 861 3301 annet.
885 3279 911 3287 —
943 3252 1009 3312 Quid
1029 3256 1112 3300 ameni
1135 3250 1198 3313 cet]

108 3334 181 3381 nonin
196 3332 271 3381 rebus
285 3346 353 3381 awa
371 3332 475 3381 aomina
490 3332 634 3393 tuipcner03
673 3324 756 3385 «Quid
767 3327 892 3387 negatum
902 3327 952 3374 erit
963 3324 1198 3387 praestantissimis

109 3405 385 3469 testeSidonioApnll.
396 3406 534 3469 Ep.l>ruel.
545 3406 632 3456 Carm.
673 3402 779 3449 nostrae
797 3398 891 3448 aetatis
907 3399 1006 3461 poetis,
1026 3397 1098 3460 quod
1115 3396 1199 3445 liben-

109 3480 169 3538 ll.;
189 3480 262 3529 idem
277 3492 359 3543 porro
376 3479 445 3530 valet
461 3480 496 3529 de
513 3482 637 3529 constru-
673 3477 714 3524 ter
735 3486 805 3524 nune
822 3472 973 3522 concedunt
990 3472 1098 3521 comicis
1115 3468 1198 3519 seculi

109 3553 380 3603 ctinnibuseGraeco
392 3566 517 3603 sermone
529 3554 637 3604 desum-
672 3548 741 3598 sexti
758 3550 837 3609 atque
854 3547 881 3597 in
898 3547 939 3597 his
959 3544 1114 3609 probanti»
1142 3543 1196 3595 Clr.

108 3630 169 3692 ptis.
190 3627 231 3677 Cl.
245 3625 349 3686 Quintil.
364 3628 410 3687 tt,
431 3628 477 3685 tu,
490 3628 539 3677 3³:
559 3628 636 3676 rento
673 3624 727 3671 Cic.
741 3622 775 3671 de
790 3622 841 3671 lin.
855 3622 884 3679 3,
902 3620 933 3678 t,
952 3622 994 3669 te:
1014 3619 1042 3669 Si
1057 3618 1149 3669 Zenoni
1165 3618 1198 3667 lt-

108 3708 144 3752 est
159 3714 243 3752 semro
259 3703 372 3751 Graecus
387 3702 477 3751 Latino
493 3702 634 3760 iamdiu,
672 3698 738 3755 coit,
764 3709 821 3745 cnm
853 3708 906 3745 run
932 3694 1046 3757 utquam
1070 3694 1200 3743 inumbret

107 3783 136 3827 st
150 3776 232 3826 nouit
245 3778 350 3837 potine,
377 3777 471 3836 quotu
488 3777 560 3825 dulce
575 3789 636 3824 ccr-
673 3771 835 3831 inusitatum,
854 3770 995 3819 inauditum
1012 3781 1109 3830 quoque
1125 3769 1147 3817 ei
1162 3769 1199 3817 rei

108 3864 165 3900 meu
180 3863 233 3900 csse
247 3850 385 3909 munim,
404 3851 506 3899 idom
521 3851 637 3899 ideomi-
671 3857 761 3894 nomen
778 3845 921 3906 iteponere,
940 3857 986 3893 cur
1002 3858 1053 3893 nnn
1069 3844 1200 3893 linonicu-

108 3925 181 3974 sidtu
195 3930 325 3973 mmm.
352 3923 415 3985 (Cic.
433 3924 468 3973 de
485 3926 529 3974 0r.
547 3925 575 3983 l,
592 3923 634 3981 at,
672 3918 747 3967 toni?
761 3944 786 3953 «-
808 3918 915 3968 Cnecilio
926 3917 1070 3980 Plautoque]
1087 3916 1151 3966 Vide
1164 3917 1198 3967 ad

110 4000 193 4059 455,);
211 3999 368 4061 neutiquam
386 4012 450 4047 vero
467 3996 584 4060 loquitur
600 3998 635 4047 de
672 3992 737 4055 Epp.
751 3993 775 4049 Ξ,
791 3993 814 4051 l,
828 3993 859 4041 58
873 4005 913 4055 sq.
933 4020 960 4027 -
980 3993 1123 4053 ademptum
1144 3992 1199 4039 Vir-

109 4072 218 4135 integris
234 4070 388 4131 vocubulis,
417 4075 447 4121 ut
462 4076 525 4122 sunt
540 4073 634 4132 uniter,
671 4068 732 4131 pitto
759 4065 889 4129 Varioque]
920 4066 1073 4117 «Manifesta
1100 4065 1150 4113 boc
1173 4065 1198 4113 in

110 4150 170 4207 cti,
188 4146 342 4206 tricliniaria,
368 4146 548 4208 omnpborten,
564 4146 635 4207 peri-
672 4144 731 4193 loeo
749 4144 817 4193 inest
833 4144 1070 4205 grammaticorum
1088 4144 1114 4190 ct
1126 4140 1199 4190 criti·

108 4225 233 4281 neum,
254 4220 424 4283 pbilosophis,
447 4221 552 4271 bituria
569 4222 632 4279 cet,
673 4229 766 4269 coium
783 4217 973 4281 reprehensio,
993 4228 1074 4279 quos,
1093 4228 1154 4264 eum
1174 4216 1199 4265 in
