2925 4892
543 312 602 363 4444.
621 314 640 363 4.
675 314 744 365 sir.
762 312 804 364 vi.
1155 308 1211 376 444

158 472 200 540 Ut
219 470 248 536 si
271 470 329 556 qui
351 477 499 555 aegrotet
518 488 584 555 quo
605 468 720 536 morbo
743 470 878 545 Burrus,
901 468 1012 537 haberi
1174 468 1216 533 30

160 592 200 659 Ut
222 591 336 677 cupiat
356 589 534 665 formosus,
557 600 612 656 eat
631 608 846 678 quocunque,
870 588 987 677 puellis

161 712 290 779 lniiciut
310 731 422 777 curam
445 710 625 799 quaerendi
648 710 788 799 singula,
813 708 901 799 quali

161 833 209 900 Sit
230 831 331 907 facie,
355 851 448 908 euru,
470 830 559 919 quati
582 831 685 919 podo,
709 831 824 909 deute,
849 830 982 920 capilio:

161 954 216 1020 Sic
237 953 296 1041 qui
318 952 475 1040 promittit
495 952 601 1029 cives,
624 952 742 1019 urbem
764 951 826 1019 sibi
849 972 962 1029 curuo,

161 1074 342 1161 Imperium
361 1072 432 1140 iore
453 1082 488 1140 ct
507 1072 644 1150 ltuiium,
669 1072 806 1143 delubra
827 1071 983 1151 deorum,
1173 1076 1214 1141 35

160 1196 236 1276 Quo
257 1203 353 1282 patre
375 1194 417 1260 sit
436 1202 550 1272 nutus,
574 1215 653 1260 num
676 1194 783 1282 ignota
804 1203 907 1261 matre
930 1192 1134 1271 inhonestus,

161 1316 289 1383 Omnes
310 1314 465 1383 mortales
486 1335 604 1383 curere
627 1325 662 1382 ct
681 1334 842 1403 quaerere
868 1316 961 1404 cogit

158 1439 252 1504 'l'unc
276 1436 369 1525 Syn‘,
393 1436 515 1503 Damae
537 1445 593 1502 aut
618 1436 754 1527 Dionysi
775 1435 875 1515 filius,
898 1436 1001 1503 audes

182 1587 228 1637 34).
248 1588 352 1637 Vm
365 1600 393 1651 p.
413 1614 442 1624 —-
461 1587 502 1638 ct.
519 1588 554 1637 ut
569 1588 657 1649 mopsus
676 1586 763 1650 bscd,
781 1588 899 1637 Pottierii
915 1585 1049 1651 plerique,
1068 1588 1109 1637 ct.
1145 1588 1184 1651 (ut

148 1674 217 1720 nos,
235 1674 265 1725 p,
285 1678 304 1726 y
321 1658 418 1724 diique
436 1660 549 1712 Bentleii
566 1662 635 1723 tres,
654 1664 780 1725 qimttuor
796 1661 932 1722 Pcttierii.)
947 1684 974 1697 -
988 1661 1029 1711 34.
1048 1660 1138 1711 inuias
1154 1660 1184 1711 d.

151 1760 179 1771 -
200 1735 244 1785 344.
263 1735 382 1795 liuticis,
407 1736 513 1785 delubra
529 1735 615 1797 bScd‚
639 1748 734 1787 omnes
752 1735 868 1787 Pottierii
885 1738 913 1785 44
930 1736 960 1785 4·“;
983 1734 1126 1785 licitumst
1142 1736 1186 1785 do-

147 1810 229 1859 tubru
244 1810 347 1874 p‚LCt,
364 1808 500 1861 Bentleius
517 1812 546 1860 et
560 1810 609 1863 444.
624 1834 652 1847 -
665 1810 706 1861 37.
724 1815 800 1875 copat
817 1821 832 1859 c
850 1811 878 1861 et
894 1822 963 1859 corr.
983 1810 1014 1871 S,
1033 1810 1097 1860 item
1109 1806 1186 1873 pleri-

149 1898 205 1948 que
224 1883 361 1943 Pottierii,
380 1884 426 1946 qui
442 1884 553 1947 recepit.

118 2003 209 2054 addita
225 2001 321 2054 lunula
336 2001 457 2053 eburnea
469 2004 540 2053 circe
556 2001 650 2053 tuium.
687 2016 750 2053 curu
766 2002 850 2065 punit,
865 2003 941 2065 pede,
964 2004 1057 2053 contre
1074 2004 1130 2054 rim
1151 2014 1217 2053 cue·

118 2080 224 2130 Becker
239 2078 333 2129 4444444
350 2078 406 2140 (Ed.
424 2077 479 2141 444.)
497 2078 540 2127 444.
557 2090 585 2142 p.
604 2076 652 2127 433
689 2089 777 2128 surus.
798 2103 826 2115 -·
840 2076 974 2142 4444444444]
993 2075 1074 2126 «dum
1086 2076 1216 2128 4444444444-

118 2166 159 2219 sq.
179 2181 211 2191 -
228 2154 295 2215 ouis
310 2153 383 2201 4444444
398 2152 439 2201 istc
449 2151 504 2203 4444
519 2166 569 2215 cuo
576 2156 654 2213 patro
689 2155 733 2203 tus
744 2152 860 2203 honores
873 2153 945 2217 petit,
959 2164 1000 2213 44,
1014 2164 1084 2216 quse
1096 2164 1217 2215 sequun-

118 2228 224 2291 4444447]
243 2228 321 2278 Haec
338 2225 417 2277 lectio
429 2225 514 2277 Codd.
528 2238 653 2276 meorum
689 2229 748 2286 tur,
765 2227 895 2291 promittit
912 2226 1014 2276 civibus
1031 2227 1114 2277 suis»
1133 2226 1215 2277 Vides

120 2314 282 2353 sermonem
310 2300 459 2351 identidem
491 2302 541 2351 istu
569 2312 655 2363 quse-
690 2302 828 2351 florutium
841 2302 985 2351 etiamtunc
997 2299 1069 2364 ioqui
1086 2298 1161 2351 uelut
1171 2312 1217 2351 vc·

119 2378 237 2427 rendum
259 2374 360 2426 meiius
382 2377 533 2439 exprimere
548 2374 656 2425 videtur
690 2378 749 2425 tere
766 2387 795 2425 re
808 2374 923 2439 publicu.
937 2400 966 2411 -
979 2374 1094 2437 4444444444,
1112 2374 1218 2425 dotum

120 2464 203 2515 quem
219 2449 355 2513 retiquae.
390 2448 511 2500 Eundem
530 2448 656 2513 praetulit
691 2449 802 2514 deosum]
821 2452 849 2499 ln
866 2451 917 2501 huc
939 2450 1068 2511 lectione,
1095 2450 1129 2500 ub
1147 2450 1218 2516 opti·

121 2528 202 2576 emm
232 2523 373 2576 Heindorf.
404 2552 432 2561 -
462 2523 587 2588 44944444]
619 2522 654 2573 dc
691 2524 742 2573 mis
761 2522 912 2587 quibusque
930 2523 1014 2574 Codd.
1034 2524 1147 2584 4444444444,
1165 2538 1216 2589 per

121 2598 657 2662 unimimorbos.perturbstione,utvo·
692 2600 780 2661 ipsum
802 2591 960 2647 ἀσύνδετον
978 2611 1022 2648 res
1039 2610 1131 2649 444444
1155 2610 1220 2661 pro-

121 2680 193 2725 σεῖν.
222 2701 253 2710 -
271 2674 381 2738 Burrus]
399 2673 493 2734 homo,
512 2677 655 2737 antequem
692 2672 761 2722 funis
777 2671 942 2721 manifestius
954 2673 1126 2735 opponuntur
1137 2682 1219 2735 quum

120 2751 193 2813 inops
212 2746 308 2808 fleret,
327 2747 430 2798 44444444
451 2746 539 2797 studio
559 2749 658 2799 immo-
693 2748 721 2797 in
741 2742 844 2808 volgata
868 2744 970 2795 4444444444
992 2750 1016 2795 44
1040 2744 1144 2795 mucra
1160 2746 1220 2795 doo-

120 2824 182 2874 dicc
200 2821 315 2871 deditus
330 2820 550 2871 etudulterurum
568 2824 657 2872 sectu-
692 2832 760 2869 rum.
790 2842 817 2854 -
843 2818 919 2883 uum]
946 2820 994 2869 iiic
1019 2831 1126 2883 quoque
1152 2820 1220 2870 hoec

18 2903 19 2914 ¹
120 2902 172 2948 tor.
191 2886 316 2947 cesai:
328 2896 353 2955 4,
367 2893 394 2955 4,
408 2895 465 2945 440.
485 2896 549 2945 44444
558 2896 657 2947 Burrus
694 2893 823 2959 porticula
840 2906 917 2944 sunm
933 2894 1030 2945 retinet
1050 2894 1221 2957 significatio-

18 2985 19 2994 *
121 2970 275 3023 vilissimae
288 2967 434 3019 admodum
450 2967 566 3019 libidinis
576 2972 657 3033 utque
694 2981 772 3027 nem;
792 2981 853 3019 num
866 2968 957 3033 quiite
969 2969 1126 3033 interroget,
1145 2969 1221 3020 4444444

121 3048 192 3095 ritae
211 3038 281 3104 44ιί4,’
298 3043 369 3092 odeo
384 3044 415 3092 ut
430 3042 659 3107 Aemiliumiirgi-
695 3043 784 3107 quusi,
813 3055 848 3092 ue
874 3056 1052 3107 responsurus
1077 3045 1111 3095 sit
1136 3042 1218 3095 ulter:

122 3134 187 3172 nem
203 3120 309 3170 Vestae
325 3119 473 3168 incestasse
490 3117 578 3169 dictus
597 3120 656 3170 444·
695 3118 794 3167 «immo
821 3117 1038 3179 honestissima»,
1069 3130 1132 3169 cum
1160 3118 1220 3183 ipss

124 3196 220 3244 4444444.
271 3192 333 3241 Vid.
360 3192 420 3241 0444
443 3192 512 3242 John
540 3191 575 3242 ud
600 3193 656 3243 cic.
694 3190 769 3242 malit
799 3192 961 3242 contrarium
990 3204 1160 3257 responsum.
1190 3220 1219 3233 υ-

124 3265 267 3327 Bruttii,
289 3266 347 3315 469.
382 3265 456 3316 coni.
475 3266 550 3317 Oros.
567 3268 595 3327 d,
615 3268 656 3317 td.
693 3268 781 3330 iuncta
792 3264 882 3329 matre]
893 3266 937 3315 Sic
948 3268 1018 3327 4444,
1037 3268 1071 3317 44.
1083 3267 1134 3316 Atii
1144 3264 1220 3317 Balbi

124 3340 425 3399 conmonuemus.
435 3340 510 3390 itom.
520 3339 573 3400 ts,
586 3339 658 3403 opud
695 3340 793 3392 Aricini
809 3339 873 3401 41144,
897 3341 984 3390 muter
1001 3339 1124 3390 Caesaris
1142 3340 1221 3390 Octu-

124 3428 245 3480 qnomm
261 3412 379 3463 alterum
390 3414 549 3476 stupratoris
559 3426 659 3464 nomen
694 3416 779 3481 uiuni,
805 3414 867 3465 huic
888 3415 1027 3478 tamquam
1051 3413 1149 3463 4444444444
1171 3412 1223 3463 ob-

124 3504 198 3541 nnue
215 3486 332 3553 quidem
348 3488 376 3537 L.
392 3488 520 3548 Veturius,
539 3500 582 3551 ep.
595 3486 660 3537 elte-
696 3500 792 3539 scuras
818 3487 925 3551 originis
951 3484 1129 3539 obiiclebetur
1149 3501 1164 3538 4
1186 3488 1221 3539 M.

124 3577 187 3615 rum
226 3562 441 3623 Βουτέτιος
478 3558 660 3632 βάρβαρος
696 3564 819 3614 Antonio.
838 3564 893 3614 Cic.
907 3560 1221 3628 Phiiipp.3,6‚46.-

124 3637 265 3689 scribitur.
301 3635 380 3700 Apud
398 3636 556 3686 Ciceronem
577 3648 661 3687 uoce·
696 3650 819 3700 puccrors
843 3636 917 3702 copti]
944 3636 1037 3687 muter
1061 3636 1151 3689 444444
1179 3638 1224 3688 vix

18 3703 20 3730 4
125 3715 170 3762 tur
187 3711 348 3761 months
361 3710 615 3761 4444444444444444.
630 3738 659 3747 -
696 3713 823 3774 possunt,
842 3712 906 3775 quin
923 3712 1080 3776 quaerunt.»
1105 3710 1223 3763 Aliorum

127 3788 158 3836 444
173 3784 277 3849 mici]
290 3785 342 3834 utu
352 3786 384 3835 ut
393 3785 463 3834 cet.»
481 3785 537 3835 Huc
547 3784 660 3836 lectione
698 3784 776 3836 tectio
798 3790 874 3849 ceput
900 3788 958 3836 ortu
988 3785 1094 3837 videtur
1119 3800 1152 3837 44
1177 3798 1224 3836 uc·

124 3861 285 3911 accuratius
297 3858 475 3923 significetur,
493 3872 548 3923 quo
565 3858 660 3910 morbo
699 3860 913 3911 commodatione
931 3859 965 3911 ad
981 3872 1007 3911 4.
1025 3862 1066 3911 sit.

125 3934 260 3985 hbonrit
283 3934 383 3984 44444444
412 3946 494 3998 quum
515 3932 659 3984 alternet:

125 4008 204 4073 qnod
221 4008 270 4071 qui
292 4007 461 4071 praeierunt,
490 4010 520 4058 ut
534 4008 660 4070 Vossius,
734 4008 970 4073 consumet]
988 4007 1224 4073 inquituliquisex

126 4080 285 4147 cupticendi
312 4081 473 4146 porticulum
500 4082 599 4133 dicunt.
632 4110 659 4119 —
699 4081 809 4149 populo.
834 4084 1028 4145 8444444444444,
1047 4084 1146 4143 Dama,
1164 4082 1225 4131 Dic·

18 4179 19 4226 i
126 4170 206 4218 m,
230 4156 303 4219 quau
321 4156 399 4221 pede]
428 4156 478 4207 Alit
500 4158 663 4223 distinguunt
697 4158 798 4221 4444444,
834 4154 909 4209 solitu
939 4170 1079 4210 servomm
1107 4156 1222 4207 nomina.
