2925 4892
267 339 329 407 502
627 331 994 386 nonnnrsrrsrossaou

310 495 448 564 Partitur
469 492 580 558 lintres
602 489 781 566 exercitus3
804 487 894 554 Actia
914 505 1023 573 pogna

312 621 354 684 Te
377 615 460 682 duce
482 633 542 701 per
563 629 683 699 pueros
706 607 811 676 hostili
834 627 925 673 more
946 607 1098 686 refertum

309 735 522 804 Adversarius
545 742 595 800 est
617 733 728 806 irater,
754 729 844 796 lacus
864 727 1000 804 Hadria,
1024 727 1130 796 donec

309 857 503 925 Alterutrum
524 854 619 922 velox
639 851 779 918 Victoria
800 849 914 917 fronde
936 859 1079 917 coronet

310 977 501 1046 Consentire
522 976 590 1042 suis
613 971 728 1040 studiis
749 972 806 1060 qui
830 969 1006 1038 crediderit
1027 983 1077 1046 te,

310 1101 430 1166 Fautor
450 1107 590 1184 utroque
612 1104 703 1160 tuum
723 1091 869 1160 laudabit
889 1090 1007 1178 polline
1028 1091 1150 1158 ludum.

309 1219 459 1287 Protinus
482 1229 517 1283 ut
538 1235 688 1282 moneam
701 1251 745 1264 --
759 1215 787 1280 si
802 1213 881 1302 quid
897 1213 1066 1280 monitoris
1079 1233 1158 1302 eges
1173 1222 1208 1278 tu
1224 1249 1282 1289 —,

310 1339 396 1419 Quid
419 1338 460 1405 de
483 1357 615 1426 quoque
636 1336 707 1401 viro
729 1344 763 1402 et
783 1335 835 1402 cui
858 1335 961 1409 dicas,
984 1353 1084 1421 saepe
1106 1333 1225 1400 videto.

299 1517 340 1568 63.
358 1516 438 1568 Adria
449 1517 481 1576 E,
496 1529 509 1566 a
522 1515 583 1579 (non
594 1514 621 1574 d,
635 1513 680 1577 qui
696 1511 758 1563 alibi
773 1512 829 1575 sic).
843 1541 869 1551 -
881 1513 922 1563 ot.
932 1513 1052 1564 misum
1062 1527 1084 1563 s.
1100 1541 1127 1548 -
1142 1513 1182 1564 68.
1195 1519 1218 1563 st
1229 1527 1286 1564 om.
1297 1515 1324 1564 S.

268 1665 433 1724 bassaus,
453 1665 478 1724 4,
497 1663 537 1713 43.
559 1687 587 1698 -
608 1662 680 1712 ,44444
694 1660 792 1726 papan]
829 1659 914 1711 forma
936 1662 1071 1712 rarissima
1097 1663 1151 1721 444,
1178 1663 1316 1725 reperitur
1331 1665 1357 1713 in

266 1739 336 1802 ling.
349 1742 415 1790 Aen.
429 1737 453 1798 8,
472 1738 536 1788 ott:
554 1736 626 1788 Actio
642 1735 713 1785 444444.
732 1736 790 1785 Ἦᾱ.
828 1735 1032 1786 4444444444.
1047 1737 1155 1786 miset.
1166 1737 1197 1786 V.
1208 1737 1251 1787 xl.
1265 1751 1294 1802 p.
1305 1739 1356 1800 73.)

266 1813 301 1863 ad
312 1813 378 1876 Epp.
392 1814 416 1872 4,
430 1812 470 1872 44,
483 1813 525 1862 20.
541 1837 568 1847 -
581 1809 698 1874 refertur]
712 1811 794 1860 aima·
831 1833 859 1846 -
871 1814 1001 1872 4444444-
1010 1809 1126 1873 -pstlice1
1147 1811 1176 1860 ln
1189 1809 1289 1875 pollice
1300 1817 1358 1863 erat

265 1887 354 1950 gisem
371 1899 476 1951 pugnae
487 1887 610 1937 Actiacae
623 1883 743 1944 exhibes,
755 1885 792 1934 ita
829 1887 857 1934 et
873 1884 971 1934 laveris
988 1886 1017 1934 et
1032 1885 1206 1935 aversationis
1225 1886 1358 1950 signitica-

265 1962 296 2012 ut
321 1963 349 2010 to
373 1961 500 2023 4434444,
528 1959 610 2010 freter
626 1961 688 2010 natu
705 1959 793 2010 minor
828 1959 880 2009 tio:
898 1971 962 2008 nam
979 1958 1099 2008 inventes
1109 1971 1172 2009 eum
1183 1959 1355 2023 premebant,

179 2085 184 2094 ,
265 2033 386 2094 Antonii,
413 2034 484 2083 servi
510 2035 649 2097 utriusque
678 2033 791 2084 militum
828 2032 1012 2098 improbantes
1028 2035 1057 2083 et
1066 2031 1243 2096 gladiatorem
1253 2035 1356 2086 victum

266 2109 355 2172 partas
367 2107 476 2170 agatis.»
502 2109 544 2157 Sic
559 2108 652 2158 dicunt
663 2108 743 2157 etiam
753 2107 793 2169 44
828 2106 1025 2157 conficiendum
1034 2119 1096 2158 esse
1105 2106 1289 2170 significantes
1297 2122 1357 2159 rer·

265 2181 463 2244 nanneten.
474 2181 562 2230 denuo
572 2181 663 2231 edere.
683 2181 789 2230 Terent.
828 2173 922 2231 iebant
937 2182 1010 2231 retro
1022 2183 1050 2231 et
1065 2179 1250 2244 subrigebant.
1271 2183 1357 2246 (44444

264 2257 363 2317 4444γ4.
377 2253 445 2304 Prol.
458 2255 483 2314 2,
501 2254 541 2304 st.
555 2253 640 2304 443οε
667 2255 792 2314 Hscprnm
828 2257 933 2317 gestum
959 2255 1133 2306 nominabant
1148 2255 1266 2318 4444444444
1278 2258 1357 2319 potti-

264 2329 352 2379 44444
362 2328 489 2391 resercn
499 2328 588 2377 444444.
603 2327 729 2378 Ceterum
739 2327 791 2377 boc
827 2341 888 2379 4444.
917 2329 969 2379 Cir.
983 2329 1126 2380 Buttmann
1143 2329 1178 2379 ad
1193 2329 1300 2389 Quintil.
1314 2333 1355 2392 44,

264 2415 297 2454 44
314 2400 374 2452 telio
391 2399 492 2452 ludicra
515 2403 702 2464 praecesserat
720 2402 791 2451 seria
827 2401 852 2462 3,
863 2402 931 2464 tis.)
948 2401 1012 2452 Plln.
1024 2403 1055 2453 li.
1067 2404 1097 2452 N.
1108 2403 1149 2462 28,
1160 2403 1185 2464 ²,
1196 2405 1225 2453 b:
1244 2405 1355 2468 Poltioes,

263 2479 333 2528 inter
349 2487 448 2541 pueros
465 2477 599 2526 Romanos
615 2475 791 2525 Caesarianos
826 2489 884 2525 4444
898 2476 1044 2538 immas,
1068 2489 1184 2539 prensis
1199 2479 1278 2528 44444
1291 2495 1357 2542 pro-

263 2553 292 2602 et
307 2549 470 2601 Antonianos
493 2549 520 2598 ln
544 2549 613 2602 Urba
631 2563 736 2614 pugna,
763 2550 790 2599 ln
826 2549 911 2600 444444
925 2549 1049 2600 iubentur.
1076 2549 1262 2615 Alcipbronb.
1280 2551 1307 2604 4.
1327 2567 1355 2619 p.

265 2637 319 2690 qua
336 2625 364 2674 bi
381 2623 579 2675 succubuerant
600 2637 623 2673 a.
642 2638 669 2674 u.
689 2637 712 2674 c.
731 2625 788 2674 722.
827 2624 884 2676 ast.
894 2625 937 2674 W.
952 2623 1067 2687 Glycera
1075 2625 1235 2675 Menandro:
1249 2625 1356 2692 ἐντοῖς

263 2701 313 2752 Dio
333 2701 408 2750 Cass.
428 2699 469 2759 4444,
489 2699 513 2748 8.
541 2697 681 2749 Lolliorom
699 2701 790 2749 autem
827 2699 1016 2768 προακηνέοις
1032 2691 1155 2763 ἕστηκα,
1172 2696 1357 2763 spicimi-

262 2773 404 2826 lsteludus
418 2775 475 2823 erat
496 2773 571 2835 quael
587 2773 684 2823 rustica
701 2773 791 2823 imita-
827 2770 896 2833 λους
923 2767 1052 2838 ἐμαυτῆς
1079 2773 1235 2836 πιέζουσα,
1269 2765 1291 2846 ᾖ
1319 2771 1357 2826 ἂν

262 2849 299 2899 tio
317 2845 416 2898 navabs
433 2844 527 2909 proelii
545 2845 579 2896 ab
597 2849 713 2909 Augusto
726 2846 789 2896 editi
827 2845 986 2916 upmaiiop
997 2842 1033 2896 τὸ
1043 2847 1176 2918 θέατρον.
1203 2849 1357 2902 04444444·

264 2922 381 2985 4844444.
403 2919 492 2969 octav.
514 2918 555 2969 ts.
579 2921 640 2969 Tac.
659 2923 726 2970 nnn.
747 2921 788 2981 ts,
826 2934 888 2971 ven.
909 2921 938 2981 3,
960 2921 1005 2972 36:
1031 2923 1141 2971 4444444
1156 2936 1223 2972 minc
1239 2926 1319 2975 4444444
1334 2933 1357 2976 at

263 2993 327 3055 tol,
350 2991 423 3054 quod
441 2990 494 3041 noli
511 3003 574 3041 cum
591 2991 660 3044 ludis
675 2995 789 3044 Actiacis
826 3007 897 3045 certo
910 2995 1003 3057 pollice
1016 2995 1105 3059 oolpru
1116 2997 1195 3057 ouen
1210 2997 1279 3048 444444
1289 3000 1356 3048 4444·-

265 3065 321 3128 (Dio
331 3067 405 3115 Cass.
415 3065 458 3124 53,
472 3065 506 3125 4.)
519 3063 692 3116 contundere.
707 3069 736 3117 ln
747 3069 789 3119 bis
827 3071 889 3120 44444
898 3069 1064 3132 populariter.
1084 3071 1115 3120 li.
1126 3068 1249 3134 ligitur:
1268 3085 1356 3124 «sum-

264 3139 349 3198 enim‚
368 3150 392 3187 4.
412 3151 439 3187 n.
453 3151 476 3187 c.
490 3137 547 3188 iso.
565 3139 682 3201 primum
701 3140 787 3201 editis,
827 3155 872 3192 mo
889 3141 1019 3208 applausu
1035 3143 1208 3194 ffilandabit.»

264 3207 318 3276 τὴν
335 3208 529 3282 ἱπποδρομὶαν
546 3209 594 3260 itai
610 3225 641 3260 τε
655 3210 711 3262 τῶν
722 3216 790 3265 nat-
859 3217 948 3268 er-rt.
966 3219 1084 3268 44444444
1098 3219 1162 3284 cet]
1179 3231 1279 3283 aporro
1290 3233 1356 3271 con·

263 3283 321 3336 δων
337 3287 387 3338 καὶ
403 3282 452 3337 διὰ
468 3281 525 3336 τῶν
541 3281 653 3358 ἀνδρῶν
671 3285 728 3337 τῶν
746 3282 790 3339 sri-
827 3291 934 3340 44444444
950 3291 1185 3356 praeceptionibus
1203 3295 1233 3342 nt
1254 3296 1281 3343 te
1300 3306 1356 3344 mo·

263 3356 354 3428 γενῶν
378 3359 508 3426 ἐποίησε.
541 3387 569 3398 -
602 3362 683 3412 bestiti
709 3363 789 3427 more]
826 3377 891 3415 nere
908 3377 1046 3428 pergam·
1069 3366 1109 3416 ci.
1126 3366 1203 3417 lland
1220 3367 1298 3418 lbra.
1311 3368 1352 3417 lv.

265 3435 362 3500 «quasi
386 3447 417 3486 re
441 3447 507 3486 vera
532 3435 624 3486 hostes
648 3436 718 3486 inter
739 3447 790 3487 vos
825 3451 852 3503 p.
867 3439 925 3487 644.
952 3439 1114 3502 scriptoram
1127 3441 1249 3502 pretim
1264 3444 1355 3491 aucto

265 3509 387 3560 essetis.»
402 3535 429 3545 -
446 3507 521 3558 44444
539 3509 657 3574 Victor-tu]
678 3508 744 3560 Geli.
762 3510 788 3571 6,
824 3513 903 3562 ritate
920 3511 1004 3562 codd.
1022 3513 1092 3563 bled.
1112 3514 1140 3562 et
1154 3513 1231 3563 44444.
1250 3515 1278 3564 ia
1295 3515 1355 3565 Vir-

265 3583 291 3642 s,
308 3582 338 3632 b:
358 3583 403 3632 Gn.
422 3583 527 3632 44444444
542 3583 570 3631 ts
586 3583 688 3645 septeno
703 3583 791 3633 iliadis
825 3584 886 3649 gilio
911 3583 1012 3648 ubique
1034 3585 1159 3649 praetulit
1174 3588 1305 3649 Wagner.
1326 3616 1353 3626 -

265 3655 400 3705 4444444444
424 3655 551 3705 uotum
566 3661 724 3722 praepetem
741 3671 790 3719 cp-
824 3657 928 3722 4444444]
946 3655 1024 3720 εἴτι,
1040 3673 1129 3710 44444
1144 3661 1257 3723 irpssrt
1265 3663 1354 3712 saci.

260 3727 365 3789 pellooit
380 3729 425 3777 ltoc
441 3741 529 3778 uarro.¹
553 3729 790 3781 bannivimus
825 3734 975 3796 4444444.
988 3735 1013 3794 b,
1026 3734 1088 3784 688:
1107 3736 1129 3784 si
1145 3735 1355 3798 444444444444

264 3811 380 3865 praepes
399 3801 509 3852 Victoria
522 3803 646 3864 palmum.
673 3805 788 3855 Victoria
824 3808 896 3870 44444
921 3807 1019 3857 labora
1042 3809 1150 3869 Respicit
1168 3809 1305 3858 44444444.
1325 3837 1352 3845 -

263 3871 331 3922 alata
348 3885 476 3924 coronam
493 3872 613 3927 luuroam
630 3877 723 3927 victori
740 3878 790 3928 im·
825 3883 891 3943 0444
906 3882 938 3931 rte
953 3893 1052 3944 4444444
1068 3881 1131 3946 cet]
1148 3881 1229 3945 «quid
1240 3881 1277 3932 de
1289 3895 1356 3947 qno·

263 3947 337 4010 ponit
358 3947 437 3997 etiam
460 3949 486 3998 in
507 3951 636 4010 nummis,
663 3963 731 4013 quos
747 3952 789 4000 ci-
824 3967 932 4018 eunqne
948 3956 1058 4006 bomine
1074 3954 1176 4006 dieas.»
1204 3957 1355 4020 Porphyris

262 4020 381 4069 444444444
405 4021 547 4072 vocabunt.
586 4023 707 4084 (Victoria
733 4037 787 4075 oon
824 4027 934 4091 quidem
958 4027 1009 4090 (cui
1029 4031 1175 4080 4444444444
1190 4028 1353 4092 Bentleiuslz

263 4090 345 4152 44444,
377 4094 465 4156 imago
488 4095 614 4146 victoriae
640 4098 730 4148 certas
755 4111 788 4148 ac
825 4099 899 4150 «Trio
916 4099 992 4151 dicit:
1016 4103 1078 4164 prsis
1093 4103 1175 4164 dicus,
1197 4103 1229 4152 ‹is
1243 4115 1296 4163 piso
1312 4104 1355 4152 ‹li-

263 4167 461 4230 permanentis,
493 4179 562 4232 quae
592 4169 701 4231 quidem
728 4170 787 4221 eius
822 4184 878 4235 444,
903 4175 945 4224 444
970 4175 1073 4234 ticon»
1099 4178 1130 4226 ut
1149 4177 1179 4226 444
1195 4189 1296 4238 444444
1319 4179 1354 4227 sit
