2925 4892
534 322 593 371 iiii.
613 322 631 370 i.
668 322 736 373 sni.
756 322 774 371 i.

154 480 193 543 lt
213 477 240 543 si
263 484 420 563 cognatos
443 475 532 541 nullo
554 487 668 543 natura
691 476 803 543 labore

154 599 244 677 Quos
266 597 323 663 tihi
347 596 402 663 dat
423 596 563 663 retinere
585 595 665 665 velis
688 618 887 686 servareque
908 600 1047 672 amicos.

154 719 265 785 Infelix
286 738 422 805 operam
443 718 578 805 perdas.
603 729 637 783 ut
659 719 686 784 si
710 718 784 806 quis
807 719 942 787 asellum
1159 724 1202 785 iio

155 844 189 905 ln
212 841 335 927 Campo
358 838 475 907 doceat
497 848 663 926 parentem
685 860 819 906 currere
842 840 949 907 irenis.

154 950 305 1049 D'enique
327 961 369 1026 sit
389 960 463 1027 finis
485 960 680 1049 quaerendi,
704 982 846 1049 cumque
868 961 991 1030 habeas
1012 962 1102 1050 plus,

157 1082 353 1171 Pauperiem
375 1093 501 1148 metuas
523 1082 629 1147 minus
652 1092 684 1147 et
706 1080 798 1147 linire
822 1082 965 1149 laborem

176 1338 219 1390 88.
238 1336 270 1387 At
291 1336 412 1400 rihodp‚
431 1336 538 1387 LCthtJ:
565 1337 603 1385 An
619 1336 640 1385 ai
656 1336 708 1397 iis,
729 1338 838 1400 cruquii
855 1336 924 1399 duo,
943 1336 1081 1389 Pulmauui
1098 1344 1174 1404 quat·

144 1418 220 1473 tuor,
249 1412 381 1462 Torrentii
405 1410 507 1475 aliquot
526 1412 554 1460 et
568 1423 616 1474 pro
633 1424 690 1461 var.
710 1410 771 1461 lect.
789 1429 820 1479 γ,
848 1414 912 1463 item
928 1412 1075 1475 bonfinius,
1101 1416 1175 1466 Acri

144 1487 230 1538 codd.
255 1486 329 1549 liegii
353 1486 426 1535 itit.
449 1487 477 1536 ot
499 1484 588 1546 82⁴6..
608 1485 794 1548 iieindortius,
819 1486 858 1539 Aa
882 1487 918 1537 ric
938 1501 954 1538 o
974 1487 1080 1539 Vatariii
1105 1490 1171 1541 Cori.

143 1562 295 1613 Sohornioo
316 1560 520 1623 suspectissimo
537 1560 554 1609 F
571 1562 600 1609 et
614 1560 744 1623 iteisigiua
764 1563 833 1613 mato
853 1562 1009 1613 Eberhardo
1027 1562 1087 1625 (aiio
1103 1568 1175 1615 tem·

143 1650 209 1701 pore
229 1636 318 1698 Reisig
334 1632 442 1685 volebat
460 1634 491 1683 til
506 1634 561 1697 eto),
578 1635 610 1684 iit
628 1636 650 1685 st
669 1632 816 1696 iinroiliua,
832 1637 883 1687 Aac
898 1638 920 1685 rt
935 1638 1099 1701 Stephanus,
1117 1639 1175 1687 Non

142 1714 163 1760 si
189 1708 346 1769 mand,
372 1708 449 1771 Atqu
472 1710 576 1759 Buter.
606 1738 633 1747 -
659 1708 700 1759 90.
725 1711 815 1772 pordes
838 1710 857 1759 S
881 1712 910 1759 et
933 1722 1003 1761 uuus
1024 1710 1115 1761 Bianti.
1145 1734 1173 1747 -

143 1787 183 1837 92.
205 1798 308 1848 quoquo
330 1786 350 1835 C
374 1786 465 1845 unte,
493 1784 627 1845 Muretus,
647 1782 783 1834 iieindorl.
821 1784 860 1845 (Ut
876 1796 937 1845 uos.
960 1796 1055 1835 omues
1077 1786 1132 1835 mei
1148 1788 1177 1835 ot

144 1860 284 1921 Pottieriil

112 2102 198 2157 ram,
224 2108 278 2146 nec
294 2098 447 2158 vocativus,
471 2096 533 2148 sed:
561 2096 645 2147 «adeo
682 2108 744 2147 erae
767 2098 794 2147 in
812 2098 914 2162 campo
936 2098 1029 2150 Martio
1046 2098 1149 2149 constat
1165 2096 1209 2147 voi

112 2176 138 2221 ui
154 2174 215 2236 ipse
235 2170 360 2222 dolenter
371 2173 486 2234 sentius,
505 2184 587 2235 quam
599 2170 646 2222 ad-
682 2182 714 2221 ex
732 2170 781 2222 Od.
800 2172 831 2234 t,
849 2172 880 2232 8,
898 2173 923 2221 o.
943 2172 972 2231 3,
993 2173 1038 2229 tt.
1056 2173 1082 2221 8.

113 2259 191 2297 versa
218 2246 325 2296 torinna
348 2248 432 2297 utaris
449 2248 575 2311 omnique
598 2258 645 2297 ca-
715 2243 804 2295 aa-ei.
829 2246 952 2309 limique]
971 2246 1043 2295 Cave
1059 2245 1209 2297 conlaudas

113 2332 172 2371 reas
190 2332 325 2371 successu
341 2322 368 2371 iu
385 2320 546 2383 rationibus,
574 2334 645 2385 quae
683 2332 746 2370 oum
766 2322 834 2383 part.
852 2321 954 2370 modom
974 2318 1157 2385 intelligatque
1173 2322 1209 2372 (ic

114 2394 158 2444 tihi
185 2407 252 2445 cum
279 2396 436 2459 propinquis
460 2396 512 2445 tuis
529 2398 646 2447 interco-
682 2396 815 2457 tempore.
849 2394 906 2445 Est:
934 2398 1030 2457 «atquo
1055 2394 1126 2445 haec
1140 2396 1209 2446 odeo

114 2468 205 2519 dunt·
242 2468 285 2519 Ad
302 2482 328 2519 v.
348 2470 437 2533 inscito
453 2468 500 2521 clr.
517 2470 647 2521 iierman-
682 2481 789 2519 summa
817 2471 859 2519 est
889 2472 1098 2533 praeceptorum
1132 2484 1209 2521 moo-

113 2556 177 2593 num
194 2542 233 2593 ad
255 2542 347 2607 Eurip.
366 2544 421 2593 ion.
441 2543 499 2594 oli.
518 2543 645 2609 Exempla
682 2556 770 2602 rum»;
789 2545 829 2593 ‹iic
844 2544 921 2607 Fotpo
935 2558 985 2594 oon
1001 2544 1076 2594 ouon
1093 2544 1148 2595 dont
1163 2547 1211 2595 mit

114 2617 192 2669 huius
211 2616 415 2679 significationis
433 2616 564 2679 (rutubus,
581 2630 646 2682 per·
682 2618 772 2668 iiinom
789 2618 871 2668 Wori.
890 2618 966 2668 iisnd
977 2618 1052 2667 Tura.
1066 2618 1097 2667 ii.
1109 2630 1137 2681 p.
1150 2618 1208 2668 27².

114 2704 225 2751 renus.
262 2693 292 2741 et
323 2694 467 2756 propterea
495 2690 530 2741 ad
564 2691 646 2742 linem
686 2720 714 2729 -
740 2693 798 2755 pois
823 2691 971 2754 morai]
997 2689 1079 2740 Lucil.
1105 2690 1209 2754 Fragm.

115 2778 194 2815 sunm
217 2778 273 2815 non
297 2766 489 2829 perveniensn)
513 2764 582 2816 adde
605 2768 647 2816 ter
684 2766 736 2816 inc.
757 2767 785 2827 t,
803 2766 831 2816 ti:
853 2766 936 2815 Virtus
952 2765 1112 2825 quaerendas
1127 2765 1166 2815 rot
1178 2766 1212 2829 fi-

115 2840 185 2903 apud
203 2838 369 2903 Sophoclem
387 2832 524 2902 ἄνολβος.
558 2840 645 2902 Antig.
683 2854 741 2890 narn
764 2840 830 2890 sciro
852 2840 1010 2901 montosaque.
1046 2864 1075 2875 ·-
1106 2852 1212 2901 mpero

116 2916 189 2965 ltili.
210 2914 287 2963 litio.
306 2913 371 2964 Aiax
389 2915 461 2964 titio.
476 2914 542 2966 Piut.
556 2914 591 2963 de
603 2928 648 2964 co-
683 2912 848 2979 lampius]
862 2917 906 2964 «et
916 2914 1042 2976 quoniam
1055 2910 1211 2978 plushahea

117 2988 171 3039 iiii.
186 2990 227 3038 ira
247 2988 296 3038 ii:
315 2979 397 3037 Οὕτω
415 3002 463 3038 σοι
480 2984 558 3038 δοκῶ
576 3003 649 3039 παν·
685 3002 767 3052 quam
784 3002 817 3039 eo
840 2991 977 3052 temporo.
1004 3001 1060 3054 quo
1085 2990 1211 3053 egestatis

116 3062 244 3113 τάκασιν
256 3056 369 3127 ἀτυχής
380 3075 423 3125 τις
434 3058 507 3114 sirau
518 3064 568 3113 καὶ
579 3058 649 3128 ἀνή-
684 3066 760 3114 metu
784 3076 850 3128 opes
876 3076 1008 3126 quaerero
1034 3064 1209 3128 incipiebas.»

115 3152 236 3200 κεστος,
263 3127 341 3187 ὥστε
361 3134 402 3203 μὴ
426 3138 582 3201 νουθεσίας
598 3152 648 3189 τυ·
684 3139 750 3188 iiira
776 3140 817 3188 est
842 3138 938 3188 liureti
955 3138 1023 3189 coni.
1044 3150 1156 3201 quoquo,
1182 3141 1210 3189 iu

117 3218 193 3271 zeta,-
204 3240 233 3248 -
244 3212 359 3276 audium]
373 3214 464 3277 «quasi
477 3214 551 3264 esset
562 3226 647 3276 equus
684 3211 757 3263 nulio
773 3212 862 3262 adhuc
876 3212 974 3263 codice
985 3216 1102 3277 reperta,
1121 3214 1210 3273 idest,

117 3299 296 3350 generosusrr
333 3286 395 3337 -ust
419 3289 509 3338 autem
534 3300 648 3352 prover·
686 3288 728 3337 aet
753 3298 807 3351 qno
829 3285 889 3350 plus
911 3286 1040 3349 habebis,
1067 3302 1100 3338 oo
1120 3290 1211 3339 minua

118 3360 185 3412 hiale
203 3362 332 3411 schema:
358 3363 446 3413 (loona
465 3364 566 3412 arim
587 3376 648 3413 cur-
684 3360 828 3410 metuenda
846 3360 893 3410 tibi
911 3362 1127 3425 eritpaupcrtas;
1147 3376 1211 3426 ergo

118 3449 199 3486 ran.»
235 3436 322 3485 Coun.
343 3436 421 3493 cauo.
451 3437 578 3487 Ceterum
588 3450 649 3501 per·
684 3435 810 3493 comede,
841 3437 971 3497 quantum
1002 3437 1112 3498 potes.»
1155 3436 1213 3486 iioo

119 3512 230 3560 versitas
247 3509 362 3559 huiusce
379 3510 478 3574 incepti
495 3509 583 3561 emeat
597 3524 648 3575 po-
684 3522 766 3573 quam
790 3508 923 3559 absonum
943 3509 978 3559 sit
998 3508 1118 3558 sentiens
1138 3508 1161 3559 J.
1179 3512 1210 3560 Α.

119 3585 252 3636 tissimum
277 3596 292 3632 e
316 3596 342 3633 v.
359 3584 452 3647 frma,
477 3586 555 3649 quam
581 3598 647 3635 vero
685 3583 812 3633 schanier
828 3584 1018 3646 interpretatus
1041 3584 1097 3632 est:
1124 3585 1168 3634 «et
1183 3587 1214 3635 ut

119 3658 159 3709 his
175 3660 268 3723 potins
285 3670 368 3719 quam
384 3658 534 3711 calcaribus
551 3663 579 3711 ot
598 3660 648 3710 iia-
685 3659 801 3708 maiores
822 3654 924 3707 habeas
946 3656 1050 3707 divitias
1067 3657 1212 3721 minusque

119 3731 192 3797 gobis
204 3730 305 3783 aseiirm
316 3733 455 3797 indigeret.
468 3734 536 3785 -ln
544 3734 647 3801 ωηο]
685 3732 842 3796 pauperiem
863 3733 983 3792 metuas,
1006 3736 1102 3781 coerce
1124 3734 1213 3783 avari-

118 3808 227 3869 lartio,
245 3808 279 3857 ut
294 3806 343 3856 Od.
363 3809 393 3867 i,
412 3808 439 3869 8,
458 3806 483 3859 i.
506 3808 536 3870 3,
557 3811 586 3871 i,
606 3811 645 3860 ii.
685 3806 780 3865 tium5»
792 3806 981 3869 utiquoaeque
993 3804 1123 3869 populare
1135 3820 1213 3871 prae-

120 3882 207 3933 Etiam
223 3883 252 3932 in
270 3892 349 3946 prosa
363 3894 403 3933 or.
418 3883 472 3933 Cio.
487 3882 561 3933 Catii.
575 3884 604 3945 2,
618 3885 647 3933 i:
685 3881 795 3944 ceptum
806 3881 887 3943 atque
899 3878 963 3930 illud
974 3878 1108 3930 Plutarchi
1120 3880 1154 3930 de
1163 3882 1208 3932 vit.

120 3971 169 4008 oon
185 3959 214 4007 in
231 3958 340 4019 cumpo,
357 3970 409 4006 non
425 3958 453 4006 in
467 3956 538 4021 foro,
556 3972 606 4008 noo
622 3959 649 4007 in
686 3966 749 4004 aero
761 3952 794 4003 al.
807 3954 837 4004 8:
854 3950 940 4021 ysacii
957 3945 1091 4017 ἄδουλος,
1111 3952 1158 4005 ἵνα
1168 3949 1211 4021 μὴ

120 4033 203 4082 outo.
238 4030 289 4082 lilii
311 4032 399 4081 minus
420 4034 495 4082 recte
517 4034 649 4097 iuterpre-
685 4026 791 4092 δοῦλος
804 4018 852 4121 ᾖς,
869 4029 920 4080 καὶ
936 4022 1085 4095 ἀκτήμων,
1104 4027 1152 4079 ἵνα
1167 4022 1211 4094 μὴ

122 4110 211 4157 tantm
227 4106 264 4157 de
275 4106 370 4170 quavis
387 4104 506 4171 planitie,
525 4109 554 4157 ut
565 4106 647 4158 Woil:
686 4099 785 4170 κτῆμα
800 4120 837 4176 ῃς
853 4095 952 4155 ἄλλου.
977 4103 1107 4154 Latinitati
1118 4102 1213 4154 adver-

124 4185 158 4230 ian
173 4182 314 4245 Bluchfrld3
333 4180 382 4231 sed
394 4192 480 4244 equos
492 4182 650 4233 exercitatos
687 4180 762 4231 satur
772 4179 897 4231 Dtintzeri
908 4178 1105 4242 interpretatio:
1117 4176 1146 4225 ln
1158 4177 1213 4227 dem

180 4272 273 4319 nour.
289 4284 345 4319 ron.
361 4272 388 4318 ii.
419 4282 460 4317 ao.
476 4282 528 4318 arar.
545 4271 582 4319 iii.
1026 4270 1040 4314 i
