2925 4892
268 349 309 415 to
648 350 776 405 ιιοιιιιιι
793 350 973 403 strrmnuu

309 512 487 577 Demovaat
511 509 614 585 luero,
639 528 746 595 neque
769 508 886 585 hiems,
911 509 1007 595 ignis,
1031 528 1135 585 mare,
1160 509 1296 588 terrum,

309 631 358 697 Nil
381 629 578 707 obstanti,
602 630 680 697 dum
702 649 743 697 ne
766 630 808 695 sit
828 640 860 696 te
881 628 978 696 ditior
998 629 1088 696 alter.
1312 636 1361 701 te

310 750 397 831 Quid
420 752 505 817 iuvat
527 752 718 817 immensum
741 760 773 817 te
795 752 919 837 argenti
940 751 1069 838 pondus
1091 763 1124 819 et
1145 755 1215 820 auri

310 872 429 938 Furtim
452 871 585 938 defossa
605 871 753 938 timidum
774 871 941 959 deponere
961 873 1072 939 terra?

310 993 405 1073 Quod
428 993 455 1057 si
477 992 693 1069 comminuas,
715 991 812 1059 vilem
833 994 1000 1080 redigatur
1020 995 1062 1061 ad
1084 1014 1201 1063 assem.

309 1116 362 1190 At,
385 1114 417 1179 ni
440 1112 473 1179 id
493 1112 543 1188 fit,
568 1114 647 1199 quid
673 1113 771 1181 habet
792 1112 916 1200 pulchri
939 1126 1141 1184 constructus
1162 1122 1326 1186 acervus?

311 1235 395 1300 llilia
416 1235 565 1301 frumenti
587 1245 642 1301 tna
664 1234 788 1301 triverit
808 1255 886 1301 area
907 1245 1054 1313 eentum,
1313 1245 1362 1309 ts

309 1358 379 1422 Non
402 1366 476 1421 tuus
490 1354 553 1423 hoa
574 1356 681 1443 capiet
701 1365 814 1422 venter
834 1354 908 1443 plus
929 1377 968 1423 ac
989 1380 1098 1439 meus;
1121 1372 1157 1426 ut
1176 1363 1204 1427 si

334 1516 374 1565 39,
401 1516 533 1565 Dimeoeat
553 1514 589 1566 sd
607 1518 668 1580 (non
689 1516 782 1582 libro),
801 1544 830 1554 -
848 1533 893 1570 aec
914 1518 991 1573 hiems
1014 1520 1097 1570 Bentl.
1118 1548 1146 1559 -
1163 1522 1205 1573 to.
1223 1525 1256 1573 rit
1277 1526 1324 1575 ttot

300 1605 340 1655 pr.
360 1593 386 1641 S.
407 1618 434 1627 -
453 1590 494 1641 43.
514 1591 606 1652 Ortedsi
623 1591 696 1641 lehn.
718 1620 745 1627 —
764 1592 805 1643 te.
817 1594 857 1657 ue]
875 1609 952 1656 quum
968 1596 1076 1658 benet.
1096 1600 1135 1661 (tlt
1151 1613 1214 1661 nos,
1232 1599 1320 1665 BSdp,

301 1666 354 1716 duo
375 1666 543 1727 Bersmaunl,
569 1664 608 1725 βκ
625 1667 669 1716 net
688 1669 751 1716 octo
767 1671 907 1730 praeterea
925 1670 1002 1735 ultim]

269 1833 297 1841 -
315 1806 394 1869 tynis,
419 1818 504 1867 orere,
529 1806 634 1870 semen]
653 1807 699 1857 Est
721 1809 792 1857 tam-
828 1810 859 1868 3,
878 1809 923 1860 li:
947 1812 1025 1873 thue
1040 1814 1093 1875 tmt
1109 1814 1364 1866 tetam-aoei-

267 1892 350 1942 quarn
367 1879 555 1943 proverbium,
582 1884 612 1929 ut
633 1882 686 1929 Sat.
706 1880 735 1940 4,
761 1880 789 1942 4,
829 1886 911 1934 derint
919 1886 1009 1947 furtim
1019 1888 1218 1949 wris,eadem
1228 1891 1362 1941 cautione

267 1954 429 2017 itlEpmi,
450 1954 478 2014 4,
496 1954 538 2005 46.
574 1953 666 2014 Odi,
684 1954 730 2014 tt,
749 1954 790 2004 36.
829 1961 943 2010 utentes.
979 1962 1010 2010 V.
1028 1964 1120 2013 autem
1144 1966 1265 2026 deponere
1288 1968 1362 2017 satis

268 2030 342 2082 Ovid.
355 2032 416 2081 liet.
430 2031 460 2090 3,
479 2030 526 2080 76:
544 2032 582 2081 tre
596 2044 642 2093 per
652 2032 734 2096 term,
746 2033 793 2081 l’er
829 2033 955 2084 delinitur
971 2035 1103 2087 adiectivo
1119 2040 1242 2090 timidus.

267 2104 365 2168 elutior
381 2104 471 2154 oudin.
507 2103 612 2167 Eupolis
624 2117 666 2168 ap.
676 2105 790 2155 lleinelr.
861 2108 950 2160 43-43.
970 2112 1042 2171 Quod
1056 2113 1152 2177 sicet]
1164 2116 1213 2165 «At
1223 2116 1245 2164 si
1257 2115 1284 2164 id
1295 2120 1361 2167 auri

268 2179 309 2228 l'r.
329 2178 404 2227 Com.
424 2179 455 2228 11.
474 2190 501 2242 p.
519 2178 577 2229 484.
610 2178 665 2242 (Ed.
680 2180 744 2229 min.
762 2193 790 2243 p.
829 2183 943 2246 pondus,
961 2185 1163 2248 inquitavarus,
1175 2189 1361 2253 expendendo

269 2258 335 2320 tet.)
353 2258 387 2309 de
408 2256 558 2309 adulatore:
583 2253 623 2310 Οὐ
640 2255 706 2330 πῦρ,
724 2254 792 2311 oeae
828 2260 956 2317 minuam.
974 2258 1102 2323 paulatim
1119 2275 1205 2325 usque
1217 2264 1251 2313 ad
1262 2278 1361 2317 assem

268 2330 396 2403 σίδηρος,
412 2328 479 2384 οὐδὲ
489 2329 599 2397 χαλκὸς
609 2328 738 2405 ἀπείργει
748 2330 791 2400 μὴ
829 2336 1003 2383 consumetur
1019 2334 1142 2398 adeoque
1160 2349 1261 2399 egenus
1271 2340 1360 2402 atque

267 2404 568 2475 φοιτᾴνὲπὶδεῑπνον.
588 2410 676 2473 Eurip.
690 2411 790 2461 Phoen.
829 2406 906 2470 inops
934 2406 1029 2457 fiam.»
1075 2410 1228 2473 Respondet
1254 2415 1357 2475 poeta:

267 2484 331 2532 tat:
349 2478 429 2552 Πρὸς
445 2477 522 2533 ταῦτ’
532 2479 583 2533 ἴτω
596 2481 728 2554 plaudo,
741 2482 792 2533 ’ἴτω
830 2481 946 2530 «Verum
971 2482 1020 2532 nisi
1045 2484 1073 2533 in
1098 2486 1264 2535 necessarios
1287 2499 1360 2539 usus

267 2556 299 2607 δὲ
323 2554 470 2624 φάσγανα.
496 2582 523 2593 -
547 2559 619 2623 ater]
645 2562 675 2609 ut
699 2561 792 2610 Graeci
829 2556 902 2620 quod
919 2569 987 2619 opus
1005 2559 1046 2607 est
1065 2571 1172 2621 erogas,
1196 2560 1259 2622 quid
1282 2564 1360 2612 eet.»

268 2628 434 2699 ὁπλησιον,
454 2635 623 2699 «quicunque
641 2636 687 2685 tibi
704 2638 794 2700 proxi·
829 2630 896 2683 llele
908 2631 950 2682 ulii
962 2632 1063 2693 Quodsi,
1076 2633 1141 2682 Cod.
1154 2634 1306 2685 Hannover.
1321 2651 1360 2687 ex

268 2721 328 2758 mus
345 2710 387 2759 est
404 2711 432 2759 et
447 2722 564 2773 quocum
582 2712 608 2761 te
624 2724 791 2775 comparas.»
829 2705 1032 2771 interpolatione
1045 2708 1113 2758 Nam
1128 2710 1158 2758 si.
1173 2734 1201 2745 —
1214 2712 1287 2760 Milia
1297 2724 1361 2761 een-

268 2784 343 2834 Conl.
362 2784 397 2834 ad
415 2786 479 2847 Epp.
494 2785 522 2845 4,
541 2786 569 2843 fi,
588 2786 629 2836 st,
828 2782 889 2845 tum]
907 2780 1036 2831 modium.
1052 2806 1079 2818 —
1095 2784 1202 2848 teverti]
1221 2786 1289 2849 virg.
1304 2790 1355 2837 Ge.

299 2858 341 2909 tt.
360 2858 401 2909 44.
431 2860 495 2919 Quid
515 2859 586 2908 iuvat
602 2859 662 2922 cet]
682 2861 730 2908 «lt
749 2858 791 2909 illa
830 2859 857 2917 4,
875 2856 937 2905 298:
963 2857 997 2907 Et
1011 2857 1093 2906 aredio
1114 2863 1191 2908 testes
1210 2866 1280 2910 aene
1296 2864 1360 2912 terit

268 2933 385 2995 sapiens,
404 2933 432 2981 ut
450 2934 499 2992 est,
518 2944 567 2981 suo
579 2934 700 2995 ternpore
711 2934 794 2984 utitur
829 2945 893 2982 areu
901 2932 996 2995 myos.
1026 2932 1119 2983 Tibull.
1133 2936 1143 2984 l
1155 2974 1161 2996 ‚
1174 2937 1203 2996 5,
1221 2937 1268 2986 tt:
1285 2939 1359 2988 Area

268 3008 330 3055 ante
356 3006 496 3069 quaesitis,
526 3018 589 3055 curn
615 3009 641 3055 tu
669 3020 734 3066 nen,
764 3010 794 3057 ut
829 3010 890 3056 dum
905 3020 994 3058 messes
1008 3008 1059 3057 sele
1074 3009 1169 3059 calente
1187 3015 1256 3061 teret.
1286 3014 1358 3062 Pro-

269 3079 701 3145 aequesepienterpartisfrueris,
711 3093 794 3143 quae·
830 3082 886 3144 pria
904 3080 994 3144 lruges
1011 3083 1133 3132 teruntur
1149 3084 1175 3133 in
1187 3097 1250 3134 area
1263 3083 1358 3137 bobus

269 3157 320 3207 stul
332 3168 443 3219 operam
454 3155 517 3217 des,
536 3154 585 3205 sed
597 3155 792 3216 tautummodo,
829 3153 871 3203 vel
884 3156 961 3217 equis
969 3154 1003 3204 ad
1012 3155 1138 3206 tribulam
1149 3158 1286 3208 trahamve
1295 3160 1359 3210 iun-

269 3232 299 3281 ut
314 3228 374 3293 plus
386 3229 488 3280 habeas
500 3242 582 3292 quam
594 3230 676 3279 ceteri
688 3241 791 3279 ornnes.
829 3228 887 3278 ctis.
899 3229 951 3278 Clr.
963 3230 1046 3279 Varro
1058 3231 1107 3280 itit.
1120 3232 1144 3291 4,
1155 3231 1195 3290 43,
1206 3234 1231 3281 t.
1249 3234 1357 3284 Seneca

270 3306 382 3363 Verum,
401 3318 512 3369 quaese,
525 3303 589 3368 quid
602 3307 627 3353 te
639 3304 711 3354 iuvat
721 3305 791 3354 cet.»
828 3303 886 3351 Nat.
896 3304 1273 3365 Quaestt.l‚i‚3.—Ceterum
1281 3308 1357 3359 mele

270 3380 414 3429 -Furtim
436 3381 540 3445 defosso]
564 3381 604 3429 «in
626 3377 792 3429 altitudinem
828 3376 892 3426 olim
909 3376 974 3428 talos
990 3378 1193 3438 enuntiationes,
1211 3382 1236 3429 in
1253 3382 1357 3445 quihus

267 3456 336 3505 clani
351 3456 456 3516 effossa,
470 3460 623 3507 excavata·
658 3456 728 3517 virg.
743 3457 790 3504 Ge.
829 3454 921 3501 Graeci
932 3453 1043 3502 utuntur
1054 3453 1194 3504 indicative
1205 3456 1354 3518 (Demosth.

267 3532 296 3590 3,
314 3530 378 3580 346;
396 3532 446 3593 ipit
461 3534 490 3581 in
506 3532 606 3595 mineris
621 3530 791 3593 rpeoubuste-
828 3525 933 3588 otyntu.
951 3525 981 3587 3,
1001 3527 1047 3577 43;
1074 3529 1124 3579 nat
1147 3526 1199 3580 adv
1219 3524 1255 3581 ori
1277 3529 1355 3598 λέγει

266 3618 333 3654 eura
342 3604 387 3652 sub
398 3606 452 3654 atta
463 3606 521 3654 Otia
532 3610 611 3669 efflent
621 3611 699 3655 lema.
723 3603 789 3653 Plin.
827 3614 871 3663 τις
886 3596 923 3650 τὰ
938 3598 1088 3661 βέλτιστα·
1113 3597 1244 3667 ἀναστὰς
1262 3600 1357 3672 ἄλλος

267 3678 333 3740 Ερρ.
353 3678 396 3735 tt,
415 3677 460 3727 ta:
484 3678 694 3739 Claudiopolitani
705 3703 716 3713 -
727 3704 740 3715 -
749 3678 791 3725 ie·
827 3670 934 3727 εὶιεάτω
945 3674 1026 3740 κτλ),
1039 3690 1088 3741 pro
1103 3681 1357 3744 interrogationibus

267 3764 327 3815 qens
337 3750 463 3801 batirman
473 3752 599 3813 defodiunt
609 3754 701 3814 mauis,
713 3763 792 3811 quom
828 3751 972 3801 habebunt.
1006 3752 1059 3802 Cir.
1079 3754 1214 3806 Heindorf.
1233 3755 1314 3807 adh.
1334 3759 1354 3809 1,

267 3826 409 3887 aedificant.
432 3825 490 3875 Noli
508 3826 630 3888 iungere:
648 3826 739 3889 furtim
752 3826 792 3875 de·
829 3830 856 3875 ut
878 3826 1011 3875 Fritzsehe
1034 3827 1069 3876 ad
1090 3829 1224 3892 aristoph.
1242 3831 1354 3882 l'lresm.

266 3913 370 3962 ponere,
397 3900 424 3948 id
446 3900 519 3963 quod
536 3903 609 3950 vetat
630 3901 710 3949 etiarn
732 3913 792 3949 rer·
828 3914 855 3964 p.
868 3899 913 3949 ts:
928 3901 1000 3949 hunc
1016 3902 1105 3963 ipsum
1121 3901 1210 3952 locuni
1221 3904 1355 3955 allerens:

268 3987 314 4025 sus
332 3986 456 4033 caosura;
478 3974 567 4037 furtim
583 3976 672 4024 aulem
691 3974 792 4035 signifi·
830 3972 947 4023 «Clarius
965 3974 1034 4023 liano
1050 3988 1124 4036 reru,
1143 3988 1225 4037 quam
1243 3979 1354 4037 Graeci,

270 4052 323 4099 cat:
343 4052 514 4111 ,nearentoru²
533 4062 566 4098 ne
583 4050 643 4113 quis
660 4049 726 4099 lorte
745 4063 791 4099 su·
830 4048 911 4097 Latini
923 4048 1059 4099 docebunt
1069 4052 1227 4113 scriptores;
1241 4050 1267 4099 hi
1279 4052 1356 4103 enim

269 4125 473 4190 peruenienste‚
487 4122 551 4174 dum
563 4123 675 4184 deludis,
688 4124 792 4187 conspi-
828 4122 978 4186 simplicem
1004 4128 1107 4187 ponunt
1137 4126 1354 4184 coniuncturum,

267 4202 344 4261 4444»,
370 4198 446 4264 plane
466 4203 493 4251 ut
514 4214 592 4263 segne
610 4200 668 4252 illue
687 4202 739 4251 Sal.
760 4202 789 4260 4,
828 4200 958 4262 (tetolonis
981 4201 1110 4261 indicem,
1134 4197 1355 4250 uenumdatis.»
