2925 4892
243 369 304 434 408
602 369 730 422 uonlru
748 369 968 422 arrsromaou

284 529 418 595 Pectore
441 527 555 604 verba,
579 547 675 614 puer,
700 547 785 594 nunc
805 537 838 594 te
859 525 1050 594 melioribus
1071 525 1162 595 offer.

285 651 358 728 Quo
374 648 475 716 semel
498 659 548 716 est
569 648 691 715 imbuta
712 667 837 725 recens,
860 648 1003 716 servabit
1024 648 1160 716 odorem

284 773 379 838 'lesia
400 770 465 836 diu.
509 769 633 851 Quodsi
656 789 768 838 cessas
789 781 845 837 aut
866 781 1017 838 strenuus
1038 771 1158 849 auleis,
1289 775 1329 838 7⁰

284 895 350 960 Nec
373 892 499 959 tardum
522 893 676 981 opperior
697 912 759 959 nec
781 891 1052 979 praecedentibus
1073 892 1167 960 insto.

241 1086 351 1124 monere
373 1071 484 1123 aliorum
508 1072 596 1122 adhibe
616 1085 766 1137 repugnare
803 1073 834 1124 Ui
857 1073 911 1122 iam
932 1069 1032 1136 aliquot
1058 1073 1149 1125 Satiris
1174 1075 1201 1123 et
1226 1075 1330 1139 primae

241 1150 337 1198 metro.
358 1175 386 1184 —
411 1147 487 1210 poor]
507 1147 592 1197 «dum
616 1160 684 1212 puer
709 1159 765 1198 es.»
803 1145 950 1211 Epistulae,
986 1147 1025 1198 sic
1053 1149 1134 1198 eiiam
1161 1147 1225 1198 huic
1252 1144 1331 1220 παρὰ

241 1223 289 1273 Od.
303 1215 429 1284 4,4,4Β.
457 1221 554 1272 Fabius
565 1223 695 1273 Maximus
707 1235 766 1272 cen-
803 1218 982 1293 προσδοκίαν
1008 1221 1092 1272 linem
1121 1223 1249 1288 imponit;
1284 1226 1331 1288 qai

240 1303 294 1347 ιιιικ
306 1311 373 1366 puer
388 1297 613 1347 artiumvocatur.
640 1297 766 1347 Sicenim
803 1297 914 1360 modus,
939 1297 962 1348 si
978 1295 1046 1347 iorte
1064 1296 1142 1347 nobis
1158 1299 1247 1362 primo
1264 1313 1331 1350 cou-

240 1367 469 1443 ὑποκοριστικῶς
486 1385 500 1422 a
524 1371 696 1422 familiaribus
717 1385 767 1435 ap-
803 1373 898 1435 spectu
914 1371 1007 1421 durior
1022 1371 1129 1421 videtur
1139 1373 1167 1421 et
1183 1374 1273 1426 minus
1283 1388 1331 1424 ur-

240 1445 407 1512 pellebantur
415 1445 601 1498 adolescentes
607 1446 660 1498 llll.
672 1449 699 1496 et
709 1443 767 1512 plu·
802 1445 902 1507 banus,
920 1443 1119 1498 adolescentulo
1135 1449 1227 1498 tamen
1238 1447 1330 1510 Lollio,

240 1535 285 1573 res
302 1533 386 1572 annos
404 1521 466 1572 nati.
479 1547 507 1557 -
517 1521 668 1586 nwlictibto]
682 1533 767 1584 «quo-
802 1523 833 1570 ut
855 1521 979 1572 Horatius
996 1523 1096 1586 optime
1113 1524 1203 1584 uorat,
1227 1521 1331 1574 lentum

240 1609 300 1648 rum
317 1596 487 1661 prudentiam
504 1610 536 1647 ac
552 1597 664 1648 virtutes
682 1599 709 1646 tu
723 1594 767 1645 ul-
802 1596 887 1646 risum
912 1608 1023 1646 mouere
1049 1594 1179 1658 debebat,
1208 1597 1331 1650 iunctum

241 1677 282 1723 tro
299 1671 448 1736 agnoscis.»
475 1671 585 1735 Eppl,
604 1671 634 1732 4,
653 1669 697 1722 is:
715 1683 767 1720 me
804 1682 866 1720 cum
894 1670 1030 1734 proposito
1058 1669 1120 1721 talia
1148 1671 1257 1724 consilia
1285 1685 1332 1724 se-

239 1747 297 1798 liori
313 1747 414 1798 credere
425 1760 475 1796 noo
485 1744 541 1795 oie?
553 1771 582 1782 —
595 1745 666 1810 offo]
679 1745 766 1807 «liuga
804 1744 911 1807 queudi.
942 1746 1093 1796 Sententiae
1113 1747 1153 1798 sic
1169 1750 1330 1799 nectuntur:

241 1835 301 1884 eos,
315 1823 344 1872 ut
356 1824 381 1872 te
391 1822 520 1880 decenum
534 1818 586 1871 noli
598 1822 765 1884 exspectare,
804 1819 948 1870 «Ceterum
960 1823 1097 1872 memento
1106 1834 1151 1872 me
1160 1823 1251 1872 omnia
1261 1824 1332 1874 baec

241 1897 306 1948 dum
323 1899 349 1948 te
363 1899 514 1947 moneant.»
539 1897 631 1946 scuoc.
657 1893 768 1945 «Liben-
803 1897 948 1959 praecepta
973 1895 1021 1946 tibi
1046 1898 1092 1946 tua
1117 1897 1221 1948 tantum
1245 1899 1332 1960 gratia

240 1975 282 2022 ter
298 1969 394 2022 talibus
412 1970 546 2031 tetrade,
566 1974 595 2021 ut
610 1983 703 2020 veram
721 1983 768 2021 sa·
804 1968 958 2030 tradidisse;
977 1969 1117 2022 consilium
1128 1984 1220 2021 meum
1232 1971 1330 2031 baben

240 2047 368 2111 pientiam
382 2048 407 2095 le
426 2044 541 2096 doceant
557 2047 585 2098 et
595 2044 629 2095 ad
641 2046 767 2096 virtutem
804 2057 877 2094 nunc
894 2045 921 2094 tu
939 2045 994 2105 iac,
1017 2044 1090 2108 quod
1107 2045 1154 2095 tibi
1175 2045 1279 2111 placet:
1308 2047 1332 2097 si

240 2120 416 2185 perducant„
804 2117 940 2182 negligens
958 2119 1024 2180 eris,
1043 2119 1090 2169 tua
1106 2133 1150 2172 res
1162 2122 1270 2184 agetur;
1289 2121 1331 2172 sin

803 2196 914 2258 propter
936 2195 1099 2246 acerrimum
1122 2194 1241 2246 studium
1256 2193 1332 2246 velut

275 2271 364 2321 69-74.
391 2269 487 2320 indole
511 2269 604 2334 recens]
630 2271 767 2333 Frequens
805 2269 895 2332 auriga
913 2269 939 2318 in
956 2269 1104 2320 certamine
1115 2283 1159 2320 me
1170 2283 1333 2334 praecesse-

242 2347 342 2408 imago,
371 2343 452 2396 veluti
478 2346 531 2394 iam
556 2343 627 2409 apud
653 2345 767 2394 Ennium
804 2344 856 2404 ris,
875 2345 981 2406 matum
997 2344 1090 2408 utique
1107 2345 1173 2394 mibi
1190 2346 1254 2405 erit3
1279 2359 1332 2409 ego

242 2423 310 2470 Ana.
324 2419 353 2482 7,
372 2419 412 2470 87.
433 2431 464 2469 ex
483 2420 558 2470 Festo
576 2432 603 2484 p.
617 2419 678 2469 376:
706 2419 768 2469 Corn
805 2422 910 2479 tamen,
929 2419 971 2468 cui
990 2422 1093 2469 certam
1110 2420 1247 2484 quandam
1258 2421 1332 2474 dam

242 2496 318 2557 illud,
338 2507 386 2558 quc
402 2495 455 2543 iam
472 2494 545 2544 moni
561 2499 597 2544 ert
613 2493 709 2544 indole
723 2506 768 2544 oe-
805 2494 985 2544 serationem
1002 2494 1030 2545 in
1047 2495 1120 2545 omni
1137 2509 1198 2546 mea
1213 2496 1267 2546 vita
1284 2510 1333 2548 re-

241 2583 305 2620 oeoo
319 2609 324 2620 .
340 2609 345 2618 .
362 2608 367 2618 .
386 2565 459 2620 Pbilo
472 2569 548 2630 Quod
559 2568 628 2620 liber
638 2570 684 2631 sit,
698 2568 769 2633 quis·
805 2567 891 2631 genda
907 2571 1000 2619 tenere
1012 2569 1180 2633 propositum
1190 2571 1244 2631 est,
1263 2583 1333 2622 nun-

243 2647 303 2710 quis
320 2645 409 2695 virtuti
426 2644 517 2696 studet
532 2657 560 2709 p.
582 2645 642 2696 67⁴:
671 2637 769 2714 ὥσπερ
805 2655 887 2706 quem
905 2641 1079 2706 negligentior
1094 2643 1159 2694 flam
1174 2647 1330 2710 propterea,

243 2717 298 2792 γάρ
322 2735 398 2784 φασι
422 2715 459 2772 τὰ
481 2715 551 2770 κενὰ
571 2715 629 2770 τῶν
646 2713 768 2788 ἀγγείων
805 2716 917 2780 quodie
930 2715 1030 2768 aliosve
1042 2717 1150 2769 differre
1162 2721 1242 2783 atque
1254 2721 1334 2771 omit·

243 2791 399 2867 ἀναφέρειν
410 2791 461 2858 νὰς
472 2793 528 2846 τῶν
541 2791 654 2866 πρῶτον
666 2797 707 2857 εἰς
718 2789 769 2846 ad-
805 2793 861 2841 tere
871 2803 951 2841 verae
961 2792 1106 2856 sapientiae
1115 2792 1203 2844 studia
1212 2794 1331 2855 videam,

245 2867 281 2922 τὰ
297 2871 476 2938 ἑγχοθέντων
496 2865 605 2935 ὀσμάς,
625 2863 701 2922 οὕτω
717 2871 768 2920 καὶ
806 2879 893 2930 neque
909 2866 971 2918 ideo
983 2869 1055 2932 quod
1067 2867 1109 2919 alii
1124 2871 1206 2921 nimio
1216 2869 1333 2921 fortasse

244 2947 276 2997 ai
292 2943 348 2994 τῶν
359 2947 431 2996 νέων
442 2947 547 3010 ψυχαί.
567 2947 673 2996 llieron.
685 2947 767 3010 Epist.
805 2942 902 2992 mentis
929 2941 1035 2994 fervore
1060 2943 1087 2994 in
1112 2958 1145 2996 ea
1172 2943 1335 2996 incumbunt

246 3021 286 3070 40,
301 3022 384 3070 extr:
410 3019 517 3070 Eticnrsi
537 3033 607 3082 aquo
623 3021 701 3082 pieria
720 3022 767 3083 rit,
805 3017 885 3082 (olba
902 3031 979 3080 ᾳιιονι
994 3020 1057 3070 rotis
1071 3026 1107 3070 cst
1121 3022 1239 3071 οἰνικιοικ
1254 3022 1333 3084 sipe-

244 3100 328 3144 tamsn
342 3094 556 3144 ermdcmodorem
573 3095 766 3158 lagenoseroat,
805 3099 844 3144 iat
861 3094 944 3156 ipsum
960 3093 1064 3158 aliquis.
1096 3097 1161 3161 Epp.
1181 3099 1208 3158 l,
1228 3097 1258 3158 6,
1278 3098 1331 3160 46.)

245 3169 367 3232 quodum
382 3169 452 3218 indis
462 3174 534 3230 esset,
553 3169 701 3220 molunt.
729 3174 768 3222 lle
806 3170 904 3232 magis,
929 3182 1011 3233 quam
1035 3172 1103 3221 ratio
1130 3173 1193 3222 mihi
1217 3172 1331 3234 suadet,

245 3242 322 3294 doliis
355 3241 478 3294 fictilibus
506 3243 603 3309 (belis)
631 3246 767 3310 picandis,
805 3245 876 3294 vires
894 3257 969 3296 meas
986 3246 1147 3298 contendam
1168 3260 1200 3297 ac
1220 3251 1333 3313 propter

243 3319 337 3383 postea
360 3316 551 3382 persuadendis
575 3321 677 3371 marina
700 3334 769 3386 aqua
805 3319 858 3369 hoc
879 3319 1046 3371 conficiam.»
1075 3321 1201 3373 Consulto
1224 3327 1331 3385 eutem,

245 3394 291 3443 aut
318 3389 404 3454 salsa,
434 3392 495 3444 dein
525 3394 614 3445 cinere
642 3397 770 3447 sarmenti
806 3406 860 3457 quo
877 3395 965 3445 omnis
977 3395 1079 3446 oiiensa
1091 3397 1239 3458 devitetur,
1252 3411 1334 3460 prce

244 3467 417 3532 aspergendis
428 3466 470 3518 vel
482 3469 571 3533 argilla
583 3473 634 3522 cet.
645 3474 769 3522 accurata
805 3469 944 3521 cedentibus
971 3471 1052 3533 dicit,
1082 3486 1134 3523 aon
1158 3475 1330 3536 praecedenti.

246 3547 390 3608 praecepta
408 3543 453 3593 dat
470 3543 568 3596 Plinius
580 3547 610 3596 H.
624 3549 654 3597 N.
669 3546 712 3610 tt,
725 3548 767 3608 ai,
808 3545 1004 3596 «Ostenditnon
1012 3545 1047 3596 ad
1056 3546 1172 3598 alienum
1179 3548 1331 3611 arbitrium,

245 3620 285 3668 ei.
307 3645 334 3654 -
356 3619 433 3684 Testa]
457 3621 540 3672 cadus
560 3621 603 3672 vel
625 3623 768 3688 amphora,
805 3622 855 3674 sed
872 3621 907 3672 ad
923 3635 1003 3672 suum
1014 3637 1044 3674 se
1055 3625 1214 3689 prolicere»
1236 3627 1331 3678 Scuou.

245 3693 279 3743 de
292 3692 394 3742 conche
412 3698 598 3759 unguentaria,
618 3710 687 3761 quae
700 3701 769 3751 licti-
806 3700 901 3748 «Poeta
910 3711 940 3749 se
952 3699 1143 3751 mediocritatis
1154 3699 1234 3764 illius,
1247 3715 1333 3765 quam

245 3765 285 3817 les
303 3780 357 3818 nou
374 3773 463 3830 erant,
482 3771 531 3821 sed
549 3785 581 3822 er
593 3774 713 3836 onyche,
731 3776 770 3825 vi·
806 3773 905 3838 ubique
917 3774 944 3824 in
955 3773 1039 3824 rebus
1048 3775 1142 3827 ethicis
1152 3789 1257 3840 praese
1269 3777 1332 3840 lert,

246 3845 302 3902 tro,
328 3855 393 3892 auro
416 3847 559 3907 argentove
581 3846 695 3908 flebant,
719 3863 769 3900 no·
805 3849 954 3900 studiosum
972 3851 1114 3901 ostendit.»
1132 3853 1229 3903 liceis.
1244 3881 1272 3890 -
1285 3868 1335 3904 cn-

246 3915 296 3968 lim'
308 3917 441 3980 accipere.
463 3947 488 3955 -
507 3921 598 3982 Qttodsi
609 3935 689 3974 cessas
706 3923 768 3989 cet]
805 3925 857 3989 leis]
875 3926 914 3975 Cl.
928 3925 976 3974 0d.
990 3926 1018 3989 4,
1037 3928 1082 3988 35,
1103 3928 1143 3978 47.

691 4148 895 4157 --.ι-η--ῳ
