2925 4892
528 368 588 417 ΑΕΒ
605 367 750 417 roetico.

139 521 273 587 Visuros
295 529 429 607 peccata
451 531 562 608 putem
583 541 672 596 mea,
696 530 784 585 tutus
807 530 839 587 et
861 521 942 588 intra

137 643 237 727 Spem
259 641 374 707 veniae
396 642 536 707 cautus?
570 640 670 707 vitavi
695 639 838 728 denique
861 640 1005 729 culpam,

137 762 208 826 Non
230 760 361 828 laudem
383 762 497 828 merui.
541 762 605 827 Vos
628 760 827 848 exemplaria
853 763 976 831 Graeca

136 882 300 947 Nocturna
322 892 450 950 versate
473 902 585 957 manu,
610 891 738 948 versate
761 880 884 951 diurna.

136 1006 176 1070 At
197 1002 298 1067 vestri
322 1004 434 1089 proavi
456 1001 620 1067 Plautinos
642 1012 675 1068 et
698 1022 851 1069 numeros
873 1014 906 1070 et
1124 1008 1186 1073 270

125 1171 236 1221 iectura.
258 1198 285 1207 -
304 1171 362 1221 ati.
381 1171 490 1221 mutus?
521 1173 601 1222 Vitooi
626 1172 731 1222 distinxi
749 1184 811 1221 oum
829 1174 895 1232 LCt,
922 1173 1052 1235 Bentleio,
1082 1177 1149 1226 Fea:

124 1250 234 1316 caumg
252 1246 331 1294 oitooi
348 1247 372 1296 li
384 1283 390 1306 ,
406 1245 484 1296 meo?
502 1246 576 1297 Tastris
587 1251 610 1297 st
620 1247 690 1296 iutra
702 1273 713 1282 -
724 1272 736 1282 -
747 1252 836 1296 coquis
845 1248 924 1297 oitcoi
939 1248 1075 1312 distinguit
1086 1252 1153 1301 Doe-

124 1316 228 1368 derlein
245 1319 340 1379 Suros
358 1319 401 1368 ill.
420 1332 447 1382 p.
461 1320 517 1369 tei.
539 1347 566 1356 -
584 1321 642 1370 270.
659 1322 691 1371 At
706 1322 787 1370 costis·
805 1321 824 1370 d
842 1325 946 1383 noster,
966 1325 1031 1374 Cod.
1045 1326 1107 1388 lieg.
1122 1329 1151 1376 ri.

124 1394 184 1453 3t‚,
203 1394 234 1453 C,
253 1390 365 1453 Schelle,
385 1394 461 1443 Voss.
481 1395 520 1455 (Ut
537 1406 598 1455 nos,
617 1393 720 1454 Bbs'io,
736 1393 825 1461 βγζκ.)

92 1541 345 1603 minucias.»
356 1568 384 1578 -
397 1542 511 1605 hamno]
525 1554 622 1605 «quam
659 1543 897 1606 reprehensionem
910 1544 1030 1598 devitans
1049 1560 1133 1611 usque
1151 1551 1186 1599 ad

92 1616 182 1667 meriti
200 1630 254 1665 non
271 1617 374 1665 erant.»
660 1628 723 1665 eum
741 1617 835 1678 tinem,
855 1618 923 1668 intra
940 1632 1022 1681 quem
1039 1622 1062 1671 si
1080 1635 1187 1674 manse·

124 1689 271 1739 ses-eet.
304 1689 432 1739 idcircone
454 1703 534 1753 ceper
559 1688 621 1753 cet]
659 1702 706 1750 ro,
720 1692 826 1741 veniam
838 1691 1186 1757 metacileimpetraturum

92 1764 165 1813 «tiae
191 1764 268 1812 venie
302 1764 361 1827 ipse
386 1776 494 1826 quoque
519 1762 622 1813 abusus
660 1776 771 1827 spero,»
791 1766 934 1816 rimoridio
952 1768 997 1817 der
1011 1770 1125 1820 &essen
1142 1772 1187 1821 dor

91 1838 247 1888 scribamne
270 1838 328 1888 sine
349 1836 403 1888 ullo
420 1841 495 1887 certo
512 1837 621 1888 consilio
658 1838 780 1900 qehofflen
797 1840 956 1891 Noctsicht.»
974 1842 1102 1892 Diiurzen.
1129 1846 1183 1894 Cic.

91 1924 189 1963 versus
212 1913 310 1975 spretis
327 1912 539 1963 accuratioribus
556 1910 622 1975 legi-
659 1910 694 1960 ad
706 1912 778 1961 Fam.
789 1911 814 1973 i,
828 1912 853 1974 i,
865 1912 894 1964 i:
913 1916 1122 1979 modicesacicm,
1141 1924 1187 1969 out

92 1986 146 2036 hus
154 1987 295 2036 metricis?
311 1998 425 2050 sperans
433 1986 558 2037 videlicet
569 2000 621 2037 nou
659 1987 735 2035 etiom
746 1987 816 2036 intro
826 1989 936 2038 modum.
952 2016 979 2027 -
1001 1990 1082 2040 Vitooi
1093 1994 1117 2041 d.
1131 1994 1186 2042 caii-

92 2061 219 2123 quemvis
235 2059 379 2121 lectorem,
397 2062 480 2111 immo
496 2062 624 2126 paucissi-
653 2074 718 2122 pom
735 2061 797 2125 cet]
821 2060 903 2113 Plaut.
917 2064 986 2113 Trin.
1000 2065 1025 2125 5,
1038 2065 1063 2125 2,
1076 2067 1106 2115 ὅτ
1129 2068 1186 2117 Nou

92 2148 169 2194 mos,
185 2135 214 2184 id
231 2146 292 2184 esse
309 2135 563 2187 animadversuros?
582 2139 621 2185 Au
655 2135 744 2185 videor
764 2136 882 2186 mississe
904 2137 1019 2197 london,
1046 2140 1122 2201 otiipo
1137 2154 1185 2191 co-

92 2209 226 2267 iortasee,
253 2209 386 2258 contrario
416 2222 508 2260 errore
534 2213 620 2271 actus,
656 2208 868 2260 mirreorhitror.
885 2238 911 2246 -
924 2213 1090 2278 ecenptoric]
1110 2226 1185 2277 aper·

90 2284 187 2347 putem
204 2294 299 2331 omnes
317 2282 427 2345 quidem
443 2284 548 2334 vientes
560 2296 621 2334 esse
658 2283 743 2333 tectos
761 2284 890 2347 cuiusque
916 2287 1021 2348 generis
1039 2288 1184 2352 scriptores

91 2369 155 2406 mea
176 2358 300 2419 peccata,
327 2356 376 2407 sed
399 2357 480 2407 nihilo
500 2359 621 2409 miuusa
659 2358 807 2417 Graecosp
826 2371 888 2410 uam
904 2362 934 2408 ut
951 2361 984 2410 ad
997 2361 1046 2412 hos
1063 2362 1185 2427 adspira-

92 2430 305 2495 reprehensiono
327 2432 414 2482 num
435 2444 479 2483 me
497 2432 619 2495 arbitrer,
658 2433 732 2492 rent,
751 2429 777 2480 id
795 2444 932 2483 summum
949 2438 1021 2495 erat,
1041 2437 1114 2498 quod
1128 2439 1185 2488 suis

91 2504 243 2555 dummodo
254 2502 374 2566 caveam,
387 2517 422 2554 ne
435 2518 531 2557 versus
542 2508 621 2557 nimis
658 2504 831 2570 popularibus
847 2504 927 2557 licere
941 2509 1025 2571 probe
1037 2512 1185 2576 perspicie-
1250 2536 1253 2543 ,

91 2578 183 2630 scabri
209 2576 249 2628 vei
271 2579 352 2629 etiam
373 2592 484 2643 prorsus
501 2573 621 2652 ἄμετρα
658 2577 706 2628 hat
723 2580 855 2631 Horatius.
869 2606 898 2618 -
916 2582 1048 2633 Nocturna
1063 2586 1126 2649 cet]
1144 2586 1184 2636 nd

92 2654 160 2703 mihi
171 2654 274 2717 passim
286 2653 427 2705 excidant?
438 2655 539 2706 Verum
548 2658 622 2719 squi-
659 2650 782 2702 versiculi
799 2666 896 2703 sonum
913 2656 946 2705 ci.
960 2656 1025 2721 Epp.
1040 2659 1064 2719 t,
1079 2658 1118 2718 is,
1137 2660 1181 2707 tt:

91 2726 158 2777 dem
180 2727 268 2777 tantae
290 2726 465 2791 negligentiae
483 2742 621 2793 nunquam
658 2728 1182 2793 Noctomocsrtaremcropruerodiomo.

91 2813 158 2852 reus
175 2801 254 2861 flam;
273 2814 335 2851 uam
347 2802 622 2866 deniqusiamiinde
691 2800 830 2851 ito-rit.
858 2802 890 2851 At
912 2804 974 2867 cet]
1001 2805 1047 2853 Est
1069 2804 1184 2856 obiectio

92 2890 118 2926 v.
137 2876 216 2926 riano
230 2877 306 2926 lure.
320 2878 350 2927 11.
369 2891 396 2941 p.
414 2877 482 2939 toi.)
508 2880 620 2930 utonem
659 2877 731 2924 arcte
758 2876 899 2926 coniuncta
924 2890 986 2928 cum
1009 2881 1183 2943 responsione

91 2950 206 3014 quidem
231 2950 486 3014 reprehensionem,
512 2950 621 3004 laudem
657 2950 764 2999 oimwm
778 2950 904 3012 patienter
914 2954 966 3002 cet.
993 2955 1071 3014 antip
1089 2954 1182 3017 inquit,

91 3037 174 3085 vero,
194 3036 276 3086 quam
293 3038 409 3087 quaero,
431 3025 504 3089 apud
520 3028 621 3090 peritos
659 3025 789 3075 «maiores
807 3027 889 3076 vestri
907 3029 994 3091 magui
1009 3026 1098 3078 iecere
1111 3026 1185 3079 Plau-

91 3098 198 3149 iudices
211 3111 263 3148 non
274 3098 431 3149 invenirem.
450 3101 525 3151 lianc
534 3102 621 3165 ipsam
659 3100 741 3147 tumn·
762 3100 907 3163 «Utique»
934 3102 1078 3167 respondet
1094 3104 1182 3167 poeta,

92 3175 187 3223 autem
211 3170 318 3222 taudem
340 3174 419 3224 unice
436 3176 622 3239 appetiverunt
658 3172 724 3223 «sed
741 3177 852 3237 propter
864 3176 915 3225 hoc
926 3176 1030 3239 ipsum,
1048 3176 1121 3241 quod
1133 3179 1185 3227 mi-

92 3248 194 3299 sumam
219 3250 382 3298 Graecorum
407 3252 517 3313 poetae,
548 3253 621 3301 omni
658 3260 709 3297 nus
726 3249 790 3298 tunc
802 3248 899 3299 exculti
911 3248 1071 3313 exemplaria
1083 3252 1184 3302 Graeca

92 3320 252 3385 negligentia
261 3336 355 3372 severe
363 3322 619 3385 sihiiuterdiceutes;
658 3332 711 3369 ⁰⁰¹1
737 3322 801 3371 salis
828 3324 923 3371 norant
946 3335 1034 3386 neque
1060 3324 1185 3375 eximiam

92 3397 221 3461 quocirca
232 3410 296 3457 vos,
309 3397 432 3459 Pisones,
450 3399 501 3449 hos
513 3412 621 3451 meeum
658 3393 755 3444 horum
772 3394 964 3459 perlectionem
982 3400 1182 3460 perspexerant,

92 3472 264 3535 sequimini.»
285 3496 314 3508 —
332 3486 368 3521 co
384 3473 476 3537 mnam]
494 3476 623 3525 Lectioot
658 3471 832 3531 praepostere
850 3470 998 3520 iudicarunt
1016 3470 1050 3519 do
1063 3469 1144 3519 Plauti
1156 3474 1184 3520 et

92 3558 178 3596 ornnes
198 3546 227 3594 et
243 3546 301 3594 ortu
319 3547 361 3595 est
377 3559 409 3595 ex
430 3559 542 3610 prorsus
559 3562 622 3612 per·
660 3542 782 3593 versibus
794 3546 822 3592 et
832 3542 960 3594 lucetiis.»
975 3570 1002 3579 -
1015 3544 1098 3607 vestri]
1112 3546 1183 3595 ilaec

91 3632 173 3671 versa
190 3624 219 3668 ot
235 3632 318 3669 comm
334 3622 363 3669 et
374 3620 496 3683 exiguam
513 3620 622 3671 haheta
658 3614 737 3667 lectio
755 3616 929 3681 praeferenda
945 3620 986 3669 est
1003 3616 1077 3667 alteri
1094 3622 1182 3681 nostri,

92 3693 181 3746 Codd.
200 3694 394 3744 auctoritatem.
427 3696 521 3755 varie,
544 3699 575 3745 ut
593 3696 623 3746 tlt
658 3691 754 3754 partim
773 3692 835 3755 quia
852 3691 914 3742 huic
931 3693 1048 3756 poemati
1064 3692 1185 3744 didasca-

91 3772 119 3819 iu
131 3766 206 3818 falsis
217 3767 384 3830 lectionibus,
400 3770 619 3833 interpretantur:
659 3765 722 3826 lico,
750 3766 903 3829 ubicunque
930 3770 1028 3831 potest,
1057 3768 1184 3833 epistolae

93 3840 337 3906 italicetputem.»
356 3843 380 3904 ἢ)
394 3843 620 3907 ιίια,ιιῑριιωω,»
659 3839 760 3889 inducit
777 3840 896 3891 colorem
914 3844 951 3906 (ut
966 3854 991 3891 v.
1005 3843 1183 3906 praecedente

92 3916 147 3966 Sed
164 3918 260 3966 neutra
277 3917 409 3967 sententia
428 3920 503 3968 recta
521 3920 564 3969 est
579 3916 622 3968 vel
662 3915 721 3975 Vos,
750 3916 906 3966 oPisones:
935 3917 969 3966 ita
992 3916 1128 3981 videlicet,
1155 3919 1185 3968 ut

93 3993 255 4055 propterea,
281 3991 354 4053 quod
372 3992 495 4042 Horatius
512 3994 540 4043 et
555 3993 623 4043 scri·
659 3987 738 4040 simul
755 3989 879 4040 omnihus
893 3988 1037 4041 lectoribus
1050 3992 1100 4041 hoo
1112 3992 1183 4042 idem

93 4064 161 4115 here
179 4064 274 4115 debuit
290 4067 318 4115 et
333 4066 441 4130 scripsit
456 4080 504 4128 co,
527 4078 580 4115 uon
595 4071 624 4116 ot
659 4063 760 4114 dictum
783 4064 878 4126 esset),
902 4066 999 4128 partim
1025 4066 1086 4128 quia
1111 4064 1183 4115 haud

94 4152 185 4201 neque
202 4143 239 4187 eit.
260 4165 287 4173 —
309 4140 391 4201 imas]
415 4139 468 4190 Cir.
486 4153 512 4189 v.
529 4140 571 4189 28.
592 4167 619 4177 -
660 4137 939 4199 nimisconvcuiebat,
958 4139 1033 4200 utis,
1052 4140 1126 4189 cuius
1139 4152 1184 4203 pa·

93 4216 166 4263 intro
185 4226 254 4275 meni
273 4214 362 4264 veiim
377 4212 474 4277 crahc]
493 4226 623 4265 «omnem
660 4214 775 4264 tersiae
792 4215 868 4276 patre
885 4212 1183 4275 luerat,proooossuos
