2925 4892
483 396 543 449 ΗΒ.
561 397 580 445 Ι.
616 394 715 447 erist.
733 394 764 447 X.

443 1062 708 1127 mm
731 1066 786 1126 Σ.

113 1231 211 1299 Urbis
231 1242 408 1297 amatorem
430 1234 570 1301 Fuscum
592 1232 717 1301 salvere
740 1234 890 1302 iubemus

112 1352 210 1419 ituris
232 1361 410 1429 amatores,
434 1351 496 1421 hac
521 1354 554 1418 in
576 1374 612 1421 re
635 1354 758 1422 scilieet
778 1375 843 1421 una

113 1472 249 1539 iiuttum
270 1471 461 1551 dissimiles,
485 1483 518 1540 at
538 1486 648 1543 cetere
669 1495 775 1563 paene
796 1475 925 1564 gemelli

114 1596 279 1661 Fratemis
300 1595 415 1663 animis
436 1594 597 1685 quidquid
619 1606 715 1685 negat
736 1594 818 1663 aiter
838 1606 872 1665 et
892 1597 973 1664 aiter

138 1832 188 1882 EP.
207 1830 238 1880 X.
258 1830 282 1881 3.
302 1830 341 1897 nt]
359 1828 489 1894 odbSod,
508 1832 623 1881 Pottierii
636 1842 731 1882 omnes
743 1833 771 1881 et
786 1832 844 1881 iti.
865 1832 978 1895 (Utens,
997 1832 1051 1896 Eg,
1065 1831 1127 1895 aiii.)

103 2037 134 2085 ii.
155 2036 225 2085 Cum
241 2034 329 2099 tepide
347 2035 429 2086 ironia
441 2036 537 2087 Arietis
549 2036 600 2087 iu·
636 2037 702 2087 Aen.
716 2034 741 2095 3,
754 2035 812 2087 oet:
835 2036 980 2087 σαακνῶαιι
990 2039 1162 2101 tapurumspi-

74 2124 132 2169 sco.
165 2111 261 2159 intimo
288 2122 339 2161 suc
360 2112 447 2161 amico
473 2111 521 2175 (de
545 2124 599 2175 quo
635 2111 686 2172 oto,
708 2115 737 2160 ot
756 2115 839 2161 cetero
855 2112 963 2172 Graiam
985 2110 1122 2164 abiuth.
1142 2112 1159 2163 1.

73 2199 97 2232 v.
115 2184 165 2234 od.
187 2186 217 2245 1,
241 2184 283 2233 21.
310 2184 363 2234 Sat.
385 2186 411 2245 1,
435 2185 463 2246 9,
486 2186 527 2237 tit.
551 2184 597 2245 10,
636 2188 697 2249 apte
715 2184 770 2234 duo
788 2184 911 2236 membra
923 2186 1163 2253 magissibioppo-

74 2258 132 2320 tit),
151 2258 211 2322 qui,
238 2260 269 2308 ut
291 2257 450 2323 philologus,
478 2261 504 2309 in
528 2258 598 2311 Urbe
636 2260 736 2310 nuutur
751 2272 834 2323 quam
850 2261 876 2310 in
893 2259 976 2313 attera
993 2260 1107 2313 lectione
1127 2266 1163 2314 od

75 2346 182 2384 munere
195 2332 325 2395 malebat,
337 2334 515 2385 rusticationis
527 2346 599 2385 oom-
635 2336 730 2394 moro,
750 2346 819 2396 quae
835 2348 885 2398 per
901 2348 932 2384 se
943 2338 1062 2400 spectata
1074 2349 1162 2400 aeque

75 2407 151 2457 moda
169 2410 198 2457 et
221 2406 316 2471 gaudia
333 2411 454 2467 enarrat.
482 2420 598 2471 eumque
635 2408 709 2457 recta
732 2410 782 2458 est.
812 2408 935 2470 1.1ν.37,
962 2410 992 2459 7:
1022 2412 1108 2461 otnero
1128 2412 1163 2461 nd

74 2484 167 2533 Stoicis
194 2482 333 2533 sententiis
366 2482 535 2544 exhortatur,
570 2482 600 2532 ut
635 2486 719 2531 ortuo
740 2482 878 2545 (Μῶα.
913 2482 989 2533 tdem
1004 2481 1035 2543 1,
1054 2485 1102 2534 26:
1128 2486 1164 2534 od

75 2559 144 2607 sorte
161 2570 212 2607 sua
230 2559 370 2609 contentus
386 2558 469 2617 vivat,
494 2568 597 2619 neque,
636 2554 690 2605 atto
711 2556 844 2605 discordes.
879 2557 972 2619 Pomp.
994 2555 1061 2607 fleta
1078 2558 1109 2618 2,
1133 2558 1160 2605 t:

74 2629 181 2682 forsitan
207 2644 271 2681 oum
299 2630 399 2681 meiere
427 2628 599 2681 incommodo
636 2628 741 2693 (un-oe)
766 2629 861 2678 amiso
884 2629 919 2678 ad
943 2635 1035 2679 cetero.
1071 2630 1161 2689 Adde,

58 2718 154 2769 =quam
184 2704 272 2765 lucro,
299 2706 463 2769 potentiores
489 2703 597 2755 embiat.
636 2701 709 2766 quod
732 2702 855 2752 Horatius
876 2701 918 2751 bis
939 2706 1079 2766 praeterea
1096 2718 1166 2755 oon·

75 2778 185 2838 Quando
216 2778 284 2829 haec
311 2776 423 2842 epistola
450 2778 598 2842 composita
636 2777 783 2827 structione
800 2790 816 2826 a
833 2775 911 2827 nobis
932 2775 1050 2840 praelata
1071 2779 1162 2838 utitur,

76 2853 121 2914 sit,
138 2866 193 2903 non
206 2854 324 2913 onustat,
344 2854 417 2904 certe
430 2866 455 2903 e.
467 2865 494 2903 u.
504 2866 528 2904 o.
538 2852 597 2903 131.
637 2851 715 2901 huius
732 2852 815 2915 Epist.
827 2865 854 2901 v.
867 2852 908 2902 so,
928 2854 956 2903 et
967 2851 1015 2902 Od.
1027 2851 1058 2915 1,
1076 2855 1102 2915 1,
1121 2854 1161 2904 ce.

636 2924 772 2989 singulare
795 2927 838 2976 est
858 2924 922 2977 iilud
943 2926 1041 2990 Virgilii
1063 2930 1110 2978 Ge.
1131 2928 1162 2988 2,

107 3003 160 3053 1-3.
186 3002 285 3052 mium
304 3000 424 3066 ιάὸοιαια]
448 3000 528 3053 Solita
544 3000 599 3052 tor·
637 2997 699 3050 isi:
718 3000 1013 3063 iitosndprtmotauoo.
1034 3001 1073 3052 Gt.
1088 2999 1164 3053 iiand

77 3075 152 3127 mnia.
186 3076 228 3127 ct.
250 3076 316 3141 Epp.
337 3078 366 3139 1,
388 3078 419 3139 i,
443 3077 484 3127 sc.
514 3075 598 3128 Pleut.
636 3073 711 3124 rurs.
733 3076 766 3125 11.
788 3088 815 3140 p.
838 3073 871 3126 it
891 3088 932 3139 sq.
961 3077 1165 3140 insecutam

78 3152 144 3201 isin.
156 3152 187 3212 2,
206 3152 236 3211 ἱ,
254 3150 300 3202 30:
319 3150 392 3201 iuteo
402 3151 531 3203 wsowsre
541 3165 600 3202 once
637 3148 694 3197 erte
707 3148 854 3199 cohaerent
864 3151 1028 3212 sententiae,
1044 3150 1095 3201 trac
1106 3152 1164 3215 ipsa

77 3238 184 3287 mro,
203 3227 289 3287 quood
303 3226 370 3275 oues
384 3226 477 3275 odeat.
506 3224 600 3277 Plura·
637 3223 803 3273 connexione
814 3237 868 3273 non
879 3224 1165 3277 sineartstraterunm

78 3295 106 3348 iis
122 3313 154 3349 ex
176 3298 266 3351 indoie
288 3297 393 3363 linguas
416 3300 523 3351 Latinae
540 3314 601 3351 mo·
638 3307 759 3347 amorem
784 3298 979 3361 exprimentes,
1010 3300 1040 3347 ut
1063 3299 1165 3350 iieine-

79 3372 175 3423 destiae
189 3375 279 3438 potius
291 3376 333 3425 est
348 3387 431 3437 quam
447 3376 598 3425 iactantiae:
637 3374 710 3423 iriam
727 3375 836 3423 secutus
853 3370 952 3423 nnllam
969 3373 1165 3425 distinctionem

79 3447 358 3509 marmaniam,
376 3449 421 3499 89:
450 3449 600 3499 etoosctt·
638 3448 784 3512 posuerim.
813 3444 874 3496 Alii:
894 3452 1166 3511 momoposssps·

79 3522 141 3579 puori
159 3534 299 3585 nomenque
320 3522 440 3585 meque
462 3524 600 3574 cesam:
636 3521 851 3571 mettiittotmir
866 3521 970 3583 mota,
989 3522 1166 3584 poidpuidns·

81 3592 198 3657 upinraiis
210 3595 246 3646 ad
263 3595 415 3647 evitandam
431 3597 599 3648 iactantiam·
637 3600 682 3662 qut
697 3595 764 3645 otta
780 3600 804 3645 st
819 3594 896 3657 oter,
921 3597 1166 3647 Ambiacum·

81 3671 269 3721 σοι-111111
284 3671 418 3736 maeres]
439 3672 482 3722 Sic
502 3672 601 3737 Epicu·
637 3670 722 3721 teneti
752 3669 814 3722 Alii:
833 3676 862 3721 ot
876 3674 1056 3734 ostsroposoe
1069 3670 1167 3735 pennotti

80 3754 137 3803 rus,
157 3745 234 3796 ouius
251 3746 354 3796 sectam
376 3746 403 3795 tn
424 3745 476 3796 hoc
493 3747 601 3811 propriu
638 3746 883 3797 Frmemuooioiis:
904 3746 1027 3808 pctdpretd
1041 3746 1166 3810 motat·

82 3818 167 3868 niun
187 3818 287 3869 ductus
306 3818 481 3871 libentissime
502 3832 601 3884 seque-
638 3826 685 3882 (αν,
703 3825 727 3871 st
744 3820 821 3871 ntor:
837 3821 978 3871 danaim
989 3822 1106 3884 peritam·
1120 3834 1166 3871 oo·

83 3887 166 3953 batur,
184 3893 315 3944 docuerat
330 3889 381 3945 τὸν
398 3890 497 3957 σοφὸν
513 3893 601 3957 φιλα-
638 3894 685 3945 tutt
700 3896 802 3957 notique
817 3895 933 3945 schmitt.
965 3896 1001 3946 Tu
1017 3897 1069 3947 eet.
1084 3922 1111 3933 -
1125 3908 1166 3960 pe·

81 3962 199 4033 ypricsev.
230 3970 305 4032 Diog.
324 3970 410 4019 Lati-t.
431 3971 458 4030 1,
479 3971 523 4029 10,
543 3972 599 4021 itt).
637 3968 713 4033 meti]
732 3968 771 4019 Gt.
784 3970 881 4029 Sam.
900 3968 1005 4031 3,111.

86 4066 109 4075 -
126 4044 230 4094 iteum
253 4044 390 4110 diuinitas]
412 4045 471 4096 tid.
489 4044 522 4095 ad
546 4046 599 4095 sat.
672 4042 728 4094 i·9.
758 4048 782 4094 st
797 4044 871 4110 atter]
889 4045 986 4095 «etiam
997 4044 1165 4108 alternegat,

84 4112 213 4177 1,3,51.
240 4118 280 4170 ct.
299 4120 396 4177 Sata.
415 4119 443 4179 3,
461 4120 523 4171 3⁴3:
542 4126 602 4171 tao·
638 4120 792 4186 pariterque
810 4121 907 4172 eadem
923 4120 1096 4187 probamus.»
1122 4122 1167 4171 sa·

84 4192 133 4238 Μ
141 4194 289 4244 domim
301 4224 327 4231 -
337 4200 366 4245 ct
376 4196 467 4261 esim]
479 4196 523 4244 Sic
535 4194 600 4245 Cod.
639 4192 700 4245 iusi.
715 4192 791 4245 Catii.
803 4194 849 4244 20:
868 4196 1006 4247 idsmostta
1016 4201 1092 4257 atqu
1101 4196 1167 4245 iiior

85 4260 169 4315 Bianti.
187 4269 325 4333 antiquiss.
345 4272 372 4320 et
393 4268 448 4331 aiii,
475 4271 504 4320 ut
530 4269 600 4333 virg.
640 4268 717 4331 nolte,
737 4282 768 4320 ao
783 4270 883 4321 worm
896 4272 974 4335 m
990 4270 1104 4320 Μῶα
1121 4272 1164 4320 eet.
