2925 4892
1170 400 1202 447 tu

112 534 256 599 nendum
278 534 520 621 separatimque
542 532 760 601 exhibendum
782 544 866 602 erat:
891 534 933 602 de
951 556 1089 623 quorum
1105 538 1201 605 Codi-

111 714 187 759 cum
224 692 357 759 alterius
390 694 585 779 praestantia
618 692 708 761 facile
743 714 870 761 mecum
906 696 1104 769 consenties,
1144 696 1199 761 ubi

112 852 261 917 lectionis
283 851 471 917 varietatem
497 872 536 917 ex
558 872 599 918 eo
621 861 805 939 excerptam
830 855 1031 939 cognoveris.

179 1049 300 1113 Horatii
324 1049 460 1114 vitame
483 1046 727 1134 Dillenburgero
751 1047 954 1115 laudabiliter
968 1050 1198 1126 concinnatam,

110 1227 212 1293 quam
242 1206 382 1273 Orellius
414 1206 576 1273 secundae
599 1206 735 1273 Editioni
758 1206 942 1283 addiderat,
972 1207 1125 1295 equidem
1148 1230 1199 1275 re

111 1376 226 1453 petere
256 1364 360 1436 nolui,
391 1384 432 1431 ne
464 1363 494 1431 id
524 1363 661 1451 amplius
684 1365 789 1431 amico
810 1364 960 1431 defuncto
982 1365 1115 1433 daretur
1135 1368 1199 1435 cri·

109 1526 205 1599 mini,
230 1522 382 1610 illiusque
405 1522 477 1589 loco
493 1522 635 1589 Suetonii
651 1532 749 1610 atque
765 1524 922 1611 Anonymi
938 1520 1196 1608 Hircbnerinni*)

108 1682 193 1748 vitas
215 1682 338 1747 Horatii
361 1680 585 1769 exprimendas
607 1682 716 1745 curavi
741 1680 858 1745 additis
881 1682 953 1747 Car.
971 1680 1098 1747 Franlrii
1113 1682 1198 1749 Con-

107 1850 225 1927 spectu
250 1850 447 1925 temporum,
471 1838 588 1925 quibus
604 1836 755 1903 Horatius
777 1857 878 1925 opera
897 1837 1025 1925 scripsit
1039 1848 1071 1904 et
1086 1838 1195 1915 edidit,

107 2010 141 2065 et
162 1996 313 2064 eiusdem
337 1994 456 2062 Tabula
478 1994 704 2081 chronologica
727 1996 907 2062 Horatiana.
946 1998 1117 2065 Praeterea
1138 1998 1196 2064 ad-

9 2168 10 2205 1
108 2158 170 2224 ieci
194 2155 339 2222 lndicem
362 2174 469 2219 rerum
492 2163 524 2220 et
545 2154 734 2229 verborum,
768 2156 908 2241 quaein
931 2154 1195 2223 adnotationibus
1225 2144 1229 2149 ’

9 2334 10 2337 ’
107 2314 325 2403 explicantur,
358 2317 388 2376 in
419 2313 617 2380 Praelatione
646 2312 685 2377 ad
722 2315 811 2400 prius
832 2312 982 2379 volumen
1005 2334 1025 2379 a
1046 2334 1097 2379 me
1120 2334 1194 2401 pro

109 2474 253 2539 missum.

171 2660 219 2726 nb
250 2658 410 2726 Analectis
444 2658 485 2725 ad
514 2660 632 2725 Horatii
657 2659 805 2726 Carmina
833 2658 981 2730 edendis,
1016 2658 1075 2723 etsi
1106 2655 1193 2742 larga

112 2840 222 2885 eorum
254 2818 333 2883 mihi
365 2816 549 2905 suppeditat
580 2817 746 2892 materies,
779 2835 865 2881 nunc
898 2814 1030 2903 quidem
1062 2824 1194 2901 propter

113 2976 263 3065 temporis
286 2976 451 3063 augustias
473 2973 548 3041 mihi
571 2974 796 3041 abstinendum
818 2984 877 3041 est.
917 2972 1040 3053 Quodsi
1062 2972 1193 3060 quando

114 3135 332 3222 opportunitas
366 3142 500 3219 quartae
533 3132 687 3199 Editionis
721 3130 884 3219 parandae
916 3131 990 3207 erit,
1036 3130 1191 3197 Codicum

118 3294 321 3360 Beruensiurn
350 3291 459 3359 denuo
481 3290 746 3357 excudendorum
768 3288 878 3357 labore
900 3289 953 3355 vix
973 3288 1190 3375 supersedere

119 3462 231 3535 potero.
277 3450 381 3517 Hodie
405 3449 438 3516 id
459 3472 559 3516 unum
581 3448 696 3516 afferre
720 3449 820 3523 iuvat,
844 3446 991 3514 codicem
1007 3446 1036 3508 B
1053 3466 1125 3511 earn
1144 3445 1192 3509 in-

120 3610 317 3695 scriptionem
345 3608 502 3675 Carminis
531 3605 726 3682 Saecularis,
759 3624 857 3692 quam
883 3601 1079 3670 Kirchnerus
1103 3603 1189 3687 (Nov.

121 3765 251 3843 Quaestt.
275 3768 395 3833 Horatt.
420 3788 450 3852 p.
473 3766 535 3850 at.)
569 3765 708 3851 primum
737 3782 756 3829 e
786 3761 900 3829 codice
922 3758 1067 3828 Gotbano
1089 3758 1190 3826 altero

120 3924 264 4005 prodidit,
287 3924 450 4009 aliquanto
475 3924 627 4009 integrius
649 3921 695 3986 sic
716 3920 883 3986 exhibere:
909 3919 1038 3982 Coronen
1052 3917 1190 3982 seculare

180 4238 201 4299 ‘l
218 4240 280 4289 Vide
299 4242 327 4291 C.
346 4240 482 4290 llirclrneri
500 4240 618 4299 Quaesll.
638 4236 726 4287 Horat.
748 4250 773 4299 p.
793 4236 822 4284 tt.
