2925 4892
261 337 322 403 lit
624 337 754 389 nouam
774 335 995 388 srrsromauu

305 497 338 562 Si
361 517 415 564 res
437 496 506 563 sola
532 505 639 584 potest
660 495 768 562 lacere
789 502 823 560 et
843 513 975 560 servare
998 493 1147 570 beatum,

305 619 373 686 Hoc
395 619 518 706 primus
541 627 671 706 repetas
693 637 790 705 opus,
814 615 877 683 hoa
898 626 1083 704 postremus
1105 616 1242 683 omittas.

304 742 337 807 Si
362 739 556 807 lonunatum
579 740 706 828 species
729 750 762 806 et
783 738 885 826 gratia
906 747 1064 824 praestat,

305 862 487 928 Mercemur
508 883 653 938 servum,
677 862 734 948 qui
756 861 856 927 dictet
875 859 1022 938 nomina,
1046 859 1174 927 laevum
1316 862 1357 924 50

305 984 368 1064 Qui
390 983 509 1050 lodicet
530 981 613 1049 latus
636 991 669 1048 et
690 991 788 1068 cogat
808 992 897 1047 trans
919 982 1065 1069 pondera
1086 981 1233 1048 dextram

329 1163 369 1214 is.
385 1163 534 1226 postreraas]
552 1167 679 1212 scirorum
691 1174 714 1210 c.
731 1188 759 1197 -
772 1160 813 1211 lii.
823 1165 936 1224 praestet
952 1162 982 1211 C.
997 1185 1025 1197 -
1039 1161 1081 1210 ar.
1098 1161 1176 1225 fartim
1191 1159 1283 1224 Edi-a
1299 1163 1328 1210 et

295 1251 430 1301 superscr.
444 1252 462 1288 a
478 1236 513 1297 b,
534 1236 616 1299 [odiat
632 1250 662 1297 a,
681 1233 793 1286 Bentleii
810 1237 996 1298 «sequiorem»
1014 1239 1043 1286 et
1059 1237 1177 1299 quinqua
1194 1237 1323 1297 Paitierii,

264 1386 354 1438 culum
371 1389 493 1437 avertere
510 1387 631 1450 possunt.
653 1411 680 1420 -
704 1385 789 1448 facero
826 1382 1076 1446 prunibaumes,
1097 1386 1125 1445 i,
1144 1386 1172 1435 8:
1195 1385 1282 1435 aliena
1301 1399 1358 1435 aaa·

263 1468 286 1513 st
306 1475 407 1512 serame
429 1461 536 1524 Mam]
555 1457 697 1510 «Consulto
720 1460 788 1508 baec
825 1462 910 1510 moria
926 1459 1087 1523 salutamus.)
1120 1460 1178 1509 lloc
1199 1465 1292 1510 autem
1313 1457 1357 1510 vel

263 1537 421 1600 repetuntur
442 1549 474 1585 ex
495 1534 615 1586 secundo
638 1547 732 1594 versu,
761 1535 790 1582 ut
827 1535 943 1584 maxime
952 1532 1140 1584 blandiebatur
1149 1534 1306 1585 bominibus
1319 1537 1359 1584 te-

263 1621 423 1676 perversum
458 1609 615 1674 cupidorum
648 1609 788 1658 hominum
828 1609 982 1669 autoribus,
995 1608 1042 1658 ubi
1053 1610 1095 1657 vir
1103 1606 1199 1659 nobilis
1212 1621 1261 1659 eos
1274 1609 1359 1660 etiam

264 1685 391 1735 iudicium
406 1685 680 1749 cumverasapientia
693 1684 790 1734 infesto
828 1683 1001 1749 praenomine
1025 1681 1160 1735 salutaret.
1196 1684 1250 1734 Sat.
1271 1685 1301 1743 2,
1326 1686 1356 1743 a,

264 1761 411 1810 certamine
429 1763 629 1824 componatur.»
643 1761 763 1810 Dumana.
828 1760 868 1809 3².
899 1759 953 1810 Cic.
967 1759 1002 1808 ad
1014 1761 1065 1808 nu.
1079 1757 1107 1818 l,
1122 1759 1149 1819 l,
1169 1759 1198 1808 a:
1217 1759 1257 1808 Aa
1268 1757 1356 1808 urbam

297 1834 385 1885 til-di.
409 1835 500 1897 specim
522 1841 545 1884 et
567 1835 662 1899 pratia]
682 1831 791 1898 «splen-
828 1836 865 1883 ita
881 1835 946 1895 ocni,
964 1838 992 1882 at
1007 1829 1165 1883 oaaordiiur
1176 1833 1357 1883 ambutabo
1425 1854 1431 1860 ·

264 1907 313 1958 dor
336 1911 475 1968 externus,
501 1908 569 1959 latus
594 1907 697 1967 clavus,
725 1904 790 1956 sella
828 1908 1007 1958 nmamclatori
1023 1913 1097 1957 aona
1112 1907 1202 1971 fucrit,
1229 1908 1274 1967 aui
1296 1907 1359 1956 mitt

264 1981 377 2044 curulis,
397 1983 496 2043 luscos,
516 1997 614 2033 nornen
632 1985 721 2047 ipsum
734 1994 792 2031 ma·
828 1983 1102 2033 obriamaoaoeaerit.
1130 1981 1169 2032 Cl.
1182 1994 1232 2044 pro
1244 1983 1356 2032 Murena

264 2059 402 2121 gistratus,
422 2071 504 2121 quern
521 2060 591 2120 geris
607 2057 650 2107 vel
668 2058 788 2122 gessisti,
829 2059 875 2119 36,
894 2059 935 2107 77.
957 2083 984 2092 -
1004 2057 1103 2106 umam
1118 2083 1133 2093 ·
1149 2082 1162 2092 -
1178 2055 1260 2120 latm]
1285 2057 1359 2120 quod

265 2135 291 2182 et
308 2145 372 2182 aura
383 2131 546 2196 popularis.»
570 2133 623 2182 Cic.
639 2133 665 2182 in
682 2133 788 2193 Pisil,
829 2131 1012 2183 nomenclator
1035 2133 1101 2181 hero
1123 2129 1241 2194 tegebat.
1268 2158 1295 2166 -
1318 2132 1360 2194 so-

264 2205 311 2258 al:
331 2207 455 2270 Mapoura
465 2221 554 2258 nomen
566 2213 609 2269 est,
622 2221 720 2272 mapsa
730 2220 792 2268 spe-
829 2207 900 2271 dicet]
927 2207 1053 2257 Fodicare
1076 2206 1112 2270 (id
1138 2208 1192 2267 est,
1219 2219 1303 2270 saepe
1329 2209 1357 2256 et

264 2283 338 2344 aisa,
356 2294 451 2345 maana
468 2282 589 2345 sipritus,
608 2295 702 2346 mapsa
713 2283 792 2331 maie
829 2283 927 2332 acriter
942 2282 1049 2342 fodere,
1068 2294 1200 2347 pungere,
1219 2278 1356 2343 vellicaret

264 2361 316 2406 stas
331 2355 445 2406 consutis.
476 2355 529 2406 Clr.
544 2357 610 2420 Epp.
627 2357 657 2418 2,
676 2358 707 2418 2,
726 2356 789 2406 203:
829 2356 951 2408 solebant
973 2356 1053 2416 latus,
1078 2370 1132 2420 quo
1149 2357 1224 2419 signo
1241 2359 1357 2406 attentos

267 2431 377 2492 Viribm,
401 2431 515 2494 inperio,
540 2431 656 2493 specis,
683 2432 790 2493 virtuto,
830 2430 976 2482 redderent
993 2431 1027 2480 de
1044 2427 1174 2493 aliquare
1191 2431 1353 2490 monendos,

265 2505 331 2568 loco,
344 2505 661 2568 rola'atremiprimonrm,
674 2507 793 2555 rotronis
830 2507 857 2555 h.
870 2505 887 2555 l.
901 2509 931 2555 ut
953 2505 1099 2557 salutarent
1121 2505 1193 2554 bunc
1214 2503 1257 2554 vel
1284 2504 1356 2555 illum

265 2593 342 2642 usqua
349 2581 456 2643 priores.
478 2580 559 2630 Tacit.
571 2579 674 2642 Anni,
688 2581 717 2630 6:
733 2581 793 2644 (pri-
831 2581 968 2631 hominem
996 2578 1030 2629 de
1061 2577 1211 2643 plebecula.
1249 2581 1355 2629 Terent.

266 2657 317 2707 mis
327 2655 424 2705 Tiberii
439 2655 565 2720 principis
581 2655 665 2717 annis)
677 2668 724 2704 saa
735 2669 794 2704 coa-
831 2656 896 2705 Hac.
915 2655 945 2716 3,
968 2656 998 2714 ὅ,
1017 2655 1064 2704 ⁴6:
1090 2655 1168 2703 Luca.
1195 2653 1244 2703 Dic
1260 2655 1359 2703 iussisse

265 2731 369 2792 salibus,
395 2745 442 2780 sua
460 2731 622 2793 praetoriola
641 2731 741 2792 species.
762 2758 790 2766 -
830 2735 861 2778 tr.
888 2732 961 2778 Pam.
988 2728 1047 2777 Noti
1064 2728 1157 2790 fadar.
1185 2725 1355 2792 Pseudoplat.

265 2809 406 2856 Marmar
417 2805 479 2868 cet]
494 2805 608 2865 «Quodsi
621 2806 699 2868 igitur
709 2805 794 2854 bono-
830 2804 948 2854 Amator.
961 2816 988 2867 p.
1003 2803 1059 2852 ⁴32.
1072 2803 1113 2852 B.:
1132 2797 1256 2866 κινήσας
1268 2797 1358 2853 αὐτὸν

266 2879 794 2943 resappetis,omnibusambitionisarti-
830 2875 870 2945 τῷ
887 2872 996 2944 ἀγκῶνι
1018 2872 1144 2948 ἠρόμην.
1175 2879 1305 2928 Ceterum
1326 2891 1357 2926 ex

266 2953 317 3004 bus
327 2955 412 3010 utere3
424 2965 490 3015 quas
500 2952 639 3002 evidenter
648 2955 682 3003 ita
693 2954 794 3004 descri-
831 2966 881 3003 usu
900 2955 973 3002 certe
992 2952 1128 3002 Ciceronis
1150 2953 1236 3014 (lusa.
1256 2951 1285 3013 3,
1312 2953 1355 3013 ld,

150 3023 157 3030 “
266 3026 304 3077 bit
322 3027 494 3076 Mamertinus
511 3029 609 3090 Paneg.
631 3026 722 3076 lulian.
745 3030 791 3078 ro:
831 3028 882 3090 35.)
898 3027 1012 3090 fodicare
1028 3039 1081 3075 non
1099 3027 1141 3076 est
1163 3023 1288 3087 «leviter,
1312 3039 1358 3076 su-

267 3101 327 3162 Qais
337 3101 449 3163 ipsoral,
462 3105 514 3149 lum
526 3113 637 3162 quoque,
649 3115 707 3151 mim
717 3102 794 3152 bono-
831 3101 940 3168 perflcic
953 3104 1031 3151 tenus
1042 3100 1150 3161 ludere,
1169 3103 1281 3164 tangere
1289 3121 1313 3162 ,a
1330 3105 1358 3150 ut

266 3187 306 3225 ros
319 3175 407 3237 popuii
422 3177 529 3225 Romani
545 3177 675 3240 saffrapiis
685 3179 793 3226 manda-
830 3176 885 3227 volt
909 3175 1044 3227 Glossator
1074 3176 1145 3240 apud
1173 3177 1355 3235 Torrentium,

266 3248 372 3310 barim,
394 3250 485 3300 malim
504 3251 579 3312 fadar
600 3252 793 3302 candidatomm
831 3251 880 3303 sed
893 3253 1064 3302 contrarium.
1078 3278 1103 3289 -
1116 3251 1198 3315 coam]
1218 3251 1357 3315 «impenso

266 3323 381 3375 laboras?
395 3325 535 3375 Edisaroda
551 3326 792 3385 omniamaomina,·
830 3327 919 3376 studio
945 3325 1061 3377 iubeat.»
1086 3353 1113 3362 -
1138 3332 1211 3377 trans
1232 3327 1356 3390 pondera]

265 3399 377 3450 tributim
400 3413 484 3450 manes
506 3404 582 3463 alque
603 3401 681 3450 etiarn
700 3401 792 3464 stupuit
832 3401 958 3468 «Propala
984 3404 1010 3452 in
1035 3401 1147 3453 taberna
1172 3401 1273 3452 sedens
1296 3405 1357 3451 ante

265 3475 409 3534 adulandi·
439 3475 630 3538 prehensandae
662 3475 792 3525 obviorum
830 3491 860 3528 se
878 3477 961 3528 babet
976 3477 1092 3541 positam
1111 3477 1358 3539 trutinamacpaa-

264 3563 370 3610 amaa&
395 3549 508 3600 mandris
533 3551 712 3610 antaradum·
741 3565 791 3601 aaa
830 3554 904 3614 dara,
918 3552 1033 3615 adquae
1046 3565 1242 3613 mercessuas,
1256 3550 1356 3612 oleum,

265 3625 345 3674 salton
366 3637 423 3674 cam
445 3625 548 3688 iaflrnb,
575 3626 618 3674 sed
637 3626 713 3675 etiarn
735 3639 793 3676 cam
830 3628 920 3691 piper,
945 3627 1021 3688 tbus,
1046 3627 1179 3691 salgama,
1198 3629 1291 3677 cetera
1308 3627 1358 3677 ad·

265 3701 357 3762 ipaotis
371 3699 556 3760 smailiaritalis
571 3702 793 3765 imaposimataa-
830 3701 986 3751 vanioribus
1003 3702 1103 3753 vendit.
1134 3703 1190 3751 lam
1207 3703 1253 3766 qui
1271 3702 1358 3752 bono-

266 3775 308 3824 da.
341 3801 368 3809 -
398 3776 511 3840 servm]
546 3775 789 3838 nomenclatorem,
830 3787 875 3825 res
892 3789 946 3825 non
964 3778 1068 3840 captat,
1087 3777 1181 3828 transit
1199 3789 1233 3825 ne
1250 3777 1357 3826 intuens

266 3849 342 3898 cuius
360 3851 417 3897 arat
434 3848 555 3900 ediscere
573 3853 678 3902 nonuna
701 3851 792 3914 siugu-
830 3851 940 3915 quidem
963 3851 1071 3901 intimae
1095 3853 1175 3902 sortis
1200 3851 1355 3904 bominem:

266 3921 441 3987 lorumprope
454 3924 560 3986 civium,
571 3937 634 3988 quo,
645 3938 793 3990 cumpren-
829 3925 988 3977 ambitiosus
1004 3940 1019 3976 a
1036 3925 1131 3975 sedulo
1153 3924 1356 3976 nomenclatore

267 3997 339 4046 sarai
371 3997 507 4060 dominus,
541 4011 624 4048 unum
653 4013 790 4064 quemque
829 4000 938 4051 iubetur
961 4001 986 4050 ei
1011 4003 1085 4050 trans
1110 3999 1249 4050 sordidum
1276 4001 1357 4050 istum

267 4071 374 4122 nomine
384 4072 519 4136 appellare
530 4076 633 4138 posset,
647 4076 790 4138 postquam
829 4077 988 4140 apparatum
1005 4074 1156 4139 ponderum
1168 4088 1201 4124 ac
1214 4087 1357 4125 mensura·

267 4159 362 4197 servus
382 4147 435 4196 boc
456 4148 480 4198 ei
502 4148 629 4209 dicmsset,
654 4150 711 4199 eius
732 4149 790 4198 auri
829 4163 889 4200 rum
907 4149 1045 4200 dexteram
1063 4161 1149 4211 aeque
1162 4149 1276 4198 comiter
1291 4163 1356 4214 por-

266 4223 467 4274 insusurrasset.
488 4224 534 4286 [Da
546 4222 790 4276 nomenclatoribus
828 4225 930 4288 rigere,
949 4237 981 4275 ac
998 4225 1021 4274 sl
1037 4222 1172 4275 lamssiaris
1184 4226 1271 4284 essct,
1291 4235 1356 4287 spe-
