2925 4892
495 383 555 435 ua.
575 386 594 434 t.
630 382 728 435 seror.
747 384 802 435 vu.
1132 380 1196 449 ses

144 542 219 607 Post
242 560 360 607 nonem
382 540 513 618 venics;
537 560 622 607 nunc
649 540 673 617 i,
698 560 768 607 rem
790 550 942 607 strenuus
964 560 1058 628 euge.

144 662 182 729 Ut
203 671 336 729 ventum
358 660 400 728 ed
422 680 558 729 coenem
580 671 646 737 est,
670 660 810 729 dicende
831 661 969 729 tecende
991 662 1118 730 locutus

143 782 287 849 Tandem
309 781 483 849 dormitum
506 782 682 849 dimittitur.
726 782 787 849 llic
807 782 864 850 ubi
885 803 986 871 seepe

142 902 317 970 Occultum
339 903 428 970 visus
450 903 628 971 decurrere
651 902 753 991 piscis
774 902 817 971 ed
838 904 970 971 hemum

142 1025 235 1090 liene
263 1022 365 1090 cliens
387 1034 420 1091 et
441 1024 504 1091 iem
526 1034 635 1091 certus
657 1025 809 1102 convive,
834 1024 963 1093 iubetur
1152 1028 1193 1092 75

143 1148 230 1213 Rure
253 1144 441 1212 suburbana
464 1146 592 1214 indictis
613 1165 725 1213 comes
747 1146 795 1213 ire
816 1148 946 1215 Latinis.

142 1265 318 1355 impositus
340 1266 465 1335 mennis
488 1288 602 1333 ervum
623 1266 816 1355 caelumque
838 1268 994 1336 Sabinum

164 1475 206 1525 ii.
226 1478 262 1523 est
277 1474 313 1523 cd
328 1487 417 1525 omme
433 1474 459 1524 d.
482 1499 509 1510 -
529 1472 570 1525 73.
588 1475 628 1524 tto
645 1475 679 1537 C,
697 1475 752 1525 boio
768 1478 792 1535 t,
809 1477 858 1525 tuo
874 1490 912 1537 φ,
929 1476 974 1527 Ast
990 1477 1073 1544 dp,y,
1090 1478 1160 1543 Brpo

132 1552 159 1612 ζ,
177 1562 232 1600 om.
246 1550 277 1609 Ε,
287 1546 317 1609 β.
333 1572 361 1585 -
374 1548 415 1599 75.
429 1550 506 1599 etiem
516 1548 600 1599 bedB.
621 1549 708 1613 (etiem
724 1562 795 1600 rene
809 1549 919 1601 Bentleii
931 1548 1011 1601 dabie
1022 1552 1158 1616 suspicio.)

102 1712 165 1767 οὐκ
181 1713 288 1789 ἐχρῆν
299 1711 626 1783 ἀπολαλήσαντες-αὐ
664 1716 783 1768 triduum
791 1718 920 1769 iustitium
928 1719 1010 1778 esset,
1017 1718 1122 1783 petroni
1131 1730 1193 1769 oeu-

101 1786 453 1843 relevatos-datam.
475 1819 503 1828 -
521 1792 627 1842 dentiti-
664 1804 757 1843 sarum
779 1793 806 1841 et
828 1793 981 1856 quicunque
1003 1790 1125 1844 ciuilibus
1142 1805 1192 1842 ne·

101 1868 148 1932 tur]
175 1865 319 1919 rPolitioris
345 1866 428 1916 moris
452 1868 559 1929 ignarus
579 1866 627 1917 be-
663 1866 740 1930 sotiis
754 1864 976 1931 implicatiorem,
990 1865 1089 1917 otiandi
1100 1879 1190 1928 musa,

101 1942 177 2004 aigne
188 1943 324 2002 monetur,
336 1942 366 1991 ut
380 1940 490 1991 tandem
505 1939 626 1991 cubitum
663 1940 806 1993 comitibus
831 1938 931 2005 aliquot
957 1953 1052 1991 secum
1077 1940 1190 2002 eductis,

100 2020 217 2069 redeat.»
241 2018 403 2081 Neutiquem
419 2018 460 2069 his
477 2030 520 2067 vv.
540 2016 627 2067 ehrie-
662 2015 868 2067 nmticabentur.
903 2016 946 2065 Sic
970 2016 1133 2067 eCicerone
1155 2015 1193 2067 ie·

101 2094 158 2143 tatis
182 2094 276 2143 vitium
302 2092 329 2143 in
354 2106 388 2143 eo
405 2090 624 2157 reprehenditur,
661 2092 707 2142 riis
725 2091 824 2142 Latinis
841 2089 975 2153 linguntur
990 2090 1073 2140 babiti
1089 2091 1117 2141 in
1133 2091 1191 2140 Sot-

100 2168 147 2219 sed
162 2170 215 2219 hoc
232 2167 497 2225 commiscebitur,
515 2168 626 2230 propter
661 2166 749 2230 pionis
765 2165 876 2215 minoris
896 2164 981 2216 hortis
996 2178 1137 2217 sermones
1155 2164 1191 2216 illl

101 2244 176 2293 totius
204 2254 306 2293 coenae
335 2240 494 2292 bilaritatem
522 2238 625 2290 bonum
661 2240 696 2290 de
714 2252 745 2289 re
761 2238 878 2303 publice.

100 2314 169 2367 illum
186 2318 291 2367 lienem
307 2316 409 2367 sensim
426 2313 537 2365 oblitum
552 2326 622 2375 esse,
694 2314 783 2364 'ti-85.
810 2314 943 2376 Impositos
963 2314 1074 2379 moereb]
1101 2315 1190 2366 «llan-

99 2402 150 2453 qaa
166 2391 233 2443 bore
248 2404 314 2443 suae
332 2390 497 2441 condicionis
513 2390 626 2441 homini-
660 2400 726 2439 num
738 2387 886 2439 escendere
897 2389 1020 2449 iussus‚»
1037 2401 1101 2440 oum
1108 2390 1191 2439 Acro-

100 2465 148 2517 bus
164 2466 198 2517 de
216 2466 345 2517 nobilium
357 2466 448 2517 coenis
459 2463 623 2528 surgendum
660 2476 708 2525 ne,
737 2461 879 2523 lambino,
903 2464 1002 2513 cerato
1018 2462 1129 2525 aliisque
1146 2476 1192 2513 cx-

99 2544 177 2590 esset.
197 2566 227 2577 -
244 2542 298 2606 llio]
318 2542 387 2591 Cum
403 2541 456 2590 boo
474 2550 623 2603 pronomen
661 2538 736 2603 ponit
762 2537 912 2597 obherius3
947 2551 1000 2601 que
1033 2539 1060 2588 in
1087 2539 1190 2588 ratione

100 2615 159 2675 (aon
176 2615 247 2679 cdv.)
272 2615 416 2665 excidisset
436 2614 463 2664 in
480 2612 624 2664 codicibus
661 2626 736 2663 num.
754 2610 863 2677 pluralis
883 2614 985 2661 moenis
1000 2613 1123 2677 explicari
1140 2612 1191 2662 de-

96 2686 206 2753 aliquot,
224 2691 297 2740 varie
315 2688 437 2753 expletus
454 2690 496 2739 est
508 2700 622 2739 versus:
660 2685 707 2737 bet
729 2686 773 2737 vel
794 2699 848 2736 una
870 2698 933 2737 cum
953 2685 1063 2751 reliquis
1079 2686 1191 2751 Philippi

97 2763 173 2825 ilino,
190 2766 258 2826 ilco,
275 2765 332 2825 Ast,
345 2764 424 2828 Brpo.
443 2762 496 2813 Sed
507 2762 621 2826 ot.1=:pp.
661 2760 805 2811 comitibus
826 2760 870 2811 vel
895 2760 930 2811 de
952 2762 1058 2813 mannis
1073 2759 1190 2825 singulas

96 2838 124 2898 B,
142 2840 174 2900 2,
187 2840 244 2890 436.
258 2865 288 2876 -
307 2838 445 2901 maen]
462 2838 529 2903 Bpp.
543 2839 568 2899 4,
581 2839 621 2898 46,
661 2849 711 2901 per
722 2836 876 2887 mensiones
887 2837 1005 2887 mutetis.
1028 2837 1130 2888 Mennis
1140 2848 1191 2887 au-

97 2914 136 2961 tt.
149 2914 261 2965 hemum
272 2916 354 2965 vocet
366 2918 489 2977 opernm.
505 2938 532 2949 -
538 2912 623 2977 piscis]
661 2914 716 2962 tem
734 2912 867 2962 Romanos
877 2910 1014 2961 interdum
1024 2913 1118 2962 vectos
1129 2923 1191 2963 esse

99 2989 142 3035 art
157 2988 272 3051 piscis;»
289 2990 388 3039 omues
406 2990 436 3037 ut
451 2999 533 3051 saepe
551 3000 625 3037 com·
660 2987 793 3037 monstret
813 2998 845 3034 ex
868 2986 986 3035 Senem
1003 2985 1085 3050 Epist.
1102 2986 1145 3036 tt.
1163 2987 1192 3035 et

98 3062 240 3120 pontionis
266 3060 405 3127 particula.
436 3062 475 3113 Gi.
494 3060 578 3125 Bpod.
598 3062 622 3122 4,
661 3062 762 3111 lason.
791 3060 874 3125 Epist.
901 3060 931 3122 B,
958 3061 992 3110 7:
1023 3061 1066 3112 Vel
1087 3062 1192 3112 mett

98 3132 136 3183 34.
155 3134 624 3201 -tcam10pipareparatisoon-
660 3148 783 3185 morsm
805 3134 845 3184 oet
865 3138 970 3197 neptun
984 3139 1058 3199 torpe
1072 3138 1192 3187 cerm

98 3206 170 3258 viriis
195 3206 381 3260 delectabatur
401 3209 537 3275 Philippus
554 3212 623 3260 teste
660 3208 828 3268 demendas,
851 3220 960 3272 propotu
981 3210 1115 3259 mnodo
1136 3211 1191 3259 totu

98 3280 260 3333 Vononen.
279 3284 309 3333 B.
328 3283 353 3345 B,
372 3284 397 3345 B,
415 3287 440 3335 e.
470 3286 516 3337 llis
532 3288 623 3336 summ
659 3284 754 3335 vestm.
781 3282 948 3342 Aliicontra,
967 3282 1189 3347 quodpmetero:

99 3357 265 3407 inescabatur
281 3370 367 3410 novus
385 3358 476 3411 cliens.
494 3384 522 3397 -
540 3361 623 3426 ottsss]
662 3360 822 3425 «impositus
847 3360 912 3409 cisio
936 3357 980 3408 vel
1005 3358 1121 3419 rhedae,
1146 3358 1191 3407 out

99 3430 148 3481 Cir.
166 3434 311 3484 Buttmann
330 3434 396 3485 Krtt.
415 3434 479 3485 Bibt.
497 3434 527 3495 3,
547 3436 577 3496 4,
595 3448 622 3500 p.
661 3434 745 3484 iuncti
769 3434 847 3483 erant
869 3433 996 3491 meuni‚·
1021 3431 1191 3492 uttrsoquts

99 3504 152 3556 ³9⁰.
170 3509 311 3568 «Quotidie
325 3512 468 3573 patronum
479 3507 624 3561 salutatum
660 3520 710 3572 pro
725 3520 807 3557 orere
823 3506 879 3555 vobi
899 3505 972 3556 ovid.
985 3504 1149 3566 exl'outoii‚
1161 3504 1188 3565 l,

99 3583 233 3645 veniebat,
247 3597 313 3635 eum
324 3586 350 3634 tn
362 3584 449 3634 iorum
460 3582 622 3646 deducebat,
661 3581 727 3631 ido:
756 3579 850 3640 sileo,
878 3584 902 3629 et
926 3580 1028 3641 motis,
1052 3584 1082 3629 ut
1098 3579 1188 3643 prius,

99 3658 125 3705 et
145 3658 316 3722 quotidianus
333 3671 418 3723 prope
441 3658 552 3708 conviva
574 3658 624 3708 fle-
659 3655 704 3705 itit
722 3654 804 3717 octus,
823 3651 916 3715 idest,
934 3666 1014 3704 cumn
1025 3653 1188 3719 triumphet.

99 3728 165 3781 bat.»
190 3731 304 3783 Bentleii
323 3746 394 3783 serto
409 3732 516 3783 cocoice
532 3736 622 3784 esset:
659 3730 770 3780 umes
793 3729 885 3780 eutem
910 3729 953 3778 est
975 3728 1072 3780 mmai
1092 3729 1190 3792 hybri-

100 3808 161 3868 «qui
177 3820 254 3870 sero,
274 3820 337 3858 curn
355 3808 437 3859 ceteri
455 3807 555 3859 iamdiu
571 3808 624 3859 dis-
660 3804 725 3856 dum
743 3818 777 3855 ex
794 3816 866 3867 equo
882 3802 1000 3853 etesiae
1017 3806 1119 3855 netum.
1148 3804 1188 3856 Ci.

100 3877 248 3943 calluerint,
266 3882 575 3947 venitm-somehow]
594 3882 621 3933 h.
660 3880 707 3930 Od.
727 3879 754 3941 3,
772 3879 858 3939 Bm.
886 3876 970 3942 Bpod.
989 3876 1018 3938 l,
1037 3877 1078 3928 tt.
1099 3902 1127 3915 -
1146 3892 1191 3929 ote

99 3950 115 4001 l.
132 3953 157 4003 in
171 3968 236 4017 egro
253 3955 361 4007 Sabino.
376 3956 625 4007 -iodictis--Bc-
659 3968 719 4005 mco
739 3953 886 4013 cadimus
907 3952 1031 4003 Smmson
1045 3954 1109 4019 oet]
1135 3954 1191 4005 Btsl

99 4026 165 4093 Bos]
199 4030 292 4081 Fertne
322 4032 429 4081 Latinae
459 4044 513 4082 non
537 4032 623 4082 stetee
660 4041 787 4093 asperum
814 4029 873 4078 erat
904 4026 991 4079 solum
1018 4028 1190 4092 bisddiusque

100 4105 186 4164 erant,
211 4104 261 4155 sed
278 4105 450 4169 ooucoptivee
469 4106 497 4155 et
513 4106 625 4169 quoten-
660 4102 766 4153 caelum
793 4101 939 4165 sabinum,
969 4105 1059 4153 mmen
1088 4102 1189 4153 bomini

100 4176 139 4226 nis
148 4178 484 4231 indicebanbareconsuie.
503 4179 621 4233 ilecrob.
659 4178 703 4228 vix
735 4188 857 4240 unquam
890 4181 965 4228 extra
993 4178 1070 4229 Urbis
1096 4187 1190 4227 muros

100 4250 200 4301 Setiam.
219 4255 247 4313 4,
266 4254 307 4303 te.
335 4254 392 4305 lam
409 4266 472 4304 cum
488 4266 538 4318 per
555 4266 623 4317 qua-
660 4252 768 4316 evagari
788 4248 866 4301 solito
890 4252 1095 4303 amoenissimus
1116 4249 1190 4299 vide·
