2925 4892
535 319 594 370 ιιιι.
613 320 633 372 ι.
670 321 768 372 cursu.
787 322 807 371 ι.
1159 321 1216 387 aaa

172 473 219 540 Ad
241 493 417 540 summam:
441 475 572 562 sapiens
596 493 660 542 uno
683 475 788 542 minor
809 486 860 543 est
882 477 975 554 iove,
999 479 1108 555 dives,

166 595 281 674 Liber,
306 595 498 673 honoratae,
522 595 671 685 pulcher,
697 617 754 664 rex
776 597 918 686 denique
941 619 1073 688 regum;

167 717 347 805 Praecipue
370 737 484 793 sanae,
509 717 571 784 uisi
593 739 668 786 oum
689 719 803 807 pituita
824 719 961 788 molesta
983 732 1043 788 ast.

127 1029 187 1080 adv.
210 1029 292 1079 Stoio.
315 1027 365 1090 33.)
401 1027 533 1080 Lucienus
559 1027 655 1080 eadem
692 1030 786 1094 protes
812 1029 878 1080 mihi
903 1031 981 1080 uotoa
1006 1032 1088 1082 etiam
1100 1034 1221 1096 ριἰιιιιιιι

124 1107 205 1168 atque
238 1103 362 1154 Horatius
394 1103 478 1153 ironia
511 1115 576 1154 usus
603 1103 653 1153 vit.
694 1103 729 1166 (h.
749 1101 766 1152 Ι.
784 1102 889 1168 trisyii.)
912 1117 928 1154 e
949 1104 1097 1156 Stoicorum
1122 1107 1220 1158 acholio

124 1181 196 1230 auct.
214 1178 256 1228 20.
277 1177 311 1228 de
329 1177 429 1226 Stoico:
458 1173 551 1242 μόνος
568 1165 656 1240 οὗτος
691 1179 802 1242 petitam
821 1191 895 1230 ease:
914 1178 1076 1231 obiiciebant
1093 1182 1165 1232 euim
1182 1184 1221 1234 oi·

123 1251 236 1316 σοφός,
263 1247 356 1317 μόνος
373 1247 476 1316 καλός,
503 1249 597 1318 μόνος
612 1250 655 1304 δι»
692 1249 778 1303 bimot
794 1253 857 1320 ipsi,
883 1253 936 1304 hoo
952 1256 1155 1307 incommodum
1177 1257 1220 1309 in-

122 1343 217 1392 ιιιιιος,
230 1321 376 1398 ἀνδρεῖος,
387 1325 535 1392 βασιλεύς,
547 1323 653 1401 ῥήτωρ,
692 1327 802 1378 toruum
829 1328 939 1380 obstare
966 1329 1052 1382 videri
1084 1331 1219 1396 perioctae

123 1399 282 1465 πλούσιος,
304 1401 469 1468 νομοθέτης
485 1405 535 1454 καὶ
551 1397 653 1466 τᾶλλα,
691 1403 862 1466 beatitudini;
881 1419 915 1456 oo
930 1405 1033 1457 scilieet
1048 1405 1172 1470 coneilio,
1191 1409 1222 1458 ut

123 1473 224 1531 ὁκόσα
244 1477 334 1530 ἐστίν.
366 1478 406 1530 Ci.
425 1479 479 1530 Sat.
500 1481 531 1542 t,
554 1480 583 1542 3,
606 1480 654 1532 tat
692 1477 761 1530 iaoiii
778 1491 860 1543 opera
871 1478 953 1530 tatem
965 1479 1145 1532 obtectionem
1158 1493 1221 1532 ooa-

123 1569 164 1618 sq.
185 1581 215 1590 -
230 1553 375 1618 honoratio]
394 1553 445 1605 «ad
463 1553 654 1606 honoreseve-
690 1553 815 1605 futarout.
851 1555 926 1606 iiauc
943 1555 1029 1619 ipsam
1041 1553 1218 1606 ratiunculam

124 1631 211 1680 otue-
227 1655 255 1665 -
273 1627 385 1692 metcha]
400 1629 465 1680 «eut
481 1630 591 1680 externa
603 1629 655 1680 ior·
691 1625 762 1679 salse
779 1627 861 1678 ridet:
886 1629 951 1679 anisi
969 1641 1031 1679 cum
1047 1628 1141 1692 pituita
1158 1640 1219 1679 mo-

123 1707 194 1754 tasse
213 1702 306 1766 specie
324 1701 466 1764 deformis,
489 1703 571 1753 animi
593 1701 654 1769 put·
691 1699 759 1752 iesta
776 1704 818 1753 eat
834 1705 862 1754 ot
877 1701 939 1766 tihi¹
960 1701 1076 1754 otnobis
1088 1702 1220 1753 auditori·

124 1775 277 1827 chritudiue
295 1777 365 1826 inter
376 1787 470 1827 omues
482 1777 609 1827 eminet.»
625 1805 651 1814 -
691 1773 769 1826 bus.»
797 1777 899 1828 Arriau.
913 1777 997 1840 Epiot.
1011 1777 1039 1838 i,
1053 1777 1082 1838 6,
1097 1775 1141 1826 30:
1162 1775 1220 1828 Nat

123 1849 307 1914 raa-repam]
330 1851 359 1900 ut
381 1851 524 1901 Persarum
548 1863 603 1902 rex.
624 1879 651 1888 -
691 1849 843 1916 (ἐπέτυχον
870 1845 1079 1917 εὐδαιμονίας)·
1106 1845 1168 1900 ἀλλ’
1186 1852 1220 1902 αἱ

123 1925 261 1986 ἣαιοίριιο
278 1923 364 1988 canoa]
389 1925 539 1986 uProcctpoe
554 1937 604 1990 per
623 1937 653 1975 ae
690 1921 781 1992 μύξαι
798 1925 896 1990 (macto
911 1931 935 1977 et
950 1927 1021 1977 moto
1033 1926 1129 1988 pittatia
1144 1927 1216 1987 nort,

123 2001 186 2059 stat,
205 1999 360 2062 significans
373 1999 440 2059 qood
456 1999 652 2049 ιιιιιιιιιιιιιιιιιι.
691 1999 786 2052 catrrii.
799 2001 847 2062 23,
862 2001 911 2064 tr.)
928 2015 988 2066 μοι
1005 1995 1115 2071 ῥέουσι.
1134 1999 1218 2063 Τίνος

122 2075 221 2125 Errant
238 2073 317 2137 igitur
333 2075 508 2138 interpretes,
527 2073 573 2137 qui
589 2074 654 2123 rad·
692 2067 745 2126 oria
756 2067 841 2126 ἕνεκα
857 2080 956 2147 χεῖρας
966 2069 1058 2138 ἔχεις,
1075 2069 1219 2148 ἀνδράπο-

123 2147 652 2212 ᾱιιιιιιιοὶἃοιιιιιιιιιροιιιιιᾱιιίιιιιιτιιιι.
690 2148 756 2210 riom·
769 2143 1219 2221 orixiaomtriuoprioopgoaao-

123 2223 164 2273 iv.
177 2237 205 2288 p.
223 2223 284 2274 δῖε.
314 2221 360 2271 «id
384 2235 450 2272 vero
477 2223 539 2272 anta
564 2222 653 2273 omnia
691 2221 757 2286 uia,-
782 2223 875 2277 Τοῦτο
900 2217 953 2276 οὖν
978 2218 1100 2292 εὔλογον
1123 2221 1219 2291 putifar

124 2299 215 2348 cuncti
233 2295 282 2346 tihi
299 2296 463 2358 concedent,
483 2308 545 2348 eum
557 2308 653 2348 sanum
691 2300 823 2368 γίνεσθαι
839 2297 871 2352 ἐν
886 2295 926 2368 τῷ
943 2295 1064 2368 κόσμῳ,·
1086 2299 1143 2350 Καὶ
1162 2295 1218 2350 πό-

124 2385 200 2434 ease,
226 2371 277 2422 nisi
296 2369 343 2421 ubi
360 2371 426 2422 forte
444 2371 536 2436 pituita
555 2367 654 2442 (κόρι-
691 2389 735 2444 σῳ
759 2379 890 2447 κρεῖττον
912 2371 1125 2440 ἅπομύξασθαι
1147 2367 1219 2439 ocri

124 2449 172 2511 ζα,
199 2439 380 2516 καιάῤῥοιις,
404 2445 603 2510 Scitnopfoo)
629 2447 653 2496 oi
691 2448 1219 2518 iyaaiatmideandomputidamima-
1285 2503 1290 2512 ,

124 2518 240 2571 molesta
263 2521 331 2570 est.»
360 2521 438 2570 Grata
464 2518 560 2583 dilogia
585 2521 656 2572 inest
691 2525 781 2590 ginem
797 2524 983 2584 revortituri,
1003 2523 1048 2582 aa,
1067 2523 1107 2573 43.
1126 2521 1156 2584 i,
1176 2523 1216 2583 tt,

126 2597 193 2646 inv.
213 2609 305 2658 aanor,
330 2594 402 2658 quod
419 2607 483 2645 cum
500 2595 526 2645 h.
544 2593 561 2645 i.
575 2609 656 2648 usur·
691 2599 716 2651 9.
747 2598 823 2650 iiaud
834 2609 946 2663 prorsus
958 2599 1032 2648 recte
1045 2599 1145 2648 Acron:
1166 2597 1219 2646 εΗ·

14 2715 15 2730 ,
126 2672 205 2736 petur
221 2670 256 2720 do
274 2681 402 2734 corpore,
422 2671 513 2720 minen
524 2671 567 2720 vix
579 2668 656 2720 aliter
691 2673 757 2724 tuito
773 2675 816 2723 oet
832 2671 944 2722 morbus
961 2672 1054 2735 capitio
1073 2669 1220 2734 (metapho-
1256 2665 1263 2676 ¹

126 2743 182 2794 fleri
200 2746 305 2809 potest,
324 2757 407 2808 quam
423 2745 453 2795 ut
467 2743 546 2794 simul
557 2744 656 2796 reiera·
691 2747 729 2810 ra)
742 2746 778 2797 ad
793 2747 887 2797 vitium
904 2743 1060 2809 gallinarum
1077 2743 1121 2794 voi
1132 2743 1220 2807 pulio-

14 2823 16 2874 i
127 2820 233 2870 musad
251 2821 404 2871 Stoicorum
421 2833 501 2871 usum
518 2817 652 2884 loquendi,
691 2836 779 2874 rum.»
807 2821 913 2872 Etenim
934 2819 1022 2883 potius
1044 2817 1080 2869 ab
1103 2819 1219 2869 homiui-

128 2895 172 2958 qui
189 2895 343 2959 sapientem
359 2907 438 2946 suum
455 2895 533 2946 unice
550 2907 652 2956 ιιιιιιιιιι,
691 2897 744 2948 bus
761 2896 891 2961 (mon,
909 2894 1061 2959 διὴιιψίιιι)
1078 2893 1112 2944 ad
1129 2894 1218 2944 avium

14 2977 16 3008 i
129 2972 233 3022 ceteros
251 2967 378 3023 mortales
400 2972 503 3022 tomam
520 2973 547 3022 et
568 2972 655 3022 statmo
691 2970 818 3023 morbum
829 2969 925 3036 (rippa)
938 2968 1096 3021 translatum
1111 2967 1218 3018 videtur

130 3045 289 3096 vocitabant.
319 3045 372 3096 Sed
389 3045 454 3110 fugit
471 3047 654 3098 adhucinter-
691 3046 824 3098 alatiuia
840 3059 922 3111 quam
940 3048 1042 3096 contra.

598 3253 748 3264 ———

255 3459 269 3490 ι
488 3434 865 3496 EXOUMUS.

177 3596 279 3658 Quodsi
296 3598 356 3661 qius
376 3592 518 3663 ἐπιτομὴν
539 3595 652 3660 requirit
668 3595 703 3646 ad
719 3593 794 3646 ilium
812 3606 894 3658 quom
910 3593 983 3644 initio
1001 3589 1146 3656 significavi
1157 3603 1219 3655 gra-

133 3682 231 3733 viorem
248 3680 381 3733 seniendi
398 3679 510 3732 modum
526 3680 676 3731 accuratius
701 3678 878 3740 elaboratam,
906 3677 976 3727 hauc
996 3674 1067 3739 legat
1082 3675 1220 3726 Kirohneri

132 3765 291 3826 iuQuaostt.
305 3765 396 3816 Horat.
409 3779 436 3830 p.
450 3764 496 3816 36:
521 3763 734 3815 -Sententiarum
751 3761 818 3812 ordo
835 3761 890 3812 iero
908 3761 952 3811 hio
968 3762 1024 3811 out:
1042 3760 1083 3811 Ad
1101 3760 1219 3810 carmina

133 3848 284 3913 pangenda,
303 3847 427 3912 lyrarum
439 3848 569 3914 deposita,
587 3847 676 3898 denuo
688 3859 704 3898 a
717 3849 754 3908 te,
772 3847 921 3904 Maecenas,
940 3846 1042 3896 excitor
1053 3845 1105 3906 (vv.
1119 3843 1218 3905 t-a.);

133 3933 179 3984 sed
196 3935 254 3984 tum
272 3933 347 3984 aetas
364 3933 496 3984 senectuti
512 3933 623 3998 propior
639 3935 667 3983 et
683 3929 789 3982 iuvenili
807 3930 904 3981 ardore
918 3928 1045 3980 destituta
1062 3929 1166 3989 monet,
1190 3929 1221 3977 ut

133 4014 217 4068 iusum
243 4015 381 4080 poeticum
407 4016 524 4074 mittam
551 4018 608 4066 tum
634 4027 711 4066 mons
735 4015 763 4066 et
779 4012 901 4065 voluutas
918 4027 934 4064 a
951 4013 1027 4078 poesi
1044 4025 1090 4064 mo
1107 4012 1221 4063 avocant

136 4099 184 4161 tw.
195 4099 308 4164 i-to.),
326 4099 391 4162 quid
407 4111 519 4162 verum,
538 4101 642 4151 rectum
659 4101 740 4163 atque
752 4098 854 4150 decens
865 4099 912 4160 eit,
930 4098 1008 4149 unico
1021 4097 1074 4147 iam
1086 4107 1220 4160 qrraeren-

136 4184 187 4234 tom
205 4187 231 4234 et
249 4197 281 4236 ea
298 4185 504 4250 procurantem,
523 4197 592 4248 quae
611 4185 734 4250 prompta
751 4182 883 4234 odaeum
900 4183 966 4233 sint:
991 4181 1027 4232 ita
1045 4179 1168 4244 quidem,
1192 4181 1221 4228 ut
