2925 4892
632 398 760 448 lloallll
778 397 1002 447 sussultans

641 903 906 968 mm
928 905 987 966 n.

314 1048 419 1120 Flore,
445 1045 531 1110 bono
553 1041 706 1126 claroque
728 1036 834 1103 fidelis
856 1035 960 1102 amice
982 1037 1115 1112 Neroni,

313 1169 345 1234 Si
369 1167 442 1254 quis
466 1165 544 1230 forte
568 1160 644 1226 volit
665 1179 803 1246 puerum
825 1157 881 1223 tibi
905 1157 1047 1224 vendere
1071 1169 1180 1223 nalum

303 1441 335 1490 ll.
363 1437 561 1487 uEncusaturus
587 1447 616 1483 se
639 1431 702 1480 lulio
722 1428 797 1480 Floro
835 1425 1148 1490 stolasormooipripiorc
1160 1429 1357 1492 reprehenden—

273 1516 314 1578 (cl.
329 1513 410 1576 Epist.
425 1514 449 1572 4,
462 1509 511 1570 3.),
530 1507 602 1571 quod
621 1504 683 1556 nihil
701 1503 799 1553 littera·
836 1501 886 1551 dus
908 1515 960 1551 non
982 1504 1032 1552 est.
1062 1501 1165 1552 Similes
1182 1506 1246 1552 sunt
1262 1505 1316 1554 Sat.
1334 1507 1354 1564 l,

272 1601 332 1639 rum
349 1599 437 1649 neque
456 1583 605 1632 carminum
623 1581 656 1630 ad
675 1592 737 1628 eum
751 1580 799 1627 mi·
835 1578 864 1637 2,
883 1577 923 1627 39.
944 1578 971 1638 4,
985 1578 1009 1638 8,
1023 1577 1047 1627 9.
1066 1578 1106 1627 47.
1124 1577 1164 1627 36.
1177 1579 1219 1628 50,
1238 1579 1266 1638 2,
1280 1581 1304 1638 8,
1318 1581 1354 1628 la.

272 1665 348 1721 serit,
375 1661 491 1724 primum
517 1655 604 1720 lepida
627 1652 797 1704 similitudine
836 1651 1054 1715 reputabar.
1074 1652 1208 1712 astato.
1227 1654 1301 1713 Η,
1318 1655 1357 1703 l.»

271 1735 412 1802 significat,
426 1747 455 1784 sc
469 1730 530 1782 nihil
543 1729 722 1794 proficiscenti
734 1728 799 1776 ami·
837 1751 864 1760 -
883 1725 955 1789 bono]
980 1726 1019 1774 Dc
1041 1723 1165 1776 laudibus
1186 1727 1226 1776 Ti.
1249 1726 1356 1777 Claudio

272 1826 305 1863 co
321 1810 490 1875 promisisse,
510 1807 592 1854 immo
604 1816 680 1853 suam
692 1803 717 1851 ia
730 1801 798 1852 scri-
834 1800 932 1849 Neroni
948 1801 1037 1850 iuveni
1053 1800 1193 1865 impertitis
1209 1815 1235 1850 r.
1254 1803 1321 1866 Epp.
1334 1805 1356 1860 l,

272 1884 362 1936 bendo
376 1883 507 1947 pigritiam
522 1879 634 1940 ingenue
647 1876 797 1940 prolemum
834 1873 859 1921 9.
875 1874 931 1922 init.
946 1899 973 1908 -
992 1875 1021 1923 Si
1037 1875 1093 1934 qais
1108 1875 1172 1937 cot]
1191 1877 1265 1926 «Non
1277 1878 1357 1940 magis

272 1973 332 2010 essa
352 1959 403 2020 (vv.
418 1955 509 2016 aaa).
531 1954 569 2003 De
588 1948 750 2000 carminibus
761 1949 799 1996 ri·
833 1948 907 1996 recte
925 1949 953 1996 tu
969 1960 1078 1998 mecum
1089 1949 1145 2011 agis
1158 1951 1293 2012 pigritiam
1305 1963 1358 2001 me·

272 2035 339 2084 dens
357 2028 515 2094 respondet,
542 2037 572 2075 sc
590 2023 727 2089 quondam
745 2036 797 2072 uon
834 2033 878 2071 am
904 2023 1120 2086 reprebendens,
1145 2037 1228 2087 quam
1255 2027 1278 2074 si
1301 2026 1357 2088 quis

273 2107 322 2156 uisi
341 2103 496 2168 paupertate
509 2098 797 2148 adversuslacieudos
835 2098 925 2158 empto
952 2109 1037 2160 puero
1062 2099 1187 2159 mangoni
1212 2097 1289 2148 litem
1311 2113 1358 2162 po-

272 2179 405 2234 adactum,
419 2187 489 2223 nunc
502 2173 611 2236 quidem
623 2171 798 2222 meliorator
834 2172 890 2220 stea
902 2173 1032 2227 moveret,
1046 2172 1167 2234 quamvis
1183 2172 1227 2221 hic
1246 2175 1358 2236 emptori

178 2284 182 2298 ,
271 2257 334 2303 tuna
361 2250 479 2298 utentem
505 2246 615 2296 beatum
644 2247 727 2294 otium
756 2246 797 2296 his
834 2246 922 2293 omnia
941 2245 1065 2308 mancipii
1084 2247 1146 2295 vitia
1163 2248 1356 2309 exposuisset..

271 2323 408 2376 laboribus
430 2319 506 2382 louge
527 2319 662 2383 praeferre
682 2319 731 2381 (vv.
749 2319 797 2367 25-
835 2319 873 2368 Cl.
886 2319 984 2368 Clade
997 2319 1101 2383 Rep.3,
1116 2319 1162 2369 49;
1182 2321 1358 2377 Ronusuir,si

271 2399 338 2462 54.4;
357 2394 454 2446 deinde
472 2394 542 2444 serio
559 2393 670 2442 excusat
681 2393 797 2442 aetatem
833 2395 1359 2458 lamctmmmnsapiticwm--atmnne

271 2485 362 2531 suam,
377 2471 526 2532 importuna
538 2466 668 2518 lectorum
683 2467 795 2527 fastidia,
829 2469 988 2532 profitebitur
1010 2469 1144 2533 papilionem
1163 2482 1266 2520 aarum
1279 2498 1320 2510 --
1334 2485 1358 2522 aa

270 2547 389 2598 urbanae
415 2545 484 2592 vitae
507 2539 697 2605 impedimenta
715 2543 796 2603 atque
833 2544 954 2603 aenaim,
976 2557 1011 2592 aa
1027 2543 1291 2605 achademiam?
1306 2549 1356 2596 oet.

270 2621 363 2672 turbas
381 2620 431 2682 (vv.
448 2617 558 2678 atr-aon
577 2619 604 2666 et
620 2616 750 2679 significat
766 2629 795 2666 se
836 2641 863 2652 -
879 2616 1015 2666 Tibarcoal
1026 2617 1119 2680 Gabiis]
1137 2617 1257 2668 «invilla
1272 2619 1358 2682 aliqua

206 2707 209 2714 ⁴
270 2699 425 2761 pertaesum
446 2705 505 2742 esse
529 2695 615 2741 omnls
640 2691 717 2741 huius
734 2703 796 2740 car·
833 2690 968 2741 Tiburtina
985 2689 1028 2741 vel
1039 2691 1153 2752 Gabina,
1172 2691 1241 2742 adeo
1259 2697 1291 2743 ut
1304 2709 1359 2745 oer-

270 2771 373 2822 minuut
391 2765 593 2832 pangendorum
610 2765 690 2815 studii
708 2763 743 2814 ob
755 2765 796 2814 iu·
831 2781 868 2816 na
889 2768 921 2830 [v.
942 2766 977 2829 6.)
994 2767 1042 2825 sit,
1069 2767 1160 2817 Latine
1183 2768 1263 2830 igitur
1278 2771 1357 2826 sciat,

271 2847 346 2908 eptos
365 2857 396 2891 ac
414 2840 532 2891 misellos
550 2842 588 2889 tot
603 2841 744 2903 poetarum
755 2839 796 2888 sui
833 2840 986 2892 liberalibus
998 2843 1033 2892 sit
1043 2841 1143 2893 artibus
1156 2842 1287 2902 imbutus,
1300 2843 1359 2908 plu-

270 2917 399 2981 temporis
417 2915 451 2963 ad
469 2915 586 2963 larorcm
606 2914 796 2962 hominumal-
833 2917 869 2966 ris
895 2917 984 2979 itaque
1010 2917 1192 2968 aestimandus
1218 2920 1245 2968 et
1276 2921 1358 2982 magis

270 3005 323 3053 que
350 2989 455 3038 laudem
483 2986 643 3051 captandam
668 2985 795 3037 tumultus
833 2989 944 3039 idoneus
962 2989 995 3038 ad
1013 2991 1099 3039 omnis
1117 2993 1223 3053 generis
1240 2995 1360 3043 ministe-

270 3077 332 3114 cum
350 3063 482 3124 legitimae
500 3061 563 3110 artis
580 3061 743 3121 ignorantia,
762 3061 796 3110 si·
832 3065 883 3124 ria,
902 3075 983 3126 quam
995 3064 1017 3113 si
1028 3063 1161 3114 barbarus
1173 3070 1258 3127 essct,
1273 3069 1358 3118 Thrax

271 3137 379 3200 mulque
397 3135 501 3184 saniora
522 3132 654 3196 quaedam
673 3137 700 3182 et
716 3147 796 3184 sere·
833 3137 874 3187 rel
900 3135 1068 3200 coppadom
1103 3139 1145 3187 Sic
1168 3151 1356 3203 exposueram.

270 3213 338 3262 riora
371 3209 434 3258 artis
460 3210 602 3273 praecepta
628 3209 660 3258 iis
686 3209 796 3273 opponit
832 3213 928 3262 Contra
954 3210 1017 3260 dicit
1044 3209 1246 3275 Dillenburger:
1284 3216 1358 3267 attoli

270 3287 322 3350 (rr.
341 3281 478 3344 at-llot
511 3284 648 3332 Postremo
666 3283 793 3342 studium,
832 3298 976 3349 quaerere,
1003 3297 1052 3334 eur
1076 3285 1172 3336 Tibure
1196 3287 1240 3338 vel
1270 3292 1357 3343 Gabiis

270 3360 343 3425 quod
356 3361 410 3410 lam
422 3356 576 3420 lrcquentcr
587 3357 612 3406 in
625 3356 666 3406 his
677 3356 795 3420 epistolis
831 3363 922 3410 natum
940 3372 1054 3422 puerum
1066 3360 1189 3411 maluerit
1204 3376 1357 3428 proponere

270 3435 422 3500 profitetur,
445 3432 590 3496 sapientiae
610 3434 732 3492 excusat,
752 3431 794 3479 cui
833 3447 914 3498 quam
931 3431 1029 3490 alium;
1049 3435 1090 3484 est
1106 3436 1178 3484 enim
1195 3449 1267 3499 puer
1283 3453 1358 3503 pere·
1449 3468 1450 3501 ,

271 3523 342 3561 nunc
357 3507 454 3558 relictis
466 3518 592 3556 versuum
603 3503 706 3555 lusibus
717 3507 795 3554 unice
832 3510 922 3572 grinus
936 3507 1046 3570 (malim1
1066 3522 1152 3572 nuper
1163 3511 1189 3559 iu
1202 3511 1306 3565 Urbem
1316 3515 1358 3565 ad·

271 3583 377 3636 deditus
395 3582 441 3642 stt,
465 3583 545 3643 atquo
563 3593 644 3630 aurea
661 3579 795 3643 quaedam
833 3583 937 3644 ductus)
964 3583 991 3630 et
1015 3584 1179 3644 incognitus3
1205 3585 1257 3635 sed
1276 3590 1357 3651 poetis

272 3669 353 3706 sanae
378 3655 486 3704 rationis
510 3656 651 3719 praccepta
670 3654 720 3702 hoc
738 3654 796 3717 ipso
834 3659 907 3707 certa
929 3656 1043 3718 imagine
1066 3667 1134 3718 opus
1151 3659 1199 3706 cst.
1231 3660 1357 3712 Celerum

271 3729 359 3780 studio
384 3727 434 3776 sibl
459 3729 612 3790 comparata
630 3740 692 3778 cum
709 3729 796 3777 amieo
834 3732 968 3782 admirare
987 3733 1072 3781 artem
1091 3731 1188 3781 Horatii
1211 3734 1238 3783 in
1256 3735 1358 3787 descri-

273 3801 453 3852 communieat
478 3802 529 3863 (vv.
549 3801 604 3852 444.
624 3803 658 3853 ad
676 3802 796 3864 fineml.»
833 3805 930 3857 bendis
954 3819 987 3855 ac
1011 3805 1117 3854 luendis
1143 3818 1311 3869 mangonum
1334 3813 1359 3859 et

274 3877 346 3928 zion.
366 3875 404 3925 De
418 3874 751 3938 huiusepistolaeconsillo
763 3878 796 3928 cl.
834 3883 1013 3932 mercatorum
1036 3891 1143 3929 merces
1167 3893 1231 3931 suas
1248 3881 1359 3934 laudan·

274 3951 355 4000 etiam
371 3947 547 3998 Walckenaer
559 3951 588 3999 ll.
608 3963 634 4013 p.
648 3949 706 4000 lae.
725 3953 798 4003 Scri·
835 3957 902 4007 tium
917 3954 1037 4004 moribus
1048 3955 1230 4018 conspicuam.
1250 3957 1292 4008 Cl.
1306 3960 1356 4008 Cic.

275 4027 319 4092 pta
337 4022 442 4072 videtur
458 4022 602 4072 Kirchnero
620 4036 643 4072 a.
661 4037 688 4073 u.
702 4037 725 4074 c.
739 4026 797 4076 743.
836 4031 870 4080 de
888 4029 961 4079 Ollio.
980 4029 1008 4088 3,
1028 4030 1071 4087 li,
1085 4029 1143 4078 74.»
1169 4030 1208 4079 De
1221 4030 1308 4081 lorma
1320 4032 1359 4082 li·
1449 4066 1450 4073 ,

309 4097 364 4149 l·6.
388 4097 461 4146 Flora
472 4097 534 4159 cet]
553 4097 590 4147 De
602 4097 678 4148 Floro
690 4112 716 4149 v.
730 4101 796 4166 Epp.
834 4105 895 4153 bara
912 4115 961 4166 pro
974 4103 1057 4152 libori
1067 4101 1100 4151 cl.
1114 4102 1149 4152 ad
1160 4103 1227 4167 Epp.
1241 4105 1266 4165 l,
1279 4105 1305 4166 8,
1317 4106 1357 4155 42.
1449 4132 1450 4139 4

275 4177 304 4234 4,
318 4172 342 4222 3.
361 4169 544 4234 Dilleuburger
560 4171 594 4220 ad
611 4172 678 4236 Epp.
693 4175 717 4234 4,
730 4175 754 4236 9,
768 4174 797 4225 t:
838 4205 865 4213 -
879 4176 950 4240 apat]
963 4176 1019 4226 «luis
1030 4175 1120 4244 verbis
1130 4179 1221 4226 tecum
1233 4180 1360 4229 contra-

277 4249 391 4298 nversus
409 4246 580 4312 negligentius
596 4247 680 4298 lactus
698 4250 723 4298 ln
741 4250 799 4314 epi·
836 4253 933 4300 etet.»
953 4251 1037 4300 eom.
1056 4250 1135 4308 Cano.
1162 4251 1310 4315 (Barbare.)
1329 4279 1357 4291 -
