2925 4892
279 370 320 435 76
669 372 799 423 nonlru
816 371 998 425 snrmnnou

320 528 469 595 Invenias
491 528 589 595 etiam
612 527 738 594 disiecti
759 524 906 593 membra
928 532 1055 613 poetae.

320 648 483 715 Hactenus
505 646 605 714 haec:
629 646 708 713 alias
731 647 850 712 iustum
871 646 913 712 sit
932 666 1036 713 necne
1062 651 1192 732 poema,

319 771 410 837 Nunc
431 768 508 835 illud
532 778 654 835 mutum
676 788 847 855 quaeram,
870 767 1029 857 meritone
1050 765 1109 832 tibi
1130 765 1171 831 sit

319 892 513 978 Suspectum
535 910 638 976 genus
660 888 722 956 hoc
744 887 918 955 scribendi.
963 886 1092 953 Sulcius
1114 906 1191 953 acer
1326 888 1373 951 65

318 1010 468 1078 Ambulat
488 1018 521 1077 et
543 1010 692 1097 Caprius,
717 1009 806 1077 rauci
831 1007 914 1076 male
936 1028 1078 1096 cumque
1099 1004 1230 1083 libellis,

319 1133 453 1219 Magnus
476 1140 613 1219 uterque
635 1131 731 1197 timor
752 1128 946 1208 latronibus3
969 1137 1002 1194 at
1023 1127 1109 1194 bene
1131 1127 1157 1192 si
1181 1127 1255 1214 quis

319 1252 357 1317 Et
378 1252 464 1319 vivat
485 1251 576 1339 puris
599 1250 764 1325 manibus,
788 1259 970 1318 contemnat
992 1258 1176 1335 utrumque.

321 1372 359 1440 Ut
380 1372 425 1438 sis
448 1382 481 1439 tu
504 1371 617 1438 similis
640 1370 726 1439 Caeli
750 1370 900 1459 Birrique
922 1369 1098 1445 latronum,

341 1589 382 1639 65.
400 1589 503 1653 Fideles
520 1588 551 1649 d,
578 1589 681 1652 Sidetas
696 1601 724 1652 p.
751 1615 778 1624 -
806 1587 846 1638 68.
866 1586 1026 1650 mosot
1041 1586 1082 1636 LC
1101 1586 1162 1649 (non
1179 1583 1282 1653 Aldus).
1305 1612 1332 1621 —

308 1662 348 1713 69.
367 1668 395 1714 tu
410 1666 444 1715 sic
460 1666 477 1715 S
495 1666 556 1727 (noa
572 1662 626 1727 bc).
654 1690 681 1699 -
704 1663 831 1725 Byraique
847 1661 881 1724 C,
900 1661 1034 1723 Btrrbious
1050 1660 1095 1721 ta,
1117 1661 1259 1723 Byrrtiow
1273 1660 1298 1710 J.

274 1849 495 1911 {crawemerse
513 1848 638 1898 wamia
656 1848 745 1909 posu.
774 1874 801 1884 -
840 1846 913 1896 modi
933 1843 1056 1895 rabulam
1078 1845 1133 1895 Cic.
1151 1844 1186 1896 de
1204 1846 1247 1897 Or.
1268 1846 1299 1907 1,
1323 1846 1369 1896 to.

276 1922 354 1972 stiam
370 1920 471 1985 disiecti]
490 1921 562 1971 llaec
579 1924 636 1971 arte
653 1920 800 1985 iungenda:
840 1921 904 1971 dicit
927 1924 1036 1971 oeten
1060 1924 1084 1970 ot
1108 1919 1212 1981 cebron,
1239 1918 1323 1968 oinos·
1345 1926 1371 1971 et

276 1994 335 2045 «vel
358 1992 462 2045 soluti.»
491 1994 625 2046 Sententia
647 1996 701 2045 est:
730 1996 802 2044 «Non
835 1998 954 2056 precepto
970 2006 1014 2042 ors
1030 1992 1142 2043 canobo
1157 1994 1292 2053 micaque
1306 1992 1371 2044 ittuc

276 2070 302 2118 in
328 2068 396 2119 meis
419 2065 542 2117 versibus
565 2066 658 2119 solutis
683 2068 803 2117 invenias
838 2070 988 2129 intuentos,
1013 2067 1106 2131 cogam
1127 2080 1185 2116 men
1203 2078 1301 2130 moeno
1319 2079 1371 2116 ce-

276 2141 399 2191 mombra
423 2142 519 2205 potitae
540 2142 663 2205 quamvis
684 2140 800 2202 disiecti,
839 2148 910 2193 me
932 2146 983 2191 toto
1005 2143 1076 2205 soro;
1103 2138 1238 2204 talemque
1260 2140 1373 2192 deridet

276 2216 306 2264 ut
322 2216 440 2266 invenies
459 2216 485 2265 in
501 2213 626 2266 versibus
643 2216 684 2266 his
704 2216 803 2266 Ennia·
839 2214 962 2270 Martialis
979 2217 1009 2277 s,
1028 2216 1077 2276 bl,
1095 2216 1123 2264 i:
1142 2214 1201 2276 llic,
1219 2217 1264 2277 oei
1279 2214 1373 2266 libellis

275 2288 317 2337 nis
344 2286 428 2338 verba
456 2291 484 2338 et
510 2289 640 2353 imagines
666 2289 800 2353 politicas,
834 2303 1005 2354 praemorso
1031 2290 1097 2353 gerit
1123 2288 1222 2339 umen
1250 2290 1303 2339 cet.
1336 2316 1369 2326 -

275 2360 338 2412 licet
353 2362 394 2411 sic
411 2362 582 2426 transponas:
603 2364 802 2426 aPoatouemte-
838 2363 986 2428 centnm]
1017 2363 1147 2413 «minimo
1175 2364 1307 2413 metuat.»
1336 2390 1369 2399 -

275 2440 317 2485 tro
334 2435 461 2485 discordie
476 2436 580 2500 refregit
594 2437 704 2499 furatos
719 2442 802 2499 postes
838 2439 907 2489 costi
928 2437 1054 2502 simone]
1078 2435 1199 2488 «Caelios
1216 2439 1245 2487 et
1265 2437 1371 2489 liirrius

271 2513 409 2571 portasque
419 2505 507 2559 aaut.»
536 2508 624 2573 (Aliter
636 2510 800 2562 llondTurs.
838 2510 1368 2576 rueruntadolescsntesperdiu.»cona.

274 2584 305 2633 ll.
324 2597 351 2647 p.
369 2584 434 2634 tibi:
453 2583 591 2635 «Horatius
608 2586 671 2648 post
686 2598 737 2635 oon
751 2584 801 2634 ad·
838 2586 918 2644 cauo.
948 2588 1060 2651 Propter
1081 2588 1240 2649 egestatem,
1265 2587 1295 2634 ut
1311 2585 1371 2635 Ca-

274 2658 313 2708 dit
329 2656 689 2722 exemplumaliirmationis,
708 2660 800 2723 inqua
837 2658 942 2709 tilinarii
967 2658 1002 2710 illi
1028 2660 1107 2723 primi
1132 2658 1195 2723 (Sal.
1218 2660 1275 2709 Cat.
1301 2656 1368 2721 tt),

275 2732 365 2795 etiem,
384 2731 411 2783 id
428 2732 470 2782 est
484 2731 564 2794 adeo,
584 2732 686 2783 disiecti
703 2734 800 2798 potue
837 2734 865 2784 hi
876 2747 984 2798 quoque
996 2733 1132 2784 interdum
1142 2732 1278 2783 latrocinia
1291 2744 1370 2783 com-

274 2806 398 2857 membra
416 2808 527 2856 inveniri
547 2806 705 2869 dicuntur»)
746 2809 801 2857 Cur
837 2808 943 2859 misisse
970 2807 1109 2868 videntur,
1141 2808 1191 2858 etsi
1219 2805 1279 2857 loco
1310 2818 1371 2857 non

274 2891 337 2929 cnm
360 2878 416 2929 aliis
439 2876 482 2928 vel
507 2878 540 2939 dc
563 2878 680 2942 Absyrto
696 2878 740 2929 val
765 2880 800 2931 de
836 2880 945 2945 ignobili
965 2882 1025 2932 orti.
1045 2907 1071 2919 -
1091 2882 1149 2931 Noa
1165 2895 1210 2945 ego
1225 2880 1290 2945 sum]
1312 2882 1369 2931 Pro

274 2952 379 3015 Orpheo
396 2951 567 3014 cogitandum
588 2953 634 3015 sit,
660 2952 733 3003 haud
758 2955 801 3005 in·
837 2959 912 3007 certo
939 2956 1032 3020 otique
1059 2957 1111 3005 scit
1137 2968 1168 3005 se
1198 2955 1278 3006 talem
1309 2968 1369 3007 aon

275 3023 370 3087 telligo.
837 3044 912 3091 esse;
942 3030 1004 3081 hinc
1031 3028 1189 3080 indicativus
1214 3031 1293 3080 unice
1317 3043 1369 3081 re-

258 3112 268 3121 ·
307 3099 395 3148 aare.
423 3098 490 3149 olias
506 3099 568 3163 cet]
588 3098 659 3151 «Alio
677 3104 799 3166 tempore
837 3106 911 3155 ctus:
929 3104 977 3154 sim
994 3103 1123 3154 codicum
1135 3115 1217 3167 qaam
1234 3103 1368 3168 plurimo-

275 3172 432 3234 disquiram‚
460 3173 551 3223 utrum
568 3175 646 3223 satira
664 3189 714 3240 pro
733 3189 799 3227 vero
836 3192 898 3228 rum
914 3177 1110 3229 conformatum
1132 3179 1174 3227 est
1192 3177 1228 3227 sd
1248 3190 1369 3242 praece-

274 3246 398 3310 poemate
432 3246 527 3297 haberi
560 3246 658 3299 debeat
685 3263 798 3300 necne.»
837 3251 904 3302 deos
920 3265 947 3301 v.
965 3252 1008 3301 sis.

274 3318 357 3369 Dilata
366 3322 457 3371 autam
468 3320 519 3371 hac
531 3323 702 3386 quaestione,
716 3337 799 3388 qnam
869 3325 957 3375 71-13.
975 3325 1074 3389 micat]
1086 3325 1236 3389 Optativus;
1255 3328 1298 3377 est
1307 3339 1366 3387 ress,

273 3392 406 3457 explicare
426 3396 559 3447 inanimo
578 3410 642 3447 sane
660 3410 799 3462 nunquam
836 3412 918 3463 quam
939 3399 997 3464 ipso
1014 3400 1067 3449 iam
1085 3412 1139 3449 non
1154 3399 1285 3464 impedire
1301 3405 1368 3464 pot-

272 3466 377 3531 habuit,
405 3468 499 3521 callide
526 3471 631 3535 quaerit
656 3472 798 3523 transitum
836 3475 886 3536 cst,
905 3471 1193 3535 semeleditisSatiris,
1207 3476 1367 3526 nontamen

272 3542 307 3593 ad
324 3543 363 3593 rei
381 3548 468 3608 caput.
490 3569 517 3581 -
536 3546 635 3597 Saltim
651 3552 731 3597 --st
748 3547 800 3599 Co-
835 3546 956 3612 proiecto
978 3561 1012 3598 eo
1035 3546 1158 3609 consilio,
1185 3551 1214 3598 ut
1238 3549 1269 3598 iis
1290 3548 1366 3598 imo-

267 3616 350 3679 pn'us]
378 3618 424 3667 «iii
450 3620 572 3669 acerrimi
599 3619 733 3673 delatores
759 3622 798 3685 (id
835 3622 905 3682 deae
923 3620 1048 3672 sordibus
1065 3623 1121 3672 suis
1138 3634 1185 3672 eas
1201 3621 1282 3672 velati
1299 3635 1367 3673 con-

272 3695 329 3752 est,
357 3691 592 3756 quadruplatores)
619 3698 646 3745 et
670 3698 798 3749 causidici
835 3696 965 3746 taminent
981 3696 1105 3747 homines
1121 3692 1268 3756 βάναυσοι
1279 3698 1365 3759 atque

271 3765 353 3816 tuisse
385 3765 538 3827 traduntur,
569 3772 595 3817 et
626 3768 687 3820 ideo
715 3774 796 3835 moe,
834 3770 947 3832 idiotae,
982 3768 1084 3821 similes
1112 3770 1289 3833 Hermogenis
1317 3771 1366 3821 Τί-

272 3838 359 3898 valde.
383 3839 470 3899 raud,
494 3839 566 3902 quod
584 3842 611 3891 in
627 3846 797 3896 contentione
835 3843 917 3907 gellii:
936 3846 1030 3894 contra
1047 3858 1080 3894 ex
1091 3843 1285 3895 suavoluntate
1297 3858 1368 3909 peu-

271 3910 431 3962 iudiciorum
439 3910 565 3963 altissima
574 3928 641 3966 vocc
651 3914 799 3970 clamarent
835 3918 893 3978 det,
922 3919 1011 3967 unum
1037 3918 1134 3975 recitet
1158 3931 1245 3970 necno
1266 3921 1294 3970 et
1318 3923 1366 3971 cui

273 3984 442 4049 (assidueque
476 3990 667 4053 accusarentl.»
702 3992 795 4043 Senon.
834 3993 942 4051 recitet;
961 3992 1033 4043 unde
1051 4005 1114 4043 cum
1131 3992 1217 4044 Codd.
1236 3995 1305 4045 meis
1320 3995 1366 4046 in-

274 4086 300 4095 -
330 4058 424 4122 libatis]
453 4062 634 4114 accusatoriis.
671 4065 795 4118 llenand.
834 4066 979 4118 dicativom
1007 4069 1084 4118 recito
1115 4068 1238 4132 praetuli.
1287 4069 1365 4123 Falso

272 4134 350 4185 blein.
370 4146 396 4197 p.
417 4134 478 4184 its:
498 4126 574 4185 ἕλκει
590 4134 621 4187 dl
638 4142 798 4209 yoepnezt·
834 4143 926 4205 utique
942 4141 1060 4194 nonnulli
1081 4141 1172 4195 locum
1192 4145 1227 4194 ita
1244 4158 1366 4211 accepe-

271 4205 335 4259 διον
350 4201 428 4259 Ἐκεῖ
438 4223 471 4261 σε
482 4204 608 4282 δίθυρον.
624 4238 651 4249 -
665 4214 797 4266 lluinsce-
834 4219 908 4279 runt,
935 4219 1012 4281 quasi
1039 4218 1163 4271 lioratins
1188 4222 1287 4285 scripta
1312 4234 1364 4273 sua
