2925 4892
250 385 313 449 398
606 379 973 434 nonrmerrsromuuu

294 543 444 610 Sirenum
465 560 564 608 voces
587 549 620 606 et
642 538 756 606 Circae
778 533 896 624 poeula
917 533 1001 601 nosti
1012 556 1026 616 ;¹

295 666 386 744 Quae
410 662 437 729 si
460 683 534 729 oum
557 660 654 727 sociis
677 657 792 726 stultus
814 655 1022 746 cupidusque
1043 653 1192 730 bibisset,

297 785 365 852 Sub
388 783 518 851 domina
541 781 712 849 meretrice
734 779 849 846 luisset
868 778 972 865 turpis
994 786 1027 842 et
1048 796 1178 852 excors,
1303 776 1345 842 25

296 907 434 972 Vixisset
456 905 545 972 canis
568 900 753 969 immundus
774 899 826 968 vel
848 899 954 965 amica
974 898 1042 966 luto
1064 919 1131 965 eus,

300 1029 365 1095 Nos
388 1047 542 1094 numerus
564 1045 678 1091 sumus
700 1033 732 1090 et
754 1021 863 1110 lruges
884 1041 1078 1088 consumere
1100 1020 1181 1095 nati,

324 1235 365 1286 2³.
385 1235 467 1286 Circes
483 1247 510 1298 p.
531 1259 558 1270 —
577 1233 618 1282 25.
637 1229 747 1295 οονιέοο]
766 1231 828 1281 buc
842 1246 869 1279 κ.

258 1451 285 1461 -
298 1420 423 1482 Sirenum]
436 1418 532 1484 odyss.
545 1435 580 1484 μ,
599 1418 631 1468 39
643 1431 714 1483 sqq..
733 1417 781 1469 ubi
819 1416 848 1478 9,
868 1415 913 1467 lli:
931 1415 1049 1467 Adireor
1064 1417 1147 1478 Ιρονο
1163 1417 1267 1466 arriuut
1280 1417 1348 1467 etde

255 1494 400 1547 Scholiasta
429 1506 523 1544 aarum
551 1493 658 1544 nomina
687 1491 779 1543 uliert:
819 1496 875 1551 tur,
905 1503 940 1540 aa
964 1504 1013 1552 quo
1038 1489 1184 1552 excordes,
1216 1490 1348 1542 vecordes

255 1569 450 1636 Aglaopheme,
470 1567 643 1633 Thaluiepea,
661 1568 780 1628 Pisidae,
820 1565 1024 1627 concordesque
1041 1566 1167 1616 ἀίονοινν.
1191 1564 1348 1616 Marklando

256 1648 344 1710 Ligea.
363 1646 435 1696 Duas
458 1645 561 1694 tantum
584 1643 703 1706 agnoscit
728 1643 783 1692 llo·
819 1641 848 1690 iu
864 1641 984 1689 mentem
1001 1639 1074 1688 venit
1088 1632 1348 1710 monidnippog),

257 1733 349 1772 merus
370 1733 396 1769 v.
414 1719 455 1769 tt.
479 1720 507 1768 et
530 1714 652 1782 Sopboel.
677 1717 781 1778 Fragm.
821 1715 851 1764 ut
861 1711 1044 1775 tautologiam,
1058 1725 1139 1776 quam
1152 1715 1351 1778 putabat,atul-

257 1796 315 1847 idi.
336 1795 383 1845 D.:
416 1787 555 1862 Σειρῆνας
586 1786 784 1856 εἰσαφικόμην
821 1793 875 1850 tua,
893 1787 1102 1848 eaeo-svitawa,
1122 1800 1203 1851 quam
1215 1790 1352 1840 coniectu·

256 1865 370 1939 Φόρκου
386 1866 451 1930 (aliis
467 1865 583 1928 Acheloi)
595 1862 699 1936 κόρος,
718 1865 785 1934 θρο-
822 1874 881 1912 ram
898 1859 940 1911 alii
958 1861 1124 1923 interpretati
1140 1864 1203 1912 sunt
1218 1865 1351 1914 «exheres

257 1941 341 1994 oum
354 1934 522 2003 τοὺςἎιδοο
534 1935 653 2003 νόμους.
672 1940 737 1990 Tres
749 1938 784 1988 ab
824 1935 1026 1994 humanitatia,·
1047 1933 1089 1984 alii
1108 1937 1250 1999 ueximius,
1269 1952 1352 2003 prae-

256 2015 402 2069 artiflcibus
425 2015 568 2079 tinguntur.
605 2015 671 2064 Vide
695 2015 786 2076 ingiri-
824 2015 930 2070 staua»
946 2009 1005 2074 pari
1022 2011 1114 2074 utique
1132 2011 1204 2070 lure,
1224 2025 1287 2062 nam
1301 2015 1353 2064 lio·

258 2092 325 2141 rami
343 2090 400 2140 Gal.
415 2089 468 2138 om.
483 2090 524 2138 111.
538 2089 566 2138 T.
580 2088 620 2139 et.
635 2089 675 2138 95.
689 2088 742 2146 ec,
759 2087 786 2138 in
823 2086 882 2135 retii
899 2097 988 2134 aaron
1003 2087 1077 2134 certe
1095 2098 1148 2135 non
1165 2088 1215 2136 est.
1245 2115 1275 2124 -
1299 2088 1352 2138 Sub

258 2178 311 2229 qua
328 2164 407 2214 unius
423 2173 516 2212 aarum
534 2165 576 2212 est
593 2175 690 2213 nomen
709 2161 787 2211 ΙΙΙΙΕ-
824 2160 927 2209 danim
948 2159 1092 2222 curatrice]
1116 2159 1183 2210 «sub
1207 2164 1352 2214 meretrice

258 2237 364 2299 ΡΟΠΑ,
378 2237 441 2286 item
454 2236 481 2285 Τ.
490 2235 532 2286 ei.
543 2262 567 2274 -
579 2235 675 2300 Circae]
688 2236 785 2299 odyss.
825 2233 1036 2292 mntemnenda,
1055 2246 1124 2296 quae
1141 2235 1231 2284 tamen
1248 2237 1309 2286 eiua
1325 2239 1353 2287 in

259 2331 291 2375 κ,
316 2313 365 2363 230
387 2324 446 2375 sqq.
466 2311 631 2373 Frequenter
652 2313 743 2360 autern
760 2312 788 2361 et
825 2307 940 2359 bestiam
974 2309 1068 2358 mutati
1096 2307 1203 2360 domina
1232 2310 1353 2362 luisset.-

259 2389 382 2440 Sirenum
393 2389 419 2436 et
428 2386 520 2436 Circae
530 2383 658 2449 exemplis
670 2385 696 2434 in
705 2385 788 2436 scbo·
825 2383 929 2434 Festive
947 2385 986 2434 sic
1003 2386 1080 2434 vocat
1099 2384 1192 2446 deam,
1220 2386 1282 2449 quia
1304 2401 1356 2451 po-

260 2461 292 2514 lis
310 2462 465 2520 utebantur,
493 2461 522 2508 ut
543 2459 722 2522 significarent
738 2473 788 2510 vo-
825 2462 882 2509 stea
906 2459 948 2509 sui
972 2460 1077 2524 copiam
1101 2459 1163 2510 lecit
1185 2458 1257 2512 lilim.
1284 2460 1353 2513 Plut.

259 2537 389 2602 inpletum
407 2533 548 2585 illecebras
565 2532 703 2596 fugiendae
715 2546 786 2584 esse.
827 2533 936 2595 Coniug.
959 2535 1050 2583 Praec.
1072 2534 1103 2583 δε
1133 2527 1206 2584 Οὐδὲ
1226 2529 1282 2605 γὰρ
1299 2533 1355 2601 τὴν

260 2612 314 2663 Cir.
328 2609 459 2675 Demoph.
474 2608 555 2659 Simil.
571 2609 599 2669 Ι,
619 2607 659 2657 te.
679 2611 707 2657 et
722 2608 788 2658 Dio·
826 2606 935 2677 Κίρκην
959 2603 1080 2673 ὤνησαν
1104 2607 1135 2656 οἱ
1158 2623 1356 2680 καταφαρμα-

261 2700 324 2738 nam
342 2685 480 2747 Chrysoet.
500 2684 543 2733 Or.
557 2683 581 2734 8.
595 2694 621 2745 p.
635 2683 692 2733 283.
705 2683 736 2732 ii.
757 2705 785 2716 -
825 2681 990 2745 κεοθέντες,
1019 2678 1080 2733 orid'
1109 2681 1255 2752 ἐχρήσατο
1282 2681 1356 2755 πρὸς

255 2760 358 2826 poeula]
379 2755 523 2828 φάρμακα
544 2752 645 2828 λυγρά.
665 2757 699 2820 (v.
717 2756 789 2817 236.)
826 2750 911 2810 οὐδὲν
927 2751 1028 2819 αὐτοῖς
1045 2751 1096 2808 tici
1111 2759 1161 2808 καὶ
1178 2751 1259 2820 ὄνοις
1274 2773 1358 2824 γονο-

263 2863 290 2872 -
310 2847 368 2883 eum
386 2833 466 2895 εοοίὶο]
491 2833 536 2895 qui
559 2832 585 2880 in
608 2830 697 2881 tabula
716 2832 789 2880 lton·
825 2833 941 2896 μένοις,
954 2827 1006 2882 τὸν
1013 2825 1182 2883 δ’Ὀδοσσέα
1190 2831 1262 2882 νόον
1271 2827 1357 2893 ἔχον·

261 2908 367 2958 diniana
387 2907 536 2970 [inghirami
556 2906 597 2954 ΙΙΙ.
612 2917 637 2969 p.
653 2905 719 2968 473.)
737 2918 789 2954 vo·
825 2920 863 2956 τα
887 2907 1038 2976 φρονίμως
1064 2901 1295 2977 ὑπερηγάπησεν.
1324 2936 1354 2946 -

262 2985 356 3033 eantur
371 2979 708 3050 ἑταῖροιτνθηριωμένοι.
735 2979 789 3030 Sed
826 2982 913 3031 endec
929 2981 989 3045 tuto]
1014 2981 1115 3032 Eadem
1131 2983 1198 3047 Epp.
1216 2984 1245 3043 Ξ,
1263 2984 1293 3044 2,
1313 2985 1356 3034 75.

262 3057 340 3119 digna
367 3055 511 3118 imprimis,
540 3067 608 3118 quae
635 3057 787 3118 spectetur,
826 3058 939 3107 vocatur
955 3056 1086 3106 totumue.

262 3132 304 3181 est
316 3128 380 3179 ibid.
394 3129 422 3178 T.
436 3129 488 3188 et..
507 3127 554 3177 ubi
567 3129 643 3178 Circe
655 3129 727 3192 ipsa,
749 3143 790 3178 ra·
859 3128 948 3181 ai-ar.
966 3132 1018 3180 Noe
1034 3131 1099 3193 cet]
1117 3130 1169 3181 Cir.
1184 3131 1302 3195 bottiger
1319 3131 1357 3182 let.

262 3205 325 3270 pide
334 3216 394 3255 sese
405 3202 440 3252 ab
451 3201 500 3254 illis
511 3205 650 3264 avertens,
662 3201 789 3266 poculum
827 3205 951 3269 Schriften
968 3207 988 3255 Ι.
1000 3219 1028 3269 p.
1041 3205 1099 3255 aot.
1124 3207 1172 3256 «ut
1182 3205 1209 3255 in
1221 3204 1293 3257 Ulixe
1306 3207 1361 3256 llo·

263 3279 426 3330 medicatum
444 3279 617 3328 manutenet.
638 3277 703 3341 Epp.
718 3279 745 3338 Ι,
759 3279 787 3338 6,
828 3292 920 3330 merus
941 3280 1087 3343 sapientiae
1108 3281 1137 3329 et
1160 3281 1359 3344 temperantiae

263 3355 308 3405 63:
323 3352 583 3416 remipitonvitioeum
593 3351 728 3402 ithacensis
741 3351 791 3400 ilti-
828 3351 982 3417 exemplum
998 3355 1148 3418 proposuit,
1167 3354 1207 3404 sic
1223 3355 1250 3404 in
1268 3357 1360 3406 Pene-

261 3430 318 3490 mei,
337 3427 383 3478 ctu
396 3428 482 3491 potior
496 3427 586 3489 patrio
595 3426 790 3490 lubioterdicto
828 3427 905 3491 lopaa
922 3428 1012 3491 procis
1029 3431 1058 3477 et
1073 3428 1239 3478 Phaeacibus
1262 3431 1361 3493 imagi-

261 3504 386 3566 ooiuptou.
400 3499 606 3565 -bibitretcetl
621 3499 790 3564 liibitutique
829 3515 892 3552 nem
914 3501 1085 3552 adumbravit
1110 3503 1249 3554 bominum
1272 3503 1359 3568 volgi,

263 3590 357 3641 megae
375 3577 496 3639 cinnum,
515 3575 566 3627 sed
581 3579 658 3626 caute
671 3579 792 3640 etprae-
830 3577 873 3628 oui
893 3573 999 3640 plurimi
1022 3579 1145 3627 nostrum
1162 3577 1362 3629 adnumerandi

262 3646 791 3715 munitusinsuperantidotoillo(pulc)
830 3653 918 3702 sunt·
952 3653 984 3702 D.
1005 3653 1032 3702 in
1056 3651 1180 3703 Seebode
1202 3653 1235 3702 Ν.
1256 3653 1360 3703 Archiv.

263 3741 279 3776 a
297 3725 427 3776 llercurio
445 3729 564 3790 accepto.
601 3723 701 3784 Quodsi
723 3723 794 3774 bau·
832 3725 1085 3790 retemptat.
1099 3753 1128 3762 -
1141 3728 1270 3789 nuum]
1283 3729 1363 3777 .Νοὶ-

266 3800 346 3850 sisset
361 3811 495 3848 venenum
507 3798 602 3849 eedem
615 3812 668 3862 qua
681 3800 794 3851 comites
831 3801 871 3850 ten
887 3801 931 3850 dee
946 3801 1116 3850 &truentum
1142 3802 1220 3852 voss.
1247 3802 1361 3865 Proprie

264 3873 444 3936 imprudentia
462 3875 542 3937 atque
568 3873 711 3936 aviditate,
736 3875 793 3938 ipae
832 3875 863 3935 ii,
883 3887 998 3937 quorum
1017 3875 1105 3940 capita
1117 3875 1256 3925 dumtaxat
1267 3889 1364 3926 nume·

265 3959 373 4012 quoque
385 3947 470 3997 tuctus
483 3949 556 4000 esset
567 3949 663 4011 turpia,
678 3949 795 4012 quodad
832 3950 937 4010 rentur,
955 3947 1026 4000 nulla
1044 3950 1154 4013 ingenii,
1173 3949 1290 4010 virtutis,
1309 3949 1365 4001 ior-

265 4020 380 4076 lormam
392 4023 509 4087 spectat,
529 4025 647 4074 mutatus
660 4024 685 4074 in
698 4037 796 4074 canem
834 4024 952 4076 titudinis
960 4025 1061 4075 ratione
1071 4023 1171 4087 habita,
1179 4023 1278 4088 quibus
1286 4037 1365 4088 pron-

265 4097 307 4149 vel
325 4110 417 4159 suem,
436 4099 463 4146 et
479 4111 583 4160 emere,
602 4092 707 4161 ἄνους,
727 4097 796 4150 bru·
834 4111 882 4150 sue
912 4111 1005 4149 carere
1036 4098 1229 4150 existimantur.
1268 4099 1362 4164 Eurip.

266 4177 324 4232 tus,
353 4185 463 4237 prorsus
485 4173 606 4238 privatus
624 4176 697 4224 esset
713 4174 797 4224 retio-
834 4171 940 4226 Heracl.
954 4173 1015 4224 997:
1038 4169 1132 4236 Εἱδώς
1147 4173 1203 4239 μὲν
1222 4168 1277 4225 οὐκ
1295 4166 1365 4244 ἀρι-

267 4259 300 4297 ne
313 4248 393 4310 atque
405 4243 586 4312 intelligentie.
606 4248 661 4298 Cio.
676 4247 754 4298 Tusc.
770 4249 794 4309 t,
836 4243 927 4313 θμόν,
949 4243 1009 4298 ἀλλ’
1025 4244 1173 4315 ἐτητύμως
1181 4241 1273 4319 ’liudp'
1290 4241 1364 4298 ὄντα
