2925 4892
517 352 593 402 vita
611 352 749 403 Hoaartl.

91 505 280 592 luitpodo:

257 654 329 707 «ibis
347 656 469 709 Liburnis
486 658 556 708 inter
573 656 624 709 alta
646 658 767 718 navium,

303 751 409 811 Amice,
427 749 682 815 propagarentur).-

91 889 127 954 ln
149 888 380 955 sermonibus:

259 1050 326 1110 «Qui
343 1048 384 1110 fit,
403 1050 556 1111 Maecenas,
575 1053 605 1101 ut
621 1064 717 1112 nemo,
737 1064 818 1115 quam
837 1051 888 1103 sibi
905 1054 1006 1103 sortem

258 1142 311 1193 Seu
326 1143 393 1193 ratio
411 1139 575 1206 dederim,-
594 1145 645 1195 cet.

94 1264 130 1325 ln
154 1259 322 1349 Epistolis:

261 1422 367 1473 «Prima
385 1422 455 1474 dicte
472 1424 550 1485 mihi,
569 1436 673 1475 summa
691 1424 805 1476 dicende
823 1425 997 1486 Camenat.»

94 1562 214 1626 Tantus
242 1560 328 1625 enim
360 1559 418 1626 luit
439 1560 526 1648 apud
549 1560 784 1637 Maecenatem,
817 1572 852 1627 ut
873 1561 967 1628 simul
989 1582 1064 1628 cum
1085 1583 1126 1629 eo
1149 1564 1181 1628 in

93 1679 210 1747 lectica
232 1690 423 1768 portaretur.
459 1680 578 1771 llahuit
599 1682 764 1770 Virgilium
792 1683 875 1749 inter
895 1682 1081 1748 carissimos
1103 1684 1184 1749 ami-

96 1823 173 1869 cos:
198 1822 271 1867 nam
294 1800 336 1866 illi
359 1810 475 1888 po'etae
497 1802 592 1869 simul
614 1802 748 1870 eosdem
771 1804 892 1871 amicos
914 1814 946 1871 et
964 1804 1111 1870 inimicos
1125 1802 1183 1869 ha·

95 1922 227 1989 habant.
272 1925 344 1989 Fuit
366 1924 462 1990 etiam
481 1925 695 1992 amicissimus
717 1924 869 2003 Ovidius,
896 1946 993 2013 mem
1017 1922 1058 1991 ad
1080 1926 1184 2012 poeti-

96 2066 169 2111 cam
193 2044 350 2111 convertit
371 2054 488 2122 artem,
511 2067 585 2112 cum
608 2056 701 2133 pater
722 2066 797 2113 eum
815 2046 856 2113 ad
871 2045 1092 2113 delendendas
1106 2066 1184 2112 cau-

95 2186 151 2232 sas
174 2176 206 2232 et
227 2165 421 2232 rhetoricam
439 2164 641 2254 disciplinam
661 2166 743 2234 lucri
761 2168 862 2255 gratia
877 2167 1102 2235 adhortaretur
1116 2188 1184 2233 am-

96 2286 310 2374 plectendam.
344 2288 477 2353 Etcum
500 2287 626 2354 divitias
650 2289 779 2378 optimis
800 2288 869 2355 suis
891 2288 1006 2355 studiis
1024 2288 1186 2356 cumulas-

96 2418 161 2485 set,
196 2409 326 2476 tandem
352 2410 471 2476 Romae
502 2408 643 2475 moriens
673 2430 758 2475 anno
788 2409 900 2476 aetatis
928 2430 1008 2476 suae
1036 2411 1087 2475 57.
1110 2430 1185 2476 cum

97 2530 300 2608 Maecenate,
333 2530 388 2617 qui
419 2540 491 2597 ante
518 2550 593 2596 eum
615 2530 828 2608 moriebatur,
862 2530 1007 2617 sepultus
1029 2540 1079 2595 est
1100 2531 1186 2595 omni

98 2650 238 2717 maxima
271 2672 390 2740 pompa
423 2652 510 2717 iuxta
542 2649 699 2716 tumulum
733 2649 890 2718 eiusdem.
939 2652 978 2716 Et
1008 2652 1186 2737 Augustum

98 2774 275 2840 Caesarem
297 2792 406 2839 rerum
428 2773 570 2838 omnium
591 2792 723 2839 suarum
745 2771 900 2839 heredem
923 2772 1064 2837 institnit.
1110 2772 1188 2838 Car-

100 2895 223 2959 minum
252 2914 385 2959 suorum
415 2892 561 2960 elimator
588 2893 645 2959 luit
671 2893 811 2960 Tharsus
838 2893 988 2978 (tersusii
1017 2891 1070 2959 ille
1093 2900 1189 2980 po‘eta

101 3026 133 3082 et
166 3014 320 3082 Tibullus.
365 3016 500 3103 Scripsit
528 3016 711 3082 carminum
742 3013 843 3081 libros
865 3024 1020 3102 quatuor;
1054 3012 1189 3102 Epodon
1226 3066 1234 3079 .

101 3138 237 3223 insuper
275 3134 399 3232 [unum]
438 3147 471 3204 et
506 3138 643 3204 Carmen
677 3134 849 3215 Seculare3
884 3135 926 3203 de
955 3137 1030 3202 hrte
1062 3137 1191 3204 Poetica

103 3258 222 3325 librum
244 3280 360 3337 unum,
392 3258 581 3345 Satyrarum
603 3258 701 3335 duos,
731 3257 945 3344 Epistularum
968 3256 1110 3324 totidem.
1154 3258 1192 3323 Et

104 3380 177 3447 illos
206 3376 306 3445 libros
330 3378 545 3467 Epistolarum
566 3380 598 3443 in
620 3389 746 3445 matura
767 3379 839 3445 eius
860 3388 964 3445 aetate
988 3388 1192 3445 etconsum·

103 3512 191 3569 mata
220 3503 307 3568 omni
336 3502 566 3568 sententiarum
595 3490 718 3589 peritia
740 3499 851 3567 edidit.
895 3497 947 3566 Ob
970 3499 1002 3565 id
1024 3498 1087 3567 hoc
1109 3520 1192 3586 opus

106 3623 261 3699 ostendit,
291 3621 450 3689 elimatius
477 3643 543 3712 quo
571 3622 648 3689 nihil
680 3624 763 3689 inter
784 3624 885 3709 ope'ra
906 3640 966 3687 sua
986 3620 1050 3708 legi
1070 3631 1191 3708 potest,

107 3743 187 3830 quid
217 3766 328 3811 veram
361 3744 556 3833 voluptatem
587 3754 620 3811 et
651 3744 818 3810 utilitatem
848 3742 968 3809 alferat.
1013 3744 1058 3809 lla
1086 3741 1194 3809 media

108 3866 195 3931 enim
209 3863 411 3953 philosophia
426 3875 458 3932 et
472 3866 569 3933 sectis
584 3866 728 3932 omnium
744 3862 1008 3952 philosophorum
1023 3863 1195 3930 Athenien-

109 3986 191 4052 sium
214 3986 347 4073 copiose
370 3984 624 4074 elegantissimas
647 3986 822 4089 sententias
843 3984 984 4051 morales
1005 3984 1037 4049 in
1052 3982 1195 4050 medium

181 4221 433 4287 ¹)Epod.t,isq.
463 4249 489 4257 —
515 4220 784 4285 ²isat.l,l,tsq.
811 4247 836 4257 -
865 4214 1091 4283 hEpp.i,l,l.
