2925 4892
263 342 325 407 332
643 345 772 395 uonnrn
789 344 970 397 sirinnnun

305 501 374 565 Non
397 498 486 565 dicas
510 498 622 575 hodia,
647 520 804 587 quorsum
825 498 907 566 baec
928 509 992 565 tam
1014 499 1126 586 putida
1148 500 1296 576 tendant,

305 620 468 687 Furcifer?
491 619 537 685 Ad
553 630 598 694 te,
616 620 757 708 inquam.
780 621 852 699 Quo
867 630 976 708 pacto,
994 622 1158 708 pessime?
1181 621 1310 689 Laudas

306 744 487 809 Fortunam
501 751 533 807 at
555 762 664 807 mores
687 741 838 829 antiquae
860 741 980 829 piebis,
1003 753 1036 809 et
1057 742 1159 819 idem,
1262 726 1267 735 ’

298 863 339 929 tsi
362 862 436 951 quis
459 860 499 928 ad
524 860 575 929 iila
597 862 680 929 deus
703 862 810 929 subito
832 874 863 931 te
886 875 978 951 agat,
1002 885 1108 953 usque
1131 885 1279 941 recusas,

305 986 366 1050 Aut
389 985 552 1072 quianon
575 983 688 1059 santis,
712 984 803 1071 quod
825 983 960 1061 clamas,
986 985 1107 1051 rectius
1129 1006 1220 1062 esse,
1309 987 1350 1051 25

304 1108 365 1173 Aut
386 1107 463 1193 quia
486 1128 549 1173 non
571 1104 684 1171 firmus
707 1115 831 1172 rectum
852 1104 999 1172 defendis
1022 1117 1055 1172 et
1075 1104 1209 1184 haeres,

305 1227 508 1314 Nequiquam
529 1246 631 1294 coeno
654 1226 789 1313 cupiens
813 1225 953 1293 evellere
975 1226 1125 1314 plantam.

305 1351 424 1415 Romae
447 1369 502 1414 rus
525 1358 633 1435 optas,
659 1346 828 1415 absentem
849 1348 990 1415 rusticus
1012 1348 1128 1415 urbem

327 1594 368 1643 ut.
387 1594 443 1643 Nou
460 1593 537 1653 dices,
555 1592 626 1642 todia
643 1604 763 1654 quormm
778 1592 897 1643 distinxit
912 1594 1038 1657 Doering.
1055 1622 1081 1631 -
1100 1595 1141 1643 27.
1160 1596 1320 1657 Nequiquam

296 1668 339 1729 E,t
358 1668 496 1732 (scriptura
515 1665 626 1731 probata
643 1667 777 1730 Wagnero
797 1668 824 1716 in
841 1666 956 1731 Vergilio
972 1668 1006 1718 ad
1025 1668 1165 1732 pristinum
1176 1671 1318 1733 orthogra-

297 1744 387 1808 phiam
411 1744 538 1793 revocato
562 1754 588 1805 p.
610 1740 659 1791 tta
681 1754 721 1804 aq.
742 1742 770 1791 et
788 1742 959 1793 Lachmanno
978 1742 1014 1791 ad
1037 1742 1142 1793 Lucret.
1161 1743 1190 1801 2,
1215 1744 1317 1805 attat:

295 1818 468 1880 Nequicquam
485 1818 561 1877 tent,
580 1817 757 1879 Nequidquam
772 1816 813 1866 FJ.
836 1844 863 1852 -
881 1816 987 1867 coaitcm
1003 1829 1137 1889 superscr.
1154 1831 1167 1867 c
1184 1818 1209 1867 S.

262 2046 304 2095 111.
326 2058 353 2109 p.
374 2044 415 2096 98.
446 2046 572 2109 (Languat
588 2042 671 2095 altera
693 2044 788 2095 distin·
825 2044 873 2093 at:
899 2042 931 2091 Et
952 2041 1070 2105 turpinum
1090 2043 1204 2093 animuum
1225 2043 1253 2091 iu
1274 2046 1352 2107 qrcoi

262 2120 329 2169 ctio:
355 2118 426 2169 bodie
442 2132 562 2181 quorsum
579 2118 641 2181 cet.)
662 2146 689 2154 -
709 2132 787 2180 quor-
824 2117 994 2179 derelinquere
1010 2130 1094 2167 como.

261 2206 317 2243 erun
340 2193 425 2241 bacc-
440 2218 454 2228 -
470 2193 604 2254 tardanti]
634 2192 787 2252 uQuamdiu
856 2190 944 2241 att-35.
963 2190 1350 2259 RomccnuoptoaJConi.Sat.

262 2280 320 2327 me,
339 2265 440 2327 scelus,
459 2268 512 2317 tam
530 2268 621 2332 inepto
636 2263 786 2337 (φορτικῷ)
823 2264 851 2324 2,
871 2265 900 2325 6,
919 2265 964 2314 6⁰:
983 2266 1004 2314 0
1019 2280 1073 2328 nu,
1091 2268 1193 2327 quando
1209 2280 1255 2329 eqo
1272 2270 1352 2317 teod-

262 2353 387 2392 sermone
409 2338 554 2401 obtundas,
582 2341 655 2391 baud
680 2340 785 2401 dicens,
822 2338 948 2401 spiciam?
972 2340 1124 2404 Epp.t,8,
1144 2342 1189 2393 tt:
1208 2342 1352 2391 ttoruccti-

262 2414 326 2478 quid
344 2414 390 2464 tibi
412 2412 515 2464 relisi»
537 2442 564 2451 -
583 2415 707 2479 Furcifer]
731 2417 788 2466 Do·
824 2414 872 2464 bur
882 2427 965 2464 oman
981 2420 1109 2476 ventosam,
1130 2415 1219 2465 Titum
1234 2418 1348 2467 Rmnum.

262 2491 339 2540 nutus
356 2488 390 2539 ad
406 2482 511 2539 Terent.
532 2490 613 2540 Andr.
633 2490 662 2551 3,
685 2492 713 2551 t,
740 2491 785 2541 ta:
825 2487 998 2551 —ubseotcm]
1020 2487 1247 2539 «aterelictumm
1263 2516 1292 2526 -
1309 2504 1351 2541 sc-

263 2564 401 2628 «iurcifam'
417 2564 589 2626 dicebantur,
612 2566 658 2629 qui
675 2564 709 2616 ob
727 2564 786 2615 leva
822 2576 912 2613 cumam
923 2563 987 2625 otus]
1000 2562 1155 2615 «coenulam
1167 2563 1202 2613 ab
1214 2565 1287 2615 omni
1298 2565 1352 2615 soi-

262 2636 389 2689 delictum
424 2637 589 2702 cogebantur
622 2654 638 2689 a
671 2640 787 2690 dominis
822 2637 957 2689 licitudina
970 2636 1108 2689 liberam.»
1141 2640 1179 2689 De
1192 2637 1349 2691 olereconi.

261 2712 418 2777 ignominiae
447 2714 532 2777 magis
557 2727 639 2777 quam
664 2713 787 2780 supplicii
823 2714 876 2763 Sat.
888 2712 917 2771 2,
938 2712 965 2772 4,
985 2711 1026 2762 nt.
1044 2712 1072 2772 2,
1091 2713 1121 2771 2,
1140 2713 1197 2762 447.
1214 2712 1243 2773 2,
1256 2713 1286 2772 6,
1305 2714 1349 2765 64.

262 2801 342 2839 causa
366 2790 435 2838 circa
459 2790 560 2839 vicinos
582 2788 684 2841 turcam
703 2789 742 2853 (V)
759 2791 787 2839 in
824 2814 852 2823 —
871 2786 986 2850 roqumm]
1012 2799 1074 2837 cum
1091 2785 1183 2836 verbis
1200 2790 1290 2837 motus
1306 2791 1352 2838 est

262 2861 330 2913 coilo
348 2863 417 2913 terra
435 2862 573 2925 subligatis
585 2863 619 2913 ad
631 2877 692 2933 eam
703 2866 788 2914 mani-
822 2861 1054 2925 irqcudwotriu3
1076 2874 1168 2922 mque,
1188 2874 1350 2925 «semper,-

260 2937 325 2997 bus,
344 2938 370 2986 et
382 2936 539 3001 praedicare
551 2940 693 3002 paccatum
706 2952 785 2991 suum
822 2936 865 2986 bic
892 2935 981 2986 locum
1007 2947 1060 2985 uon
1085 2935 1174 2984 babet.
1196 2962 1224 2971 -
1249 2936 1353 2985 Vinctum

260 3008 393 3073 simulque
411 3024 583 3063 summouere
601 3015 722 3074 cataros,
751 3027 786 3063 na
822 3009 872 3073 cos]
891 3010 982 3073 «quasi
993 3007 1105 3059 vinculis
1116 3011 1241 3060 oneratus
1252 3010 1279 3059 in
1290 3023 1352 3060 aar·

261 3083 326 3148 quid
350 3082 435 3134 simile
461 3086 628 3136 admittant.»
657 3116 684 3124 -
712 3088 785 3151 aqut]
822 3097 913 3135 ocrem
935 3086 1087 3149 pertractus
1109 3085 1144 3135 ad
1166 3098 1349 3148 manaseas,

262 3158 365 3221 «adigat
389 3159 424 3209 ud
448 3160 564 3224 priscam
585 3162 717 3213 maiorum
735 3176 786 3211 no-
822 3171 885 3208 oum
902 3160 995 3209 contra
1012 3157 1187 3209 libentissime
1199 3160 1349 3210 omnasin·

260 3234 377 3283 atrorum
393 3235 475 3284 vitam
492 3236 685 3299 sequendam·
706 3237 786 3287 Simi-
821 3234 962 3285 vitationes
990 3234 1139 3297 accipias.»
1182 3231 1293 3285 Martiat.
1316 3234 1348 3293 ἱ,

260 3306 612 3371 transmutamur,
632 3311 661 3371 4,
681 3312 783 3374 tbeqq.
821 3308 871 3369 69,
896 3309 927 3358 t:
961 3308 1070 3357 Inuitum
1092 3320 1198 3358 comum
1223 3309 1287 3371 som'r
1307 3314 1349 3371 tc,

262 3410 288 3419 -
308 3383 369 3445 quia
389 3398 440 3434 uon
462 3383 545 3447 santis]
569 3384 650 3443 «Quia
674 3397 726 3434 non
752 3397 785 3435 ex
822 3381 940 3443 clasma,
975 3383 1052 3431 dicta:
1086 3382 1114 3431 st
1141 3396 1193 3432 uou
1218 3382 1350 3445 mutim,

259 3457 341 3507 animi
365 3459 400 3509 tui
423 3459 554 3509 sententia
577 3458 665 3509 credie
686 3459 785 3509 rectius
821 3456 939 3519 Clu-reice,
969 3456 1116 3519 mmmmm.
1152 3484 1178 3493 -
1211 3458 1350 3523 mnusque]

260 3543 320 3581 esse
338 3530 402 3582 illud
419 3534 488 3583 vitae
506 3544 604 3595 genua,
623 3533 696 3596 quod
713 3536 785 3584 tam-
820 3532 850 3580 ut
866 3532 919 3581 Sat.
940 3532 969 3592 t,
987 3532 1019 3592 2,
1042 3532 1083 3583 et.
1103 3533 1210 3583 «tecum
1235 3534 1351 3582 conten·

260 3618 340 3667 quam
359 3605 522 3657 declamator
539 3604 591 3657 alta
608 3598 676 3657 ¹uoce
698 3606 785 3658 dilau-
821 3606 863 3654 tus
881 3618 910 3655 es
935 3604 1017 3667 idque
1043 3606 1209 3670 praedicas·
1239 3607 1294 3655 Cic.
1313 3606 1351 3655 ad

259 3678 334 3729 das.»
354 3706 380 3715 -
400 3681 516 3743 defendis]
535 3693 588 3730 non
610 3682 664 3730 tam
686 3680 785 3731 advar—
819 3679 871 3728 att.
885 3677 914 3739 t,
934 3679 977 3739 46,
999 3680 1041 3729 4οι
1060 3680 1087 3729 iu
1103 3680 1267 3730 comeuatdc
1277 3694 1348 3730 unco.

259 3750 394 3814 enantion,
409 3753 641 3818 quamuprovirili
654 3757 783 3819 tuaparte
821 3778 850 3788 -
876 3754 1144 3818 torum-conoioom]
1173 3755 1278 3805 Festive
1305 3751 1351 3803 iu·

259 3828 285 3876 in
311 3828 394 3876 mmet
419 3828 476 3891 ipso
501 3840 594 3878 servas
619 3830 646 3877 et
671 3830 783 3879 tueris.»
819 3828 858 3877 dit
875 3828 1036 3879 interhaec:
1065 3830 1087 3891 4)
1107 3828 1169 3878 «ubi
1188 3842 1250 3880 sero
1272 3830 1352 3879 Mae·

260 3924 288 3935 -
308 3904 331 3949 ct
347 3900 442 3964 tuerer]
461 3901 565 3951 Terent.
583 3902 690 3953 Phorm.
704 3905 735 3965 t,
753 3905 782 3967 2,
819 3902 906 3952 canati
923 3903 1026 3953 venerit
1043 3904 1068 3952 in
1086 3904 1219 3962 mentem,
1239 3904 1266 3951 te
1278 3915 1353 3966 quo·

259 3974 302 4023 rt:
321 3974 348 4022 tn
365 3974 449 4023 codem
465 3975 515 4025 tuto
532 3974 653 4037 bouitas,
678 3977 718 4027 cin
737 3991 784 4027 ea·
820 3990 873 4039 qua
885 3977 1051 4027 invitandum
1063 3989 1155 4035 essem
1173 3977 1198 4037 2)
1212 3975 1275 4025 «ubi
1286 3980 1353 4041 post

258 4048 321 4099 dem
339 4047 525 4109 difficultatem
547 4050 574 4100 h.
593 4048 609 4099 4.
631 4051 783 4103 «intricatus
820 4050 917 4103 multas
934 4051 986 4101 diei
1004 4051 1170 4114 negotiorum
1189 4049 1264 4117 pieni
1288 4064 1353 4102 mo-

258 4136 382 4175 remanas
407 4124 434 4174 in
459 4124 547 4187 priore
572 4126 729 4189 pravitate.»
754 4154 781 4162 -
819 4126 909 4178 leubus
932 4125 1045 4177 dilectus
1067 4126 1129 4175 tuus
1152 4126 1296 4176 Maecenas
1323 4130 1353 4177 te

256 4198 340 4263 coeno]
363 4198 482 4263 Figurate
505 4200 584 4252 etiem
607 4198 723 4252 Catullus
742 4200 782 4261 tr,
820 4214 888 4267 opus
909 4199 1046 4263 babuerit,
1074 4212 1129 4263 quo
1146 4199 1267 4251 adiutore
1291 4198 1353 4251 illas
