2925 4892
267 364 331 429 658
632 362 760 413 ιιοιιιτιι
777 360 998 413 nnrsromnuu

310 519 506 605 Plerumque
527 526 561 585 et
581 519 649 583 risu
672 515 827 604 populum
849 516 965 603 quatit;
988 516 1042 585 hio
1062 536 1125 603 ego
1147 536 1255 585 rerum

310 640 474 707 Fluctibus
496 639 529 704 in
550 638 666 705 mediis
688 647 722 703 et
742 636 987 725 tempestatibus
1012 636 1102 704 urbis
1309 638 1348 702 85

311 760 415 828 Verba
436 760 528 849 lyrae
550 768 677 826 motura
698 779 815 825 sonum
833 769 1027 826 connectere
1049 758 1188 846 digner?

310 884 422 950 Frater
443 890 515 949 erat
534 882 654 947 Romae
675 878 812 947 consulti
836 878 960 957 rhetor,
985 888 1021 947 ut
1042 878 1123 947 alter

310 1002 448 1070 Alterius
471 1021 622 1069 sermone
643 1020 753 1067 meros
775 999 901 1067 audiret
923 999 1079 1077 honores,

332 1171 374 1223 ei.
392 1172 502 1223 Mancre
514 1172 556 1220 est
567 1168 633 1220 cod.
647 1182 663 1218 c
679 1182 695 1219 a
710 1182 737 1219 v.
751 1168 793 1221 ei.
811 1180 898 1232 usque
915 1168 949 1218 ad
966 1181 991 1217 v.
1006 1168 1062 1219 isa.
1077 1194 1106 1207 -
1123 1170 1164 1221 86.
1177 1184 1254 1223 cose
1269 1172 1325 1222 det

300 1248 369 1297 Feae
385 1246 433 1295 va.
445 1247 476 1294 Α.
503 1245 540 1307 (ln
558 1243 574 1292 d
593 1246 683 1293 mmen
700 1244 912 1307 superscriptum
930 1242 1036 1307 dicre.)
1057 1270 1084 1280 —
1103 1245 1144 1295 87.
1162 1246 1254 1296 Pastas
1269 1252 1325 1297 erat

300 1322 393 1369 llam
407 1318 518 1368 memte
535 1317 644 1368 Bentleii
661 1318 787 1381 suspicio.
808 1344 835 1355 -
860 1318 901 1368 89.
921 1316 1066 1381 Graecbm]
1091 1318 1197 1369 &emas
1212 1320 1322 1371 Bentleii

268 1469 320 1519 tris
335 1473 359 1517 et
374 1467 459 1525 carii,
477 1466 651 1516 meroerrori
668 1464 792 1525 debetur,
832 1462 947 1515 tionibus
968 1463 1063 1517 adesse
1086 1464 1185 1518 debeo.
1214 1470 1272 1519 lam
1292 1482 1356 1521 vem

268 1558 331 1596 cum
347 1544 464 1607 primum
481 1541 538 1591 carl
562 1539 727 1592 scriberetur
743 1539 794 1589 ab·
831 1550 890 1589 mos
907 1540 971 1599 iste,
994 1552 1047 1602 quo
1070 1539 1179 1592 nostrae
1195 1544 1291 1594 aetatis
1306 1542 1358 1595 lno-

268 1620 359 1682 sorpta
383 1616 469 1667 littere
494 1629 507 1665 s
527 1615 562 1665 ab
586 1615 683 1666 eadem
705 1616 731 1664 in
749 1628 793 1665 se-
831 1612 917 1663 mines
935 1610 1041 1663 littereti
1057 1614 1138 1665 modo
1156 1617 1283 1667 exanimi
1294 1630 1358 1669 sen·

268 1695 368 1757 quante
391 1704 416 1739 ιι.
433 1694 532 1746 statim
559 1703 592 1740 ex
609 1690 680 1741 Curii
699 1700 793 1739 rursus
831 1688 928 1749 entis,
956 1688 1037 1738 modo
1058 1688 1120 1740 ficte
1143 1691 1171 1739 et
1187 1690 1311 1742 simulate
1327 1705 1358 1743 se

268 1769 330 1819 nata
355 1766 398 1816 est
421 1763 505 1815 altera
529 1765 612 1827 magis
630 1765 709 1815 etiem
725 1763 794 1813 mira
830 1761 946 1811 invicem
957 1760 1079 1823 laudant,
1097 1764 1280 1816 admonetme
1292 1779 1360 1830 pro-

267 1840 363 1901 aare,
386 1839 508 1889 Mercurii
531 1852 564 1887 ex
585 1837 651 1888 Cod.
671 1835 794 1887 Bellova-
830 1836 899 1887 lecto
917 1838 977 1886 miri
993 1836 1075 1897 illius,
1103 1838 1177 1902 qnod
1193 1840 1278 1901 nosti,
1302 1840 1360 1892 ira-

269 1916 344 1967 censi
361 1914 482 1978 (tortasse
499 1912 570 1974 ficto)
588 1915 696 1975 recepto
714 1912 795 1961 ava·
830 1911 902 1959 bum
913 1912 1011 1973 paris.»
1023 1912 1359 1977 -llornoe11Buoenim,·

267 1990 359 2049 lerti03
385 1988 434 2037 sed
458 1990 487 2037 et
502 1990 615 2050 utraque
631 1985 749 2037 absurda
767 1988 795 2035 et
831 1982 928 2045 inquit,
947 1989 1040 2037 «erant
1051 1986 1150 2037 Romae
1163 1987 1272 2050 iratres,
1288 1989 1361 2039 iure-

267 2062 312 2114 vel
328 2066 438 2127 propter
454 2062 584 2125 genitivos
600 2062 628 2110 in
644 2062 663 2110 ii
682 2072 795 2125 prorsus
831 2056 968 2109 consultus
990 2072 1074 2121 unus,
1104 2058 1172 2111 alter
1196 2066 1299 2123 orator,
1332 2066 1361 2115 et

268 2137 412 2188 reiicienda
423 2140 473 2187 est.
489 2164 517 2173 -
535 2136 660 2187 Fluctibus
670 2137 735 2197 cet]
753 2135 792 2185 Cl.
831 2130 941 2195 quidem
965 2134 1078 2196 uterqm
1100 2135 1135 2183 ita
1152 2136 1299 2199 animatus,
1329 2141 1362 2189 ut

238 2248 243 2259 .
268 2213 302 2263 ad
320 2213 386 2275 Bpp.
406 2213 434 2270 l,
453 2211 482 2270 4,
501 2210 545 2259 lli:
570 2224 668 2261 mereor
683 2210 795 2260 aetitia
830 2210 941 2271 propter
956 2210 1077 2257 mutuam
1090 2210 1361 2263 muulemalteral-
1457 2194 1458 2243 3

267 2286 350 2336 esda.
365 2312 393 2321 —
415 2283 701 2347 Veron-coamens]
720 2296 795 2333 «can
830 2284 918 2331 terum
936 2283 1061 2333 continuo
1073 2282 1236 2345 dilaudaret3
1255 2284 1361 2337 idcirco

267 2361 341 2411 mina
356 2370 520 2421 componere
534 2360 589 2408 mm
600 2356 751 2419 laudabilia,
764 2360 794 2407 ut
830 2354 944 2407 alterum
970 2358 1000 2407 C.
1028 2358 1176 2408 Gracchum
1204 2359 1362 2423 appellabat

268 2433 345 2497 digna
370 2434 425 2483 sint
444 2445 514 2495 qnae
532 2432 567 2481 ad
587 2432 674 2494 lyram
691 2446 793 2482 canan·
830 2433 965 2481 oratorem
976 2432 1165 2496 iurisperitus,
1183 2433 1254 2483 buno
1265 2436 1361 2485 orator
1457 2432 1458 2489 ξ

268 2511 321 2568 tur,
333 2506 400 2557 dum
411 2518 492 2555 nemo
503 2506 648 2557 mediocria
662 2508 708 2556 aut
718 2519 794 2569 pror·
830 2502 943 2555 alterum
977 2506 1008 2565 Q.
1038 2507 1153 2557 Munium
1181 2507 1359 2571 scaevolam,
1457 2502 1458 2537 ³

268 2595 314 2633 sus
332 2579 400 2633 mala
418 2579 596 2631 modulatur.»
617 2607 643 2617 -
668 2580 791 2644 dipeeri]
829 2581 903 2642 pont.
917 2592 986 2629 max.
1005 2580 1097 2631 Nonne
1110 2581 1206 2631 eodem
1221 2595 1305 2646 prope
1317 2583 1361 2634 lu—

268 2658 388 2721 «Optime
397 2668 460 2706 cum
470 2655 630 2719 perspiciam
636 2656 736 2705 Romae
744 2655 793 2704 arti
830 2664 891 2701 rore
902 2664 932 2702 se
944 2654 1058 2703 invicem
1070 2656 1148 2707 nimis
1159 2654 1281 2707 laudandi
1293 2670 1360 2721 per·

266 2732 387 2794 poeticae
409 2728 576 2779 exercendae
598 2742 652 2779 non
674 2742 735 2780 esse
753 2728 793 2779 lo·
830 2728 901 2777 eussi
927 2730 990 2779 sunt
1011 2730 1091 2780 etiam
1114 2731 1196 2781 nostri
1213 2734 1359 2795 poelee‘i»

267 2817 342 2865 cnm,
362 2816 410 2853 cur
421 2804 532 2854 medem
542 2816 627 2853 coner
637 2805 717 2865 atque
730 2815 794 2866 ope-
829 2802 860 2851 V.
873 2802 964 2851 Frater
980 2816 1029 2853 cur
1040 2804 1158 2855 nonnulli
1170 2818 1222 2855 non
1234 2809 1357 2871 proprie,
1457 2812 1458 2825 ²

267 2892 313 2927 ree
335 2878 450 2941 pretium
472 2890 533 2928 esse
558 2877 655 2927 ducam
672 2879 791 2927 carmine
830 2875 879 2925 sed
896 2876 930 2926 de
946 2877 1067 2939 fraternis
1078 2880 1170 2929 ιιιιιιιιίι
1185 2880 1258 2944 (Epp.
1273 2882 1298 2941 4,
1311 2882 1357 2941 til,

266 2964 448 3015 componere,
475 2952 585 3014 propter
605 2964 675 3014 quac
699 2952 792 3015 paucis
829 2948 863 3013 i.)
889 2953 1056 3015 acceperint,
1082 2965 1135 3003 non
1157 2953 1245 3003 video.
1275 2957 1315 3005 Aa
1333 2958 1359 3007 si
1457 2976 1458 3007 1

266 3021 360 3074 amicis
385 3023 497 3073 tortasse
520 3026 638 3087 exceptis
661 3038 742 3075 nemo
759 3038 793 3075 ex
828 3022 870 3073 vel
895 3025 1010 3075 niarlme
1037 3026 1088 3075 boc
1112 3025 1239 3077 voluisset
1263 3031 1356 3092 poeta,

266 3098 356 3147 animo
372 3097 470 3160 gratias
487 3098 552 3147 mihi
568 3100 665 3160 ageli»
685 3100 789 3149 comm.
828 3096 904 3147 aliter
928 3111 993 3149 sane
1013 3099 1041 3148 id
1062 3102 1252 3165 expressisset,
1279 3106 1356 3155 certe

266 3173 389 3235 Cruquii:
409 3172 534 3234 «dignum
546 3172 661 3229 arbitrer
671 3186 716 3223 me
728 3175 793 3225 scri·
828 3170 911 3221 verba
934 3186 986 3223 non
1009 3175 1045 3223 ita
1062 3172 1226 3225 collocasset.
1244 3202 1274 3212 —·
1291 3190 1357 3227 coe·

265 3248 332 3299 bere
349 3247 468 3299 carmina
484 3246 519 3297 ad
530 3245 617 3309 lyram
628 3246 789 3299 mutendai»
826 3246 893 3307 saltr]
911 3246 968 3296 vid.
982 3247 1015 3297 ad
1028 3248 1081 3297 Sat.
1095 3250 1119 3308 4,
1133 3251 1157 3309 4,
1171 3250 1211 3299 tl.
1226 3276 1253 3286 —
1272 3264 1357 3303 meres

826 3320 938 3385 bonores]
950 3322 1028 3371 ciebis
1038 3322 1077 3371 als
1084 3323 1354 3389 amoremqe,

297 3396 387 3447 87-90.
403 3396 497 3446 Frater
505 3394 568 3459 cet]
581 3397 706 3445 «Praeter
716 3394 790 3447 illum
827 3394 1014 3457 complicarem
1032 3396 1111 3459 plane
1130 3400 1158 3446 ut
1173 3399 1246 3461 apud
1257 3400 1354 3451 Catuli.

266 3470 341 3525 Urbis
357 3472 500 3534 strepitum
513 3468 717 3521 molestissimae
728 3474 791 3521 sunt
827 3468 872 3531 43,
894 3469 922 3518 9;
954 3469 1003 3519 Sed
1026 3475 1117 3520 contre
1140 3472 1248 3533 accipies
1271 3488 1357 3527 mm

264 3548 292 3596 et
307 3558 322 3595 a
340 3543 505 3595 carminibus
521 3542 671 3595 scribendis
684 3557 729 3595 me
741 3545 790 3595 de·
826 3556 933 3594 amores.
953 3543 991 3594 Cl.
1005 3546 1070 3610 Epp.
1084 3547 1109 3606 4,
1122 3546 1147 3607 l,
1160 3546 1201 3597 84.
1223 3574 1251 3584 -
1271 3550 1355 3600 Grac-

265 3621 366 3668 terrent
388 3618 462 3682 ipsae
479 3615 538 3668 illae
556 3628 619 3667 cum
636 3619 789 3668 nostrorum
826 3618 893 3683 cias]
911 3620 979 3671 Cum
997 3620 1090 3671 Cicero
1106 3621 1180 3671 Brut.
1193 3620 1235 3672 ³3.
1259 3624 1353 3677 Caium

263 3694 417 3756 poetarum,
444 3692 584 3741 bominum
604 3704 687 3755 saepe
704 3704 790 3741 vano-
826 3692 1050 3745 oratoremiuisse
1058 3696 1284 3758 praestantiorem
1292 3712 1356 3751 cen-

264 3777 340 3825 tum,
372 3764 540 3815 multitudine
565 3766 683 3815 rationes
707 3767 788 3829 atque
825 3768 883 3817 seat
900 3779 981 3831 quam
998 3766 1141 3829 Tiberium,
1160 3767 1203 3819 ille
1220 3773 1252 3819 ut
1265 3773 1354 3835 potins

263 3850 348 3901 prope
374 3837 539 3888 inevitabiles
565 3840 788 3899 necessitudines,
826 3838 985 3903 intelligatur
1002 3844 1214 3893 consentaneum
1232 3848 1289 3905 est;
1314 3847 1354 3897 sic

264 3924 348 3975 quae,
364 3912 415 3960 nisi
426 3912 572 3963 inurbanus
584 3926 644 3963 esse
656 3912 725 3973 volo,
745 3926 788 3964 me
827 3915 907 3965 etism
924 3916 954 3975 Q.
967 3916 1070 3967 Mucius
1081 3917 1110 3965 P.
1123 3918 1157 3967 li,
1171 3916 1278 3969 videbar
1290 3921 1354 3973 iuris

264 3998 372 4049 quoque
390 3988 500 4047 cogunt,
519 3989 548 4035 ut
564 3987 699 4037 nimiaset
710 3987 789 4037 taleas
825 3988 919 4051 peritia
941 3991 1118 4041 antecessisse
1143 3992 1170 4040 et
1187 3992 1216 4041 P.
1234 3994 1355 4045 ltuoium

263 4060 349 4123 poetis
376 4059 458 4109 etiam
486 4058 668 4110 mediocribus
695 4060 788 4111 laudes
826 4064 853 4112 et
869 4063 900 4122 Q.
918 4063 1034 4113 Mucium
1050 4076 1181 4127 augurem
1201 4065 1262 4128 (vid.
1280 4068 1355 4119 Ono-

263 4132 392 4193 tribuam,
411 4131 472 4193 ubi,
490 4132 557 4182 dure
569 4135 728 4185 necessitate
740 4135 789 4185 mi·
825 4138 903 4186 mast.
917 4135 981 4187 Tull.
994 4150 1016 4188 s.
1029 4137 1056 4187 b.
1069 4136 1119 4200 ul:
1136 4138 1187 4190 uisi
1197 4152 1262 4190 vero
1273 4154 1356 4205 prae-

263 4208 290 4257 bi
307 4207 444 4271 imposita,
464 4204 568 4257 insulsis
584 4221 678 4258 eorum
690 4208 787 4258 recita·
824 4211 877 4259 stat
887 4222 950 4261 cum
961 4208 1163 4275 nillenburgero
1174 4214 1258 4267 mom
1269 4227 1357 4278 quae-
