2925 4892
547 409 606 459 444
623 409 768 461 noussen.
1135 406 1192 473 494

151 566 215 628 hut
238 560 357 629 44444444
379 561 525 640 Rhenum
546 574 601 629 aut
622 563 751 652 pluvius
774 562 969 631 describitur
990 586 1101 643 arcus3

151 684 218 749 Sed
240 704 326 750 nunc
347 704 413 749 non
435 694 505 750 eret
525 684 576 750 his
602 684 702 751 iocus.
747 684 784 749 Et
806 685 941 753 tortasse
964 706 1153 772 cupressum

152 804 224 870 Scis
246 803 415 871 simulare:
438 804 616 891 quidhoc,
640 806 668 871 si
690 805 799 873 tractis
822 815 929 873 enatat
950 826 1068 893 exspes
1156 807 1197 871 20

151 922 310 999 Navibus,
334 944 411 990 uere
434 924 511 991 dato
532 926 588 1012 qui
610 926 775 1013 pingitur?
796 925 957 1014 Amphora
979 926 1086 1014 coepit

152 1044 295 1109 institui:
318 1055 470 1111 currente
493 1056 563 1111 rota
585 1066 644 1111 eur
665 1066 785 1112 urceus
807 1047 892 1113 exit?
965 1120 974 1133 ι

178 1250 219 1300 48.
237 1250 334 1301 Rhenus
351 1250 435 1331 Codd.
453 1250 531 1314 alic,
554 1252 630 1303 itheni
651 1251 702 1303 eiii.
723 1280 751 1289 -
777 1254 816 1303 49.
834 1268 884 1303 nou
900 1268 966 1303 nuuc
983 1254 1010 1305 B.

107 1447 193 1497 prmo
213 1434 323 1485 mdes.»
355 1435 428 1485 44444
454 1436 529 1485 Turs.
550 1437 582 1486 44.
607 1450 633 1500 p.
672 1438 726 1487 Set.
743 1438 775 1496 4,
795 1438 823 1497 4,
842 1438 882 1489 33.
902 1466 931 1475 -
953 1439 1073 1505 Nauibus]
1096 1442 1195 1493 iiaese-

108 1510 167 1559 5445.
188 1536 214 1544 -
232 1510 385 1572 4444444444]
403 1510 555 1572 «cupresso
572 1507 634 1559 nihii
672 1514 735 1559 runt
755 1512 781 1561 in
803 1512 854 1561 hoc
875 1510 982 1576 piuraii,
1006 1528 1067 1565 cum
1091 1514 1126 1565 ds
1143 1528 1196 1565 444

109 1582 212 1633 iaciiius
229 1584 302 1647 pingi
317 1585 431 1647 potest.»
453 1584 538 1633 Vicus.
558 1586 636 1635 4Ρ44-
672 1584 799 1647 mutrego
815 1590 920 1649 444444,
939 1602 1033 1638 rerum
1051 1602 1084 1639 eo
1098 1590 1197 1639 tristior

109 1656 234 1707 serbiam
255 1660 297 1708 est
319 1656 464 1707 tamaium
489 1658 633 1721 pictorem,
672 1658 702 1708 444
725 1658 827 1721 imago,
855 1660 876 1710 si
903 1660 993 1723 piures
1014 1660 1092 1712 simui
1113 1676 1195 1713 naves

109 1732 156 1795 qui
173 1732 312 1783 nesciebat
327 1730 400 1783 aiiud
421 1732 530 1796 pingere
552 1745 635 1794 quem
671 1731 804 1795 proceiiee
814 1734 915 1797 impetu
923 1736 1119 1799 opprimuntur.
1133 1736 1196 1799 (No-

109 1818 280 1869 cupressum.
306 1805 348 1857 Ab
359 1806 411 1857 hoe
423 1807 567 1869 nenti-ugus
578 1806 636 1869 qui-
670 1806 741 1856 cibus
755 1810 784 1857 ut
798 1809 911 1868 4444444,
921 1809 1046 1871 puppibus
1057 1809 1105 1859 Od.
1116 1812 1139 1870 4,
1153 1808 1193 1867 tt.

108 1879 174 1930 dam
197 1880 304 1942 petivit,
330 1882 360 1930 ut
383 1880 487 1932 voltum
508 1892 588 1931 suum
608 1882 636 1929 et
671 1880 696 1929 4.
718 1882 746 1929 44
763 1880 803 1931 44,
821 1882 918 1945 accipit
939 1884 1064 1933 Diintzer.
1095 1884 1194 1935 Verum

109 1953 279 2016 uemmgium
296 1955 467 2018 exprimeret.
485 1952 532 2005 lite
549 1956 635 2005 inter-
671 1956 701 2003 44
717 1953 754 2003 ibi
771 1955 805 2003 de
821 1956 916 2005 eminis
933 1956 1110 2017 concedetur,
1125 1972 1195 2020 pup-

108 2028 226 2089 4434444,
253 2040 318 2079 num
343 2042 377 2078 ex
403 2040 532 2093 cupresso
554 2028 636 2113 veliet
667 2026 743 2088 pibus
758 2027 858 2079 ibidem
875 2042 956 2081 verus
973 2032 1015 2081 est
1027 2043 1100 2081 uum.
1114 2030 1194 2095 pior..

107 2100 211 2163 aliquid
227 2101 348 2166 adpingi;
370 2102 443 2165 quod
459 2102 633 2166 proverbium
672 2102 812 2165 «cuiquam
830 2104 947 2167 puppi»)
959 2105 1133 2169 -Amphorat
1146 2106 1197 2155 No·

108 2176 218 2226 Graecis
235 2176 262 2226 in
278 2188 330 2226 usu
341 2178 395 2226 est:
414 2172 457 2241 μή
476 2190 503 2227 τι
520 2178 569 2225 κο)
585 2191 636 2229 444-
671 2188 705 2225 44
721 2177 824 2239 imago:
853 2176 965 2229 ortalibus
985 2178 1195 2241 digressionibus

108 2252 257 2319 xaptncov
272 2248 399 2312 detergo
417 2253 509 2301 Scuoc.
539 2253 635 2310 Quein
671 2249 715 2309 444,
734 2254 763 2301 44
775 2252 905 2315 prodeunt
917 2256 1040 2317 poemata
1055 2252 1194 2312 detorruia,

108 2324 225 2386 imagine
243 2325 310 2375 hoec
327 2325 392 2376 iatet
407 2326 554 2375 sentomia:
574 2326 635 2376 uNi·
671 2336 786 2387 goorum
804 2328 888 2377 exitus
900 2340 1072 2391 nequaquam
1083 2340 1196 2390 respon-

107 2397 144 2447 hii
168 2410 235 2447 sane
256 2410 323 2461 opus
344 2401 386 2450 eat
407 2400 571 2449 ornamentis
588 2412 636 2449 44-
672 2398 719 2448 det
734 2404 904 2462 argumento,
931 2402 1003 2464 quod
1027 2400 1194 2453 tractandum

109 2474 284 2534 perreconeis
300 2474 328 2523 et
344 2472 379 2522 444
398 2474 567 2537 propositum
583 2474 635 2523 mi-
671 2476 829 2537 susceperat
848 2476 986 2538 scriptor.»
1007 2504 1034 2513 -
1052 2477 1132 2538 coepit
1153 2477 1196 2525 in·

108 2546 183 2595 nime
213 2546 421 2609 pertinentibus3
457 2548 540 2597 immo
574 2546 635 2598 44444
670 2547 1196 2611 444444]44444444444444144444444444-

108 2619 238 2683 quodque
260 2625 357 2682 poema
382 2620 495 2685 turpiter
516 2620 636 2671 dedeco-
672 2634 753 2686 quam
771 2626 898 2686 usurpete
915 2636 964 2685 pro
978 2628 1065 2684 coeptu
1081 2623 1197 2672 44444444-

108 2695 197 2743 4444,4
211 2720 239 2729 -
252 2694 379 2757 4444444444]
398 2696 577 2758 «pumicem,
589 2709 636 2760 pe-
671 2696 716 2746 tui.
736 2695 794 2745 Vid.
815 2697 961 2746 Ercursum
982 2698 1011 2747 ii.
1034 2724 1060 2735 -
1080 2698 1194 2747 Prover-

108 2764 199 2817 nicilio
216 2769 394 2831 exprimere.»
424 2770 463 2819 Ci.
477 2771 542 2833 Epp.
556 2773 585 2831 4,
605 2772 633 2830 4,
672 2770 746 2821 bium
772 2772 830 2821 erat
855 2772 986 2821 Graecum
1008 2769 1039 2820 ἐν
1055 2767 1094 2835 τῷ
1117 2768 1193 2835 πίθῳ

107 2842 170 2893 stt.
185 2866 215 2877 -
233 2843 328 2906 4444444]
346 2841 512 2895 Vocabulum
529 2846 571 2895 est
583 2846 636 2895 iam
672 2841 725 2909 τὴν
742 2844 896 2914 separatae
913 2844 1066 2914 ἐπιχειρεῖν
1082 2842 1197 2908 μανθά-

108 2917 257 2965 444444444
267 2916 338 2980 apud
349 2918 463 2967 Nonium
474 2930 501 2981 p.
512 2919 536 2967 ’4.
548 2918 634 2977 44444,
671 2934 739 2969 verr.
769 2919 832 2970 Piat.
844 2922 921 2981 Gorg.
935 2933 961 2983 p.
975 2918 1032 2971 ott.
1048 2919 1077 2969 E.
1091 2918 1193 2969 Laches

108 2991 154 3040 «ia
165 3002 272 3041 summo
282 2992 352 3041 vitae
360 2991 513 3043 discrimine
524 3006 635 3044 versans
672 3007 698 3057 p.
712 2994 800 3043 444744.
817 3021 842 3029 -
856 2993 924 3057 roto]
940 2992 1056 3056 agrian,
1077 2992 1195 3055 444444·-

108 3064 290 3128 omnibusque
301 3064 379 3117 bouis
390 3068 559 3126 4444444444,
570 3080 636 3130 quo-
670 3069 796 3119 scheibe.
834 3071 936 3120 Seneca
962 3070 1044 3135 Epist.
1073 3070 1118 3129 944,
1145 3069 1193 3119 3οι

108 3142 182 3189 cirea
199 3138 319 3191 tabulam
335 3138 407 3192 iliam
423 3142 634 3205 praeseferens
670 3143 833 3205 4444444444,
851 3145 933 3205 iuquit
950 3144 1132 3206 (Posidonius),
1152 3144 1194 3193 in-

108 3214 292 3265 mendicatum
305 3215 350 3265 it·
379 3218 452 3266 Pers.
467 3216 552 3275 t,88:
570 3216 635 3266 iim·
669 3218 830 3267 4444444444
844 3219 929 3282 144444.
947 3219 1195 3267 444444444444444-

108 3296 210 3339 mount
224 3290 316 3351 quippo
331 3295 368 3351 44,
385 3296 470 3340 cunm
485 3292 507 3339 si
523 3292 634 3352 mutro-
669 3305 701 3340 su
724 3292 878 3355 4444444444.
917 3292 1011 3341 Deinde
1038 3292 1098 3352 4444
1126 3292 1195 3351 apud

106 3377 169 3426 gres,
185 3364 443 3415 cunnProtuicn'm?
459 3366 564 3426 4344444,
577 3377 634 3413 cim
669 3366 805 3415 4444444444
818 3366 944 3415 inuenitur
958 3365 1029 3427 figuli
1039 3369 1099 3413 rotc
1112 3364 1191 3426 (iliad.

105 3439 195 3499 [racto
210 3440 271 3487 un
287 3439 358 3487 nato
372 3441 469 3500 44444
478 3440 634 3489 cenum
670 3440 698 3498 4,
720 3440 769 3488 atto
794 3438 856 3501 sci.
882 3438 980 3487 4444444
1003 3439 1084 3487 oues
1106 3452 1194 3489 444444

103 3511 216 3573 portin?
231 3514 323 3561 iuven.
337 3512 384 3572 tt,
402 3513 465 3563 aot:
482 3526 567 3563 444444
577 3517 634 3561 rute
668 3513 745 3574 444444
760 3524 810 3561 esse
826 3524 903 3573 444444
919 3511 1041 3573 seuam.
1063 3536 1090 3547 -
1103 3524 1193 3561 444444

106 3586 253 3649 4444444444
267 3598 349 3635 essem
363 3588 433 3637 44444
447 3591 523 3649 repat
532 3591 557 3635 44
563 3587 635 3647 picto
669 3587 729 3650 erit]
756 3587 805 3647 Qui
829 3588 931 3637 temere
954 3600 987 3636 ae
1010 3584 1116 3636 44444444
1134 3598 1192 3637 reni

106 3674 135 3711 se
158 3665 302 3720 4444444444
324 3665 416 3711 mere.
454 3658 564 3711 44444444.
586 3660 632 3720 ts,
669 3660 772 3723 peregit
789 3658 898 3723 figulus,
917 3660 943 3709 b.
960 3658 977 3710 i.
995 3662 1090 3724 poetae
1108 3672 1190 3711 coeco

107 3736 156 3792 oi,
184 3734 229 3782 tt:
256 3735 307 3784 Nec
328 3734 405 3785 turbo
425 3735 634 3785 44444444444444
670 3737 772 3797 impetu
788 3734 892 3798 abrepti
910 3738 951 3785 cst
974 3735 1069 3797 imego.
1101 3736 1193 3784 4444444

109 3808 240 3867 monae,
259 3809 310 3857 Nec
324 3808 432 3870 [4444444
446 3808 589 3871 nechepsus
599 3808 634 3859 44-
670 3812 761 3858 444444
776 3820 837 3869 ras,
857 3809 879 3859 si
896 3822 949 3858 nou
965 3809 1053 3859 minus
1064 3808 1194 3871 amphori

107 3886 288 3942 4444444444.
302 3882 631 3933 444444444444444444.
672 3910 699 3919 -
719 3894 783 3932 nam
799 3896 915 3943 4444444,
939 3883 1005 3944 estod
1021 3882 1106 3944 capiat
1128 3896 1194 3943 quu-

108 3956 138 4004 t:
167 3948 227 4005 etot
243 3956 316 4005 sium
333 3955 365 4005 oi
380 3952 452 4024 πρὸς
468 3960 530 4019 τοῖς
547 3956 634 4024 ἱεροῖς
670 3957 801 4006 4444444444
818 3958 927 4018 quinque
938 3958 1148 4008 memoratCaio
1161 3959 1189 4007 u.

106 4025 281 4098 ἐξυρημένοι
291 4024 343 4091 τὰς
359 4027 498 4092 κεφαλάς,
516 4027 634 4095 συνάμα
670 4034 699 4082 44.
713 4032 753 4081 43.
769 4059 811 4092 -,
833 4030 928 4082 saitem
950 4031 1052 4081 turmae
1076 4030 1110 4080 ub
1134 4042 1194 4080 arn·

106 4101 213 4153 zotici
229 4100 282 4166 τὰς
303 4107 456 4174 τρικυμ4ας
475 4106 525 4156 not
548 4102 634 4168 ζάλας
670 4107 754 4171 phora
766 4120 877 4171 prorsus
889 4106 1019 4157 diversae.
1046 4104 1084 4156 nd
1101 4118 1127 4153 v.
1141 4105 1194 4153 ecit

106 4180 160 4229 καὶ
182 4171 349 4249 ἀκρωτήρια
367 4180 419 4229 καὶ
440 4176 563 4241 ἐκβολὰς
584 4182 634 4230 καὶ
670 4181 703 4232 ci.
717 4182 822 4241 Persi,
836 4181 879 4231 tu:
899 4178 1190 4244 Nouego,crnnscribo,

107 4250 194 4303 ἱστοῦ
211 4250 330 4316 κλάσεις
346 4250 497 4317 διεξιόντες
514 4253 573 4305 κτλ.
593 4254 631 4305 Ct.
669 4255 771 4318 4444444
794 4257 854 4317 quid
874 4256 957 4317 aptius
982 4256 1060 4315 4444,
1089 4253 1193 4317 woodo
