2925 4892
285 338 328 403 25
667 339 796 389 tronum
813 327 994 390 satrntauu

287 496 404 563 Omnia
425 493 593 562 conductis
616 500 770 561 coemens
792 492 928 559 obsonia
951 494 1104 559 nummis:

286 616 443 683 Sordidus
466 626 564 704 atque
587 615 682 682 animi
705 615 795 703 quod
816 615 907 702 parvi
930 615 1008 681 nolit
1028 614 1157 689 haberi,
1330 614 1373 679 l0

286 736 478 824 Respondet.
523 736 687 803 Laudatur
709 735 751 802 ab
772 736 836 813 his,
860 735 1008 823 culpatur
1029 735 1071 801 ab
1093 734 1165 799 illis.

287 858 431 924 Fufidius
452 879 578 946 vappae
600 858 716 923 lamam
739 858 827 923 timet
848 877 888 923 ac
908 856 1093 931 nebulonis,

284 979 383 1044 Dives
405 979 507 1066 agris,
531 978 623 1045 dives
646 978 760 1065 positis
783 978 815 1042 in
836 977 948 1044 lenore
969 978 1123 1043 nummis:

284 1100 407 1180 Quinas
430 1099 482 1166 hic
503 1100 599 1187 capiti
622 1098 793 1165 mercedes
815 1108 946 1165 exsecat
960 1108 1081 1195 ⁴utque,

284 1223 412 1301 Quanto
434 1220 591 1308 perditior
612 1220 753 1307 quisque
777 1230 840 1295 est,
863 1229 951 1285 tanto
973 1220 1081 1285 acrius
1103 1231 1212 1306 urget;
1329 1220 1372 1285 ld

285 1343 419 1408 Nomina
441 1350 582 1408 sectatur
603 1340 701 1407 modo
723 1350 852 1426 sumpta
872 1351 962 1407 veste
984 1339 1066 1406 virili

285 1462 352 1528 Sub
373 1462 519 1549 patribus
541 1462 632 1529 duris
654 1462 803 1527 tironum.
847 1461 999 1537 Maxime,
1023 1462 1097 1549 quis
1119 1482 1198 1537 non,

349 1650 389 1701 to.
403 1652 482 1713 parari
499 1653 564 1713 quod
581 1652 609 1701 C.
632 1677 659 1687 -
679 1650 719 1701 tt.
738 1654 839 1701 meret
855 1662 896 1714 pr.
915 1650 946 1712 d,
964 1650 1044 1713 eaipit
1060 1663 1130 1701 corr.
1148 1650 1175 1699 d.

283 1823 383 1879 ριστον
400 1803 449 1859 ’tte
467 1806 525 1858 κτλ.
545 1834 571 1844 ·-
585 1806 700 1872 attineat]
715 1808 807 1859 «avide
847 1809 991 1859 :mtesmsus
1015 1808 1055 1870 (at
1079 1808 1216 1872 stoceatlt
1234 1838 1262 1845 —
1282 1810 1371 1874 cepits]

282 1883 700 1945 devoretadeoqueeonsumm.»
717 1884 809 1931 «Sum-
845 1883 924 1943 sorti,
952 1894 1074 1933 summae
1098 1884 1125 1932 in
1142 1882 1233 1933 tenore
1250 1884 1371 1947 positae,

283 1962 327 2022 pta
340 1958 496 2021 metaphora
508 1971 524 2005 u
536 1958 631 2017 ramis,
651 1970 719 2020 quos
731 1958 809 2007 strin-
846 1957 1002 2019 «Hauptqut,
1016 1957 1142 2018 Capitol.»
1157 1985 1184 1993 —
1197 1957 1305 2021 wecel]
1317 1960 1371 2019 est,

282 2032 384 2093 gimus,
411 2030 517 2093 quundo
541 2030 597 2081 illos
616 2030 750 2081 nudamus
767 2030 808 2080 lo·
844 2033 874 2080 ut
890 2033 963 2080 recte
981 2032 1108 2095 Doertnq,
1129 2034 1302 2095 «extorquet,
1321 2046 1372 2081 ex-

282 2104 349 2153 tus.»
385 2105 469 2155 Corra.
489 2106 568 2162 Cnuo.
587 2104 633 2155 Est
649 2104 727 2166 igitur
743 2105 771 2153 b.
789 2103 806 2154 t.
845 2105 945 2167 tundit,
965 2107 1119 2169 exprimit3»
1136 2119 1186 2157 nos
1197 2105 1276 2157 simili
1286 2108 1373 2157 meta·

282 2178 569 2241 idemacdestrtnqere.
604 2177 653 2227 Alit
665 2178 807 2241 imaginem
844 2180 940 2243 phora:
963 2180 1073 2231 Ztnsen
1093 2194 1148 2231 cos
1169 2182 1233 2231 dem
1249 2180 1372 2242 capital

282 2267 298 2304 a
311 2251 372 2303 lima
385 2252 493 2302 ductam
504 2254 612 2316 putant,
632 2252 704 2314 quod
717 2256 808 2302 tumen
843 2255 1121 2318 bercossctsthen‚
1153 2254 1368 2305 berouszielsn.

282 2328 345 2377 huic
361 2325 433 2385 loco,
461 2325 506 2375 ubt
524 2325 667 2377 helnonem
685 2325 808 2377 celeriter
843 2330 881 2379 Ex
899 2328 1092 2378 consuetudine
1109 2330 1201 2379 Latina
1216 2342 1261 2379 vv.
1280 2330 1373 2389 qaam

283 2415 341 2452 rem
366 2399 521 2451 familiarem
547 2400 736 2452 absumentem
758 2401 807 2451 de·
842 2404 966 2452 mercedes
985 2403 1029 2450 vix
1046 2402 1190 2453 admittunt
1204 2402 1372 2465 Porphyrio-

282 2475 388 2537 scribit,
411 2476 498 2525 minus
516 2475 648 2525 convenit.
669 2504 697 2511 -
715 2475 805 2538 multis]
843 2478 884 2527 nis
901 2474 1120 2540 explicationem:
1147 2477 1241 2526 «Avari
1262 2475 1371 2525 tenera-

282 2562 380 2613 pravus
397 2552 424 2599 et
439 2562 566 2611 nequam¹
585 2540 708 2611 ἄσωτος.
725 2576 753 2585 -
765 2550 808 2598 ta·
843 2554 929 2612 tores,
954 2563 1017 2601 cum
1034 2549 1135 2600 dabunt
1151 2551 1301 2601 usurariam
1319 2563 1372 2613 pe-

280 2622 377 2688 qtorrie]
403 2637 444 2687 pr.
472 2619 656 2694 προηγορεών
681 2623 805 2688 (Krops)
843 2626 958 2683 eunium,
977 2625 1056 2688 primi
1067 2626 1169 2675 mensis
1180 2636 1276 2675 usurus
1287 2625 1371 2687 capiti

281 2700 379 2749 avium.
392 2699 564 2763 -cocductid
578 2700 686 2763 Proprie
696 2698 730 2748 de
743 2712 807 2763 ope·
842 2701 926 2764 ipsius
951 2700 1030 2749 sortis
1054 2699 1143 2749 statim
1170 2698 1371 2757 amovebimu-

281 2774 356 2825 rtbus
374 2774 486 2837 publicis
510 2776 538 2824 et
562 2774 670 2837 privatis
696 2773 804 2833 dicitur,
843 2774 891 2824 sed
909 2773 1058 2836 significant
1067 2770 1206 2823 creditoris
1218 2772 1370 2831 saevitiam,

281 2861 341 2897 ruro
359 2847 392 2897 de
411 2850 523 2911 pecunia
540 2847 625 2897 tenori
642 2848 757 2911 sumptu,
776 2849 807 2896 ut
843 2860 895 2910 qua
918 2846 1069 2896 debitorem
1092 2845 1127 2895 ad
1151 2846 1246 2895 nimias
1272 2858 1372 2896 usuras

281 2922 324 2971 tric
341 2922 369 2970 et
385 2922 475 2969 tuven.
495 2922 541 2980 tt,
559 2920 601 2971 46.
620 2921 686 2970 ltine
704 2918 747 2969 alii
758 2922 806 2970 mi·
842 2934 896 2971 uno
915 2933 1022 2983 quoque
1044 2933 1137 2971 mense
1155 2918 1206 2969 sibi
1225 2918 1372 2971 solvendas

281 3006 331 3043 nus
353 2995 427 3043 recte
452 2992 582 3057 explicant
599 2994 756 3045 «corrasis»
776 3022 801 3030 -
843 2995 936 3058 adigit,
956 2992 1049 3059 quales
1065 2995 1169 3044 Seneca
1185 2993 1220 3044 de
1237 2994 1328 3045 Benet.
1342 2995 1371 3053 7,

281 3068 312 3116 eb
328 3068 374 3130 tis]
393 3081 479 3130 aequa
497 3067 622 3132 prodigis.
642 3094 671 3103 -
685 3068 804 3133 Fufidius]
843 3070 883 3119 ro.
902 3068 1107 3131 sanguinolentos
1123 3067 1371 3117 cmwsimasvocat.

280 3142 414 3193 teneret-or
424 3143 544 3205 ignotus,
563 3142 612 3192 nisi
624 3154 688 3191 vero
701 3144 743 3191 est
754 3143 805 3191 Fu·
842 3145 893 3192 Pro
916 3155 1062 3206 permagna
1085 3154 1151 3193 sane
1176 3154 1257 3191 usura
1281 3140 1373 3191 bube-

279 3217 367 3277 tidius‚
382 3230 465 3279 eques
477 3218 612 3267 Romanus
621 3216 805 3265 ornatissimus
841 3215 941 3265 bantur
957 3215 1000 3265 vel
1023 3218 1169 3279 quaternae
1187 3215 1371 3276 centesimae¹

280 3292 307 3339 et
324 3291 472 3353 negotiator
489 3291 560 3355 apud
577 3291 631 3341 Cic.
651 3290 678 3339 tn
695 3290 746 3339 Pis.
761 3290 803 3350 ³5,
842 3303 909 3353 quas
924 3289 1099 3341 uSalamtniis
1117 3305 1150 3341 ex
1167 3289 1320 3353 syngrapha
1331 3291 1371 3339 m,

279 3364 320 3415 86.
342 3393 368 3401 -
387 3379 511 3427 vappae·
523 3378 579 3415 -uc
601 3364 736 3426 nebulonis]
763 3363 802 3414 Cl.
841 3364 939 3428 Scaptii
960 3366 1068 3415 nomine
1091 3362 1233 3428 postulavit
1249 3365 1283 3413 n.
1299 3364 1374 3411 Bru-

279 3440 375 3501 Sat.t,
395 3441 422 3500 t,
442 3439 497 3490 rot.
841 3441 892 3488 tus.
929 3440 983 3489 Cic.
1009 3440 1044 3489 ad
1069 3440 1121 3489 ru.
1146 3439 1176 3497 a,
1202 3438 1247 3498 tt,
1276 3437 1316 3486 tt.
1338 3464 1371 3472 -

312 3514 400 3565 tet-aa.
419 3516 502 3579 Dives]
515 3515 589 3565 ldem
603 3513 751 3567 versiculus
763 3516 804 3563 est
841 3518 911 3562 mato
932 3515 1017 3564 metus
1038 3513 1123 3577 urqet]
1147 3513 1244 3561 «Tanto
1261 3511 1374 3575 gravio-

278 3592 308 3638 A.
320 3590 347 3637 P.
358 3588 729 3652 btt-Qus'nos--mercedesJ
742 3601 805 3638 usu·
841 3588 917 3638 ribus
938 3590 1025 3639 usuris
1046 3589 1141 3638 onerat
1164 3599 1248 3636 unum
1269 3596 1376 3647 quern-

278 3674 336 3711 ram
354 3661 471 3722 solitam,
491 3662 517 3711 id
535 3664 590 3723 est,
608 3661 717 3725 singulis
729 3674 804 3711 men·
840 3676 907 3726 que,
937 3665 1037 3725 quanto
1059 3660 1216 3711 intellexerit
1237 3672 1300 3710 eum
1318 3672 1375 3708 ne-

278 3734 353 3785 stbus
371 3737 545 3786 centesimam
556 3736 595 3796 (ta
605 3736 716 3795 Procem)
729 3736 804 3797 quin·
841 3737 979 3800 gltgcnttus
991 3749 1035 3786 res
1046 3748 1110 3786 suas
1121 3747 1202 3797 agere
1213 3737 1242 3783 ct
1251 3733 1376 3783 luxurio·

279 3806 433 3871 tuplicutam
460 3809 499 3871 (60
523 3811 644 3872 Proccnt).
684 3808 800 3859 luvenal.
841 3812 1022 3869 siusvivere;n
1035 3812 1073 3871 ut,
1086 3808 1300 3872 siquandosors
1313 3809 1373 3856 tota

279 3882 308 3943 9,
328 3883 358 3933 6:
386 3883 530 3945 Crepereius
545 3884 636 3944 Pollio,
658 3884 701 3945 qui
718 3884 803 3945 tripti-
841 3888 931 3935 auten
945 3886 1020 3948 parte
1037 3882 1177 3948 perdenda
1193 3884 1236 3943 sit,
1255 3894 1374 3943 magnas

278 3969 331 4006 cern
346 3970 452 4006 ssorum
475 3957 515 4019 (36
536 3958 650 4019 Prosunt)
669 3963 803 4021 praestare
840 3959 936 4010 saltem
954 3960 1116 4009 centesimas
1136 3971 1186 4021 per
1207 3960 1315 4019 tempus
1332 3956 1373 4005 ad

275 4036 385 4094 porotsts
395 4032 489 4082 Ctrcm't
506 4038 528 4083 et
543 4034 627 4096 fatuos
637 4048 687 4083 con
698 4034 800 4084 invest.
840 4047 920 4085 omne
937 4034 1067 4083 damnum
1080 4030 1283 4083 resarciendum
1294 4028 1375 4079 sulti·

279 4106 610 4170 cruciaverant,
631 4109 691 4159 rot:
715 4110 803 4171 penst-
840 4110 914 4159 ciens
938 4107 1000 4158 inde
1025 4107 1164 4171 percipiat.
1194 4132 1220 4140 -
1244 4103 1375 4165 Nomina]

277 4182 369 4231 tarttce
393 4181 575 4246 ricapecora
599 4181 712 4247 publica)
731 4184 803 4235 buras
839 4182 1005 4247 sasas-aptes,
1020 4177 1375 4231 Satricanos-selummo-
