2925 4892
284 345 346 411 3ti6
658 348 787 399 llOllATll
808 348 989 402 ssimaadil

326 506 387 569 Aut
408 504 524 569 insanit
544 502 641 571 bomo
664 514 718 571 aut
739 524 855 571 versus
876 504 958 571 iacit.
1003 505 1104 571 Ocius
1124 504 1200 573 binc
1221 517 1253 572 te

325 626 362 691 Ni
386 626 487 713 rapis,
512 623 649 692 accedes
672 646 774 713 opera
795 646 874 713 agro
895 646 981 693 nona
1003 626 1132 693 Sabino.

283 844 358 903 runt,
381 842 504 891 narrante
523 842 651 891 Cicerone
668 842 740 891 Brut.
759 842 804 901 22,
843 842 942 893 Horatii
963 842 1061 893 iamilia
1082 844 1188 906 rustica)
1212 846 1265 894 eris
1283 844 1373 896 lossor

282 917 323 968 88.
339 944 366 952 -
380 922 402 967 te
417 917 451 966 lili
466 915 545 979 rapta]
564 918 606 966 Sic
617 914 803 977 Vellei.2,85:
842 930 875 969 ac
902 916 1081 981 caprimulgus
1110 920 1150 979 et,
1183 932 1252 981 quae
1280 932 1371 983 poena

282 1004 339 1041 mim
355 1004 380 1041 aa
396 991 516 1041 Canidius
528 991 663 1053 praecipiti
678 992 744 1054 {tipo
758 1004 807 1040 ro-
843 995 903 1041 tuae
915 991 1094 1055 protervitatis
1106 994 1169 1053 erit,
1188 992 1264 1043 urbis
1274 1006 1373 1044 amoe-

278 1066 373 1129 pomer
389 1068 423 1115 ad
438 1066 580 1115 Antonium.
616 1066 644 1114 ln
666 1078 747 1129 prosa
764 1078 804 1114 or.
843 1065 968 1115 uitalibus
991 1066 1202 1130 inperpetuum
1224 1066 1371 1127 carebim-

282 1140 415 1190 usitatius:
429 1138 806 1203 aprorum-occassum]
843 1138 935 1189 solitae
958 1138 1128 1189 dominorum
1152 1140 1249 1189 minae.
1282 1139 1370 1190 Plani.

285 1216 401 1265 «illitam
419 1217 445 1265 te
460 1218 597 1278 44444444]
616 1212 748 1277 ergastulo
766 1214 807 1264 di-
843 1211 954 1264 llostell.
967 1214 996 1273 4,
1015 1214 1042 1273 4,
1061 1214 1107 1263 t'l:
1126 1214 1166 1264 Cis
1181 1214 1373 1276 iacemus

282 1301 364 1353 gnum
381 1288 407 1338 in
424 1289 551 1339 Sabinum
563 1302 667 1349 meum,
685 1287 731 1338 ubi
744 1302 806 1338 eum
843 1292 1008 1349 4444444444,
1023 1288 1125 1346 Tranio,
1137 1288 1312 1352 Acadama·
1323 1303 1373 1338 44·

282 1366 343 1413 octo
360 1362 417 1413 aliis
434 1364 519 1415 servis
532 1364 579 1425 (tot
595 1364 673 1426 igitur
690 1365 766 1413 erant
779 1363 807 1411 in
842 1375 912 1412 aiere
926 1374 1005 1425 genua
1019 1361 1141 1425 44444444.

636 1680 1010 1739 EXCUBSUS.

346 1785 391 1835 Vis
408 1784 511 1835 comica
528 1784 606 1835 huius
623 1784 722 1835 Satirae
741 1784 767 1833 in
785 1796 818 1832 44
835 1783 951 1833 maxime
968 1784 1099 1843 cernitur,
1120 1781 1192 1845 quod
1210 1780 1284 1844 lingit
1300 1782 1372 1831 Davi

281 1868 352 1918 servi
369 1866 577 1917 saturnaliorum
594 1866 699 1918 licentia
716 1867 850 1917 abutentis
861 1878 1014 1917 sermonem
1031 1866 1149 1916 Stoicum
1165 1877 1290 1929 maguam
1302 1878 1372 1929 par-

281 1954 336 2001 tem
355 1950 466 2015 Crispini
487 1949 613 2013 aretalogi
636 1952 739 2001 ianitori
761 1949 913 2001 subiectum
934 1963 1006 2001 esse.
1040 1950 1072 1999 Et
1087 1950 1169 1999 miras
1186 1961 1280 2000 rursus
1298 1949 1373 1998 Stoi-

281 2046 375 2085 corum
397 2035 613 2097 exaggerationes
635 2035 741 2095 irridet,
768 2039 795 2084 et
816 2033 895 2085 simui
918 2038 949 2084 44
967 2035 1085 2098 optimus
1111 2034 1198 2097 pictor
1220 2033 1264 2082 hic
1285 2034 1372 2096 atque

281 2118 393 2181 lippi,
413 2117 452 2168 44.
472 2130 612 2169 servarum
636 2118 754 2169 indolem
775 2132 935 2183 moresque,
961 2120 1000 2168 uti
1021 2118 1055 2168 ab
1078 2119 1254 2181 ingenuorum
1271 2120 1370 2167 namra

282 2201 437 2251 necessario
454 2200 655 2265 discrepabant,
682 2202 752 2252 salse
769 2217 802 2252 ac
819 2204 905 2253 444444
922 2203 1055 2266 exprimit.
1088 2200 1211 2251 voluitne
1228 2202 1310 2251 etiam
1326 2197 1372 2264 ὥς

281 2282 312 2334 ἐν
333 2285 464 2354 παρέργῳ
485 2284 632 2347 significare
654 2285 767 2335 ridiculo
788 2286 910 2350 exemplo
929 2285 997 2336 adeo
1017 2287 1198 2349 importunum
1214 2286 1286 2335 bunc
1304 2298 1372 2335 esse

281 2366 484 2432 philosophandi
501 2369 577 2432 quasi
594 2368 733 2429 morbum,
756 2382 809 2432 quo
827 2369 917 2420 verbis
933 2367 982 2420 iliis
1000 2368 1145 2432 magnificis
1164 2381 1196 2417 ex
1213 2366 1370 2418 scholarum

281 2450 346 2501 loeis
364 2451 552 2503 communibus
569 2453 657 2517 petitis
675 2452 867 2514 abutebantur,
886 2454 928 2509 ut,
948 2454 970 2502 si
987 2452 1077 2502 dicere
1095 2452 1134 2502 ias
1145 2452 1191 2511 sit,
1210 2452 1262 2501 iam
1280 2464 1370 2516 prope

281 2534 415 2597 servulos,
435 2536 534 2586 nedum
551 2538 590 2586 tot
607 2537 736 2600 ingenuos
754 2537 895 2587 invaserit?
913 2537 992 2586 Certa
1004 2549 1109 2597 omnes,
1129 2536 1175 2599 qui
1191 2538 1253 2585 tuuc
1265 2536 1370 2586 Romae

280 2619 428 2683 degebant,
452 2623 581 2671 noverant
602 2621 687 2670 totum
705 2620 819 2684 Crispini
841 2619 993 2684 disputandi
1009 2632 1093 2683 genus
1109 2618 1267 2679 molestum,
1294 2622 1372 2683 puti-

281 2703 359 2764 dum,
378 2704 445 2753 rude
464 2705 525 2767 (Sat.
539 2706 568 2765 4,
588 2704 618 2765 4,
637 2703 693 2753 iao.
714 2705 742 2765 4,
762 2704 790 2765 3,
810 2704 866 2754 439.
886 2704 915 2765 4,
934 2702 963 2764 l,
981 2702 1042 2765 lli:
1069 2702 1168 2766 quode
1183 2704 1371 2789 4444οῇςωί-

280 2800 374 2837 corum
391 2788 563 2850 conqueritur
580 2788 660 2837 etiam
682 2788 817 2852 Epictetus
838 2787 942 2836 Arriani
958 2786 989 2846 3,
1006 2787 1052 2846 44,
1078 2788 1105 2836 4;
1132 2786 1170 2835 Oi
1194 2781 1229 2835 τὰ
1250 2786 1370 2857 θεωρή-

279 2885 359 2935 ματα
374 2866 571 2931 ἀναλαβόντες
586 2866 677 2933 ψιλά,
696 2864 784 2932 εὐθὺς
800 2864 876 2921 αὐτὰ
887 2867 1021 2934 ἐξεμέσαι
1037 2867 1186 2929 θέλουσιν,
1203 2863 1243 2932 ὦς
1254 2869 1286 2919 οἱ
1295 2884 1370 2921 στο-

279 2956 401 3017 μαχικοὶ
418 2953 471 3018 τὴν
487 2950 610 3023 τροφήν.
644 2950 766 3025 Πρῶτον
782 2949 855 3004 αὐτὸ
872 2956 983 3019 πέψον,
1001 2950 1055 3004 εἶθ’
1068 2947 1144 3004 οὕτω
1160 2949 1203 3018 μὴ
1214 2949 1367 3025 ἐξεμέσῃς.

279 3064 295 3075 -
311 3030 440 3086 -Ταῦτα
466 3038 680 3100 (praeceptorum
705 3038 731 3085 44
756 3039 808 3087 vita
833 3038 920 3101 usum)
947 3032 1020 3104 ἡμῖν
1044 3034 1154 3101 δεῖξον,
1180 3034 1215 3087 ἵν’
1240 3034 1366 3102 ἴδωμεν,

280 3133 325 3169 οτι
341 3116 516 3184 μεμάθηκας
533 3124 596 3180 ταῖς
612 3112 763 3184 ἀληθείαις
778 3135 806 3171 τι
822 3118 879 3171 τῶν
895 3118 1078 3184 φιλοσόφων.
1113 3115 1164 3172 od·
1181 3114 1242 3171 ἀλλ’
1260 3116 1368 3172 ἐλθόν-

279 3217 325 3265 τες
345 3196 492 3253 ἀκούσατέ
513 3216 571 3268 μου
594 3198 700 3263 σχόλια
721 3202 864 3271 λέγοντος.
902 3208 959 3256 lam
976 3206 1041 3269 quid
1063 3205 1273 3270 exspectandum
1290 3210 1366 3268 erat,

279 3286 326 3336 ubi
344 3286 507 3350 crispiniane
525 3288 653 3352 sapientia
670 3302 685 3337 4
703 3301 782 3340 servo
806 3290 973 3341 tradereturt
997 3304 1013 3339 a
1030 3302 1111 3340 servo
1134 3289 1234 3339 domini
1254 3302 1368 3354 semper

281 3368 431 3421 clamantis:
460 3364 525 3421 Ποῦ
550 3371 625 3437 ripa·
650 3366 696 3423 ’liv
717 3368 822 3445 σχολῇ.
851 3373 909 3424 Kal
924 3366 1069 3424 ἀκούουσι
1090 3386 1150 3438 μου
1166 3374 1256 3436 τίνες
1281 3373 1367 3439 Λέγω

278 3450 353 3519 μετὰ
370 3450 426 3505 τῶν
443 3451 626 3517 φιλοσόφων.
657 3456 769 3519 (arrian
781 3457 892 3521 Epictet.
905 3456 933 3517 4,
948 3458 976 3517 4,
989 3457 1169 3520 italiorum
1180 3470 1245 3508 4444
1255 3470 1366 3509 summa

278 3553 340 3590 oum
358 3539 486 3603 elegantia
503 3554 535 3590 ao
552 3540 692 3591 {estivitate
710 3542 838 3591 tractatur
855 3536 1019 3611 παράδοξον
1035 3542 1153 3591 Stoicum
1170 3541 1293 3592 homiues
1313 3556 1366 3592 υο-

278 3622 419 3686 luptarios,
442 3621 604 3684 luxuriosos,
623 3626 760 3688 signorum
777 3623 982 3689 tabularumque
999 3626 1129 3689 pictarum
1147 3624 1291 3688 cupiditate
1313 3624 1365 3675 ab·

277 3707 381 3769 reptos,
408 3720 516 3767 avaros,
544 3706 694 3759 adulatores
716 3720 769 3758 444
791 3710 878 3759 minus
901 3720 996 3759 servos
1018 3720 1093 3769 esse,
1120 3720 1201 3772 quam
1227 3708 1273 3772 qui
1298 3722 1364 3772 pro-

277 3789 334 3852 prie
356 3790 395 3838 sic
418 3788 551 3851 dicantur,
578 3794 605 3840 et
628 3795 771 3858 propterea
795 3806 828 3843 ex
848 3794 906 3843 iura
930 3792 1024 3844 saltem
1047 3796 1158 3843 naturae
1180 3805 1235 3843 nou
1252 3794 1364 3843 minori-

277 3870 329 3922 bus
347 3873 479 3935 nequitiae
497 3886 528 3924 44
545 3874 667 3925 stultitiae
684 3876 778 3939 poenis
795 3877 882 3927 teneri
898 3878 955 3928 sire
975 3873 1185 3947 μικρσδούλους
1202 3876 1260 3927 sive
1275 3889 1364 3942 μεγα-

277 3951 444 4016 λοδούλους.
475 3956 585 4018 (Arriam
599 3958 682 4021 Epici.
697 3958 725 4020 4,
746 3962 773 4019 4,
792 3961 843 4021 ab.)
872 3944 964 4025 Aeque
982 3973 1047 4010 vero
1064 3972 1096 4010 ae
1113 3958 1211 4011 servuli
1231 3960 1361 4023 sapientia

277 4037 406 4089 lectorem
423 4038 538 4089 delectat
554 4042 674 4093 eiusdem
698 4043 855 4106 petulantia.
883 4046 932 4104 ita,
958 4048 987 4094 ot
1007 4044 1067 4094 κατ’
1084 4044 1229 4114 εἰρωνείαν
1251 4042 1361 4107 quidem

278 4124 304 4173 in
320 4124 439 4173 mentem
456 4122 533 4174 uobis
549 4126 639 4175 veniat
659 4124 740 4188 iilius,
766 4128 838 4191 quod
862 4130 934 4179 serio
954 4128 1020 4179 dixit
1041 4128 1198 4179 Plutarchus
1218 4126 1254 4177 de
1271 4126 1358 4177 cohib.

277 4208 318 4257 ira
336 4208 381 4256 tl:
410 4202 563 4267 αἴσχιστον
579 4236 593 4245 -
611 4238 625 4249 -
642 4210 801 4271 φαίνεσθαι
822 4209 986 4282 δικαιότερα
1008 4208 1060 4263 τοῦ
1081 4207 1223 4262 δεσπότου
1241 4210 1360 4277 λέγοηα
