2925 4892
526 388 585 439 nra.
604 390 623 438 1.
658 388 758 441 srrsr.
775 390 829 439 nn.
1159 387 1221 452 493

176 546 223 613 Ab
247 547 323 611 love
345 544 459 611 donari
482 545 584 630 possit
606 544 672 611 tibi.
717 543 805 610 Tolle
819 531 996 631 ¹(prerelas;

175 670 304 753 Pauper
325 666 411 732 enim
433 686 498 730 non
519 674 583 741 est,
608 666 662 731 oui
685 684 794 731 rerum
815 666 958 751 suppetit
977 686 1068 733 usus.

175 788 207 853 Si
229 788 333 853 ventri
354 786 456 863 bene,
481 787 508 852 si
530 784 622 852 lateri
645 795 695 852 est
716 784 922 873 pedibusque
943 787 1020 862 tuis,
1048 786 1091 853 nil
1199 792 1220 853 ὃ

173 908 311 975 Divitiae
332 916 484 995 poterunt
504 906 632 993 regales
655 906 778 973 addere
800 907 914 973 maius.

175 1030 209 1095 Si
232 1030 312 1096 forte
333 1028 366 1094 in
387 1026 497 1096 medio
519 1028 699 1115 positorum
719 1027 897 1095 abstemius
919 1027 1030 1096 herbis

199 1234 676 1297 &questura-bertonus.

130 1422 233 1472 maiore
259 1422 312 1470 otio
337 1418 481 1470 {ruentes-
514 1421 568 1470 Nisi
594 1432 658 1469 vero
695 1420 722 1469 ιφ
739 1416 858 1487 blateret
872 1436 918 1483 το,
945 1424 995 1475 καὶ
1017 1415 1042 1491 ᾦ
1062 1422 1099 1476 τὰ
1119 1423 1222 1478 δέοντα

130 1496 200 1546 beee
215 1494 269 1545 duo
280 1494 363 1545 verba
375 1506 428 1544 non
441 1494 520 1545 nimis
531 1506 659 1559 premen-
695 1494 832 1566 πάρεστιν
849 1496 956 1567 Γαστρὶ
971 1513 1003 1548 u
1019 1501 1067 1550 καὶ
1085 1500 1222 1573 πλευραῖς

130 1571 165 1620 da
183 1572 259 1631 sunt,
279 1570 347 1620 adeo
363 1572 394 1619 nt
409 1569 461 1619 hoe
473 1568 658 1619 tantummodo
695 1570 746 1619 nat
762 1570 850 1620 ποσὶν
865 1565 945 1643 ἁβρὰ
962 1572 1066 1623 παθεῖν
1077 1574 1187 1639 Παιδός
1197 1579 1220 1625 τ’

130 1644 293 1708 significent:
321 1642 402 1694 «Nihil
425 1642 546 1707 prolecto
562 1642 656 1705 habes,
696 1636 903 1709 ἡδὲγονατκός.
917 1648 1066 1712 -petttbaa1
1078 1651 1142 1701 btire
1154 1650 1221 1702 baec

130 1732 180 1769 eur
197 1719 343 1781 quereret·
363 1744 391 1753 —
408 1719 508 1780 Pouper
527 1718 593 1767 enlm
609 1730 659 1766 aon
695 1720 785 1768 omnia
802 1719 992 1781 interpretatur
1008 1721 1112 1772 Comm.
1129 1724 1221 1788 crnq.,

129 1800 166 1845 est
182 1794 246 1856 eet]
267 1792 306 1843 Cl.
322 1794 506 1844 Democritum
523 1794 548 1843 in
570 1791 658 1843 Orellll
695 1804 778 1855 quem
794 1792 931 1843 Dacierius
942 1793 1039 1857 aliique
1051 1798 1136 1846 secuti
1146 1799 1220 1848 sunt:

129 1870 229 1933 opusc.
240 1869 309 1919 sent
319 1870 338 1917 1.
348 1880 375 1931 p.
387 1867 448 1917 tto:
462 1864 562 1932 Πενίη,
573 1864 659 1917 πλοῦ·
695 1867 723 1917 st
739 1866 814 1916 tobes
829 1867 924 1929 doum,
948 1882 999 1917 noa
1016 1870 1103 1919 desunt
1117 1884 1163 1921 nee
1179 1886 1223 1922 ve-

127 1958 194 2016 roa,
213 1936 346 2008 ὀνόματα
363 1938 473 2007 ἐνδοιης
489 1942 539 1991 καὶ
550 1938 656 2015 κόρον·
694 1942 811 1991 abeunte
833 1942 863 1991 de
878 1942 930 2003 tlte,
956 1955 1003 1992 nee
1024 1946 1140 2008 teupulo
1162 1949 1223 1997 der-

129 2012 199 2069 οὔτε
215 2008 269 2067 οὖν
280 2014 420 2078 πλούσιος
432 2010 449 2065 ὀ
461 2014 572 2079 ἐνδέων,
592 2009 659 2067 οὔτε
695 2016 793 2077 arbuti,
812 2016 834 2064 st
850 2015 893 2065 tibt
909 2016 1137 2069 monloeomeate
1148 2025 1171 2070 et
1182 2034 1224 2071 ee-

129 2094 219 2158 ττένης
246 2087 262 2141 ὁ
287 2088 329 2157 μὴ
356 2089 467 2142 ἐνδέων.
497 2118 524 2128 -
553 2092 661 2155 suppetit
696 2090 764 2139 balli.
802 2091 841 2140 Tu
868 2089 982 2154 intellige
1007 2094 1082 2154 pedes
1105 2094 1223 2159 podagra

127 2168 198 2229 ωατ]
219 2166 355 2228 rsnffioit»,
379 2179 435 2215 was
456 2180 491 2216 τν
506 2168 589 2217 maen
610 2168 660 2215 Be-
696 2178 751 2214 non
769 2162 935 2227 laborantes,
953 2166 1003 2216 sed
1019 2166 1102 2218 {ortes
1120 2182 1151 2218 ac
1163 2182 1224 2234 per-

129 2243 273 2307 ditrsniasen
290 2242 441 2303 mustella
460 2254 512 2305 quo
530 2240 660 2304 significa·
697 2238 780 2289 niees,

129 2318 203 2367 tione
221 2316 316 2367 Cicero
334 2318 445 2380 usurpat
461 2316 542 2365 etiam
558 2328 585 2365 v.
598 2328 660 2377 sup-
729 2314 802 2363 7-tt.
821 2314 850 2364 St
864 2316 929 2379 (orte
945 2317 1010 2379 eet]
1025 2318 1082 2368 lam
1096 2320 1223 2385 sapientis

125 2393 256 2455 peditare,
275 2390 310 2441 de
322 2390 395 2441 oruc.
410 2392 435 2453 l,
455 2390 484 2452 l,
503 2391 546 2440 ll:
561 2402 661 2452 perere
697 2389 890 2452 temperantiae
907 2388 1060 2453 exemplum
1072 2392 1162 2442 affert:
1183 2394 1224 2445 «St

128 2480 176 2527 eo,
196 2478 262 2529 οαατ
278 2464 432 2527 mppeditent
448 2469 471 2513 et
487 2465 661 2515 odattmnet
694 2465 773 2528 (erte,
791 2463 819 2513 td
836 2464 909 2528 quod
927 2478 979 2515 non
996 2478 1045 2529 pro
1063 2471 1136 2517 certo
1151 2470 1223 2519 seio»

129 2542 164 2591 od
179 2541 284 2591 οἰοιαοι.
313 2540 460 2603 Opponttur
481 2550 542 2588 teas
557 2540 660 2589 monol·
698 2540 732 2601 (v.
748 2537 814 2601 forte
829 2538 939 2587 minime
959 2538 1147 2603 negligendum
1164 2543 1223 2606 est),

128 2616 183 2681 pio.
215 2615 270 2665 Cio.
285 2614 320 2663 ad
337 2614 408 2663 Fam.
422 2614 450 2673 7,
469 2612 515 2663 30:
541 2614 659 2674 Amorem,
697 2624 776 2662 «oum
793 2610 860 2661 cibis
876 2609 1033 2662 lautioribus
1053 2617 1127 2664 vesei
1148 2616 1224 2666 laoile

129 2691 203 2739 ταίντ
219 2688 340 2751 quonlam
353 2687 489 2751 proprtam
505 2688 661 2738 400400004-
697 2684 745 2735 tibi
764 2684 871 2745 liceret,
892 2686 982 2735 tamen
1001 2685 1149 2749 abstemias,
1178 2702 1225 2740 so-

129 2764 167 2813 bts
182 2762 311 2824 mancipe
327 2766 351 2812 et
366 2774 446 2823 τιττο,
472 2774 556 2812 meatu
576 2766 661 2812 004004
697 2760 784 2821 brius,
804 2771 898 2809 manes
915 2772 947 2808 ae
963 2760 1029 2809 viris
1046 2758 1225 2823 teguminibus

128 2852 179 2888 ατα
195 2842 219 2887 et
233 2836 332 2900 fraleta,
350 2837 534 2887 contentustste
545 2848 607 2885 sen.
632 2834 661 2883 tn
697 2832 870 2896 oleribusque
890 2835 971 2897 atque
995 2834 1066 2883 inter
1089 2835 1157 2886 baec
1181 2836 1225 2887 vel

129 2912 197 2961 entra
225 2915 263 2961 est
289 2910 408 2973 meusque
430 2910 581 2973 propriam,
611 2920 661 2969 pao
697 2908 795 2969 urtica,
813 2920 899 2971 aeque
917 2920 999 2972 pareo
1017 2910 1044 2957 et
1060 2910 1133 2960 tenui
1153 2910 1225 2961 vieto

130 2986 236 3048 0040000
256 2984 352 3048 partae
372 2988 447 3046 utpote
461 2985 551 3033 044440,
584 2981 659 3033 Conl.
699 2984 780 3033 ettam
792 2984 926 3045 pretinm»
945 2983 969 3048 (l.
983 2996 1009 3033 e.
1024 2996 1117 3046 «porro
1133 2990 1157 3036 et
1173 2986 1226 3037 0400

129 3060 198 3126 Epp.
219 3061 252 3119 2,
276 3060 307 3120 2,
332 3058 380 3108 t58
401 3070 461 3122 sqq.
493 3056 587 3108 bibere
612 3070 662 3107 an·
698 3058 897 3109 totermtsstoae»
922 3058 991 3108 Non.
1013 3071 1040 3122 p.
1061 3058 1135 3121 sna,
1161 3062 1227 3110 0004

130 3138 200 3195 tem,
220 3134 252 3183 ut
267 3132 334 3196 dixi,
352 3132 437 3182 locius
455 3132 490 3182 sd
509 3144 575 3183 usus
590 3132 660 3181 vitae
696 3134 790 3197 sm.
809 3132 842 3182 el.
860 3132 936 3183 fland
952 3134 1029 3182 Ture.
1050 3132 1093 3183 tv,
1112 3145 1139 3197 p.
1157 3132 1225 3196 eat.)

130 3207 301 3259 necessarios
330 3204 486 3271 dispensare
515 3208 542 3255 et
569 3204 662 3269 dispo-
699 3209 924 3271 «inperpetuum
942 3207 1040 3267 uteris,
1059 3207 1163 3257 etiamsi
1182 3220 1227 3259 su·

130 3296 197 3334 nere
220 3282 339 3345 poterat,
364 3293 541 3345 quaeeunque
564 3292 662 3344 prove·
699 3282 756 3333 bito
773 3282 849 3332 dives
867 3281 952 3332 laetus
964 3282 1029 3341 eris,
1048 3279 1091 3329 vel
1103 3282 1165 3343 quia
1176 3294 1226 3332 na-

130 3356 244 3408 niebant
265 3356 293 3405 in
314 3354 445 3419 Agrippae
468 3353 565 3406 lundis.
588 3382 615 3391 -
635 3354 663 3403 Sl
699 3359 759 3407 tura
775 3353 845 3405 ultro
861 3356 1017 3418 temperans
1034 3365 1077 3414 ee,
1102 3352 1144 3403 vel
1164 3356 1226 3418 qula

129 3432 213 3483 uentri
234 3429 298 3493 cet]
310 3430 387 3479 Hunc
399 3431 480 3481 etiam
495 3429 662 3481 Metrodorus
700 3444 733 3481 ex
756 3428 834 3478 firmo
854 3426 991 3491 proposito
1013 3424 1132 3477 abstines
1153 3441 1168 3477 a
1185 3428 1227 3478 lu-

131 3506 215 3557 finem
232 3503 367 3555 benorum
385 3505 570 3555 constituerat:
591 3497 663 3570 elya·
699 3504 790 3562 xoris,
808 3503 840 3550 ut
854 3500 1001 3564 sapientiae
1018 3502 1170 3564 praeceptis
1181 3516 1227 3553 sa·

131 3576 189 3631 θὸν
208 3574 314 3645 ψυχῆς
329 3580 358 3630 τι
374 3572 446 3628 ἄλλο
463 3573 484 3645 ἢ
500 3574 535 3629 τὸ
553 3575 663 3651 σαρκὸς
700 3576 841 3627 ussarius.»
862 3602 890 3610 —
908 3574 938 3623 bt
952 3574 1146 3637 antepositae
1165 3580 1228 3627 sunt

132 3648 275 3716 εὐσταθὲς
291 3649 466 3719 κατάστημα
481 3653 532 3703 καὶ
547 3650 582 3703 τὸ
600 3653 664 3725 περὶ
701 3663 760 3711 res,
779 3662 894 3713 quarum
912 3649 1030 3712 potestas
1047 3646 1125 3700 nobis
1143 3655 1227 3702 estse

131 3725 241 3795 ταύτης
266 3724 370 3778 πιστὸν
395 3722 539 3793 ἴλπισμα,·
566 3726 662 3791 (Clam.
700 3726 770 3777 llber
786 3736 865 3783 usus;
884 3722 936 3773 hoc
953 3722 1030 3786 igilur
1046 3722 1105 3773 loeo
1117 3724 1169 3775 eibi
1181 3739 1228 3776 ce-

133 3803 207 3853 Alex.
233 3804 330 3852 Stmm.
353 3804 383 3863 2,
410 3802 465 3865 22.)
503 3802 549 3852 Vix
573 3802 664 3852 tamen
701 3798 825 3863 toroquin
842 3796 916 3847 baud
933 3796 1229 3849 difficulterneonimia

133 3878 213 3927 buius
231 3878 379 3927 sententiae
397 3878 557 3928 meminerat
579 3876 664 3926 Hora·
701 3876 824 3939 impensa
834 3872 961 3937 parandi.
979 3872 1078 3936 quibam
1088 3875 1179 3924 tamen
1191 3876 1230 3924 le·

132 3953 201 4013 tius,
219 3952 269 4001 sed
286 3952 375 4015 potius
391 3964 520 4002 versuum
537 3950 665 4014 14400304-
702 3950 760 4000 eius
783 3945 988 4013 simplicioribus
1011 3947 1091 3997 etiam
1117 3950 1229 3999 eonten-

134 4025 176 4075 dis
197 4037 223 4073 v.
240 4024 299 4074 749.
320 4023 363 4075 vel
383 4024 484 4075 Solonis
502 4024 574 4087 opud
596 4022 662 4074 Plut.
702 4026 746 4075 tus
764 4022 906 4074 abstineat.
937 4020 976 4072 Cl.
998 4022 1050 4071 sat.
1072 4022 1102 4083 4,
1121 4022 1150 4083 2,
1170 4022 1227 4071 408.

134 4097 189 4149 Sol.
202 4098 230 4147 2:
246 4088 323 4148 Ἶσόν
339 4112 385 4149 τοι
396 4096 587 4159 πλουτοῦσιν,
607 4090 664 4165 ὅτῳ
705 4124 732 4134 -
747 4096 888 4162 absume]
903 4110 946 4161 pr.
961 4088 1091 4158 «ἄοινος,
1111 4096 1156 4157 qui
1167 4097 1229 4144 vino

135 4167 228 4234 πολὺς
244 4164 370 4243 ἄργυρός
386 4171 465 4223 ἐστιν
481 4172 538 4223 Καὶ
556 4168 665 4265 κοοοός
703 4172 849 4234 absone,-
877 4171 904 4221 b.
923 4168 940 4221 4.
962 4170 1098 4221 «sobrius»
1115 4181 1230 4231 genera-
1301 4207 1305 4214 .

135 4247 187 4296 ml
203 4243 262 4313 γῆς
275 4243 446 4318 πυροφόρου
464 4244 557 4310 πεδία,
570 4246 666 4297 Ἵππον
703 4246 759 4297 tim.
790 4244 915 4297 Similiter
930 4240 1147 4306 Sidoniuslpoll.
1160 4242 1227 4307 Epp.
