2925 4892
244 340 251 351 '
283 334 324 397 58
664 338 795 389 lionam
813 337 996 391 slrlnnuull

284 490 345 569 Qui
368 490 445 567 nisi,
469 511 544 557 cum
565 491 673 559 tristes
695 493 816 558 misero
838 512 959 558 venere
982 492 1164 569 Kalendae,

283 610 466 678 Mercedem
488 622 543 679 aut
564 634 713 680 nummos
736 612 934 679 undeunde
957 613 1105 690 extricat,
1130 634 1259 681 amaras

282 732 434 798 Porrecto
458 732 568 821 iugulo
590 732 741 801 historias
763 733 911 821 captivus
934 744 969 799 ut
989 733 1088 799 audit.

283 853 475 919 Comminxit
495 853 614 921 lectum
636 864 730 941 potus
752 874 908 921 mensave
930 853 1073 922 catillum
1331 857 1378 920 90

281 973 422 1041 Euandri
445 974 593 1041 manibus
615 974 724 1041 tritum
746 973 884 1041 deiecit:
908 973 952 1041 ob
973 972 1057 1041 hanc
1080 994 1150 1040 rem

346 1108 387 1157 87.
401 1107 529 1157 Kalendas
540 1106 628 1157 obse:
643 1104 767 1157 cumam
777 1104 845 1157 Edd.
854 1134 882 1142 -
894 1105 935 1155 st.
950 1106 1046 1170 emuna]
1059 1110 1155 1157 tortum
1164 1106 1230 1157 cod.
1242 1108 1341 1171 Regius

315 1183 342 1231 et
359 1193 374 1230 a
393 1192 474 1231 manu
491 1180 611 1231 secunda
629 1180 720 1230 Codex
737 1178 804 1230 alter
820 1177 1042 1242 Magdelenensls,
1060 1178 1180 1231 Bentleio
1192 1180 1339 1245 probante:

314 1255 437 1317 sculptum
449 1254 514 1305 Cod.
529 1252 593 1305 coll.
607 1254 676 1305 Trln.
692 1257 735 1304 «et
746 1254 839 1305 aetatis
851 1255 878 1304 et
889 1256 968 1303 notae
979 1255 1138 1317 sequioris.»
1153 1282 1180 1292 —
1189 1255 1297 1318 proluit
1307 1256 1338 1306 B.

281 1366 348 1415 ritur
364 1366 391 1415 in
406 1366 540 1429 lnscrlptt.
560 1368 588 1415 et
604 1364 676 1428 apud
694 1362 804 1417 llartiai.
843 1361 935 1414 Pollio.
949 1364 1059 1427 (Seneca
1070 1365 1195 1429 Excerpt.
1208 1365 1335 1416 controv.
1346 1365 1373 1417 4.

281 1440 310 1499 5,
337 1439 378 1488 28.
416 1440 558 1489 Drusonem
583 1438 699 1503 aliquem
726 1451 806 1488 nemo
844 1438 978 1501 Prooem.)
997 1438 1163 1489 limilctorem
1182 1439 1300 1489 cccrbrtm
1316 1441 1377 1491 llo-

281 1511 386 1573 adnue.
419 1512 492 1576 quod
520 1513 621 1575 sciam,
655 1514 806 1577 expiscatus
844 1512 927 1562 ratius
944 1511 1075 1563 describit
1090 1515 1120 1563 A.
1139 1515 1168 1563 P.
1187 1511 1236 1563 474
1253 1526 1316 1577 sqq.

281 1586 342 1649 est.)
376 1589 401 1638 ls
422 1588 500 1650 igitur
520 1587 648 1638 invitabat
669 1587 806 1638 debitores

280 1660 315 1711 ad
340 1661 487 1713 audiendas
509 1674 572 1713 suas
596 1662 734 1722 historias;
761 1662 807 1725 qui
876 1659 966 1711 so-ss.
991 1659 1113 1724 mtitlrmu
1135 1660 1220 1710 Varro
1240 1661 1269 1711 L.
1290 1662 1319 1711 L.
1339 1664 1373 1721 5,

280 1748 343 1786 cum
368 1734 496 1787 solvendo
521 1750 573 1787 non
598 1739 701 1797 essent,
729 1737 806 1801 quasi
844 1734 910 1783 ⁴20:
940 1735 1006 1783 Vem
1028 1734 1056 1784 iu
1079 1746 1166 1784 mmm
1190 1734 1303 1784 emelia:
1328 1735 1377 1784 ubi

280 1810 366 1861 coacti
375 1812 451 1861 eraut
463 1811 529 1861 tristi
541 1812 689 1861 recitationi
698 1810 804 1870 adesse,
840 1806 936 1868 putum
952 1813 998 1858 cut
1017 1807 1138 1858 immersti
1153 1809 1215 1869 quid
1233 1808 1374 1870 ροοιοοοοι,

280 1898 314 1935 ne
341 1882 414 1933 illum
439 1883 615 1934 ollenderent.
647 1878 806 1953 Ἀντίοτρο-
843 1882 994 1943 ncepimdc
1005 1881 1123 1931 calinum
1134 1882 1308 1943 nomiucnmt,
1322 1883 1377 1933 uisi

279 1972 338 2019 φος
363 1958 405 2005 est
431 1956 581 2007 Philostrati
609 1956 806 2007 narratiuncula
843 1955 1096 2016 quodSiculidicunt
1106 1951 1236 2014 κότινον,
1253 1956 1296 2005 uhi
1311 1969 1378 2007 assa

280 2031 315 2081 de
332 2029 402 2079 Varo
419 2029 551 2093 quodam,
578 2030 695 2095 superbo
713 2030 807 2080 adole-
839 2028 975 2090 ponebam.
1004 2053 1033 2065 -
1059 2030 1184 2093 Euandri]
1213 2042 1282 2093 equo
1305 2044 1375 2081 cum

280 2102 413 2161 scentulo‚
427 2103 452 2151 in
465 2102 608 2153 Polemone
621 2104 651 2153 V.
664 2106 690 2154 S.
704 2118 731 2169 p.
745 2104 803 2156 540.
842 2102 960 2165 quotidie
983 2116 1049 2154 usus
1071 2104 1106 2153 sit
1128 2104 1182 2153 iam
1204 2104 1308 2167 priscus
1326 2104 1375 2157 ille

279 2176 334 2227 ul:
362 2176 393 2225 ol
411 2173 606 2241 δανειζόμενοι
630 2180 695 2249 παρ’
714 2172 805 2228 αὐτοῦ
842 2188 891 2225 rex
910 2176 1046 2237 Euander,
1065 2176 1214 2241 stupendae
1225 2177 1377 2241 antiquita-

280 2246 418 2321 χρήματα
426 2246 460 2301 τὸ
471 2252 521 2301 καὶ
532 2248 709 2315 μελετῶντος
719 2247 806 2322 ‹riupo-
842 2251 876 2300 tis
894 2252 922 2300 et
937 2253 1080 2314 propterea
1098 2252 1207 2303 maximi
1223 2251 1301 2314 pretii
1321 2252 1376 2303 tihi

279 2322 413 2377 ἄσασθαι
434 2326 639 2396 προσέγραφον
660 2320 699 2392 τῷ
716 2322 803 2392 τόκῳ.
842 2324 974 2374 videtur.»
1008 2326 1069 2388 lpsd
1085 2328 1141 2375 tam
1158 2325 1251 2375 lestiud
1267 2325 1377 2389 hyper-

281 2400 457 2464 -Kulmdoel
471 2401 523 2451 Clr.
538 2401 621 2465 Epod.
634 2402 659 2464 ἰ,
673 2402 704 2452 69
716 2414 758 2465 sq.
774 2428 802 2437 -
841 2396 904 2448 hold
931 2397 1001 2448 ridet
1027 2398 1176 2449 absurdum
1205 2400 1376 2461 antiquitatis

278 2476 417 2525 Mercedem
433 2479 479 2525 cut
494 2475 616 2539 nmmum]
636 2486 747 2525 «usuras
759 2477 806 2524 aut
841 2473 960 2522 studium
978 2486 1089 2536 prorsus
1105 2476 1135 2523 ut
1151 2474 1204 2523 Set.
1222 2474 1252 2533 2,
1271 2474 1301 2534 3,
1319 2474 1372 2523 20:

279 2552 406 2599 sortem.»
420 2576 449 2586 -
462 2550 528 2599 uude
544 2548 617 2613 uude]
634 2561 684 2612 pro
702 2548 805 2598 eunde·
842 2546 907 2595 Olim
918 2559 979 2595 nun
990 2559 1112 2607 quemme
1121 2547 1248 2608 emacem,
1259 2549 1314 2609 Quo
1324 2562 1377 2598 ua-

279 2636 400 2687 cunque»
418 2622 529 2674 meliore
546 2626 633 2673 aetate
651 2623 723 2688 apud
740 2626 803 2687 poe
840 2618 1255 2683 suilupesutuuuutsuppum
1264 2627 1376 2673 aerest

184 2685 191 2697 “
279 2700 319 2748 tas
353 2698 492 2749 dumtaxat
529 2699 678 2763 reperitur,
718 2696 805 2747 ubiubi
841 2691 1006 2754 llartialis8‚
1024 2694 1052 2754 6,
1069 2695 1100 2743 7:
1123 2694 1176 2744 lloc
1186 2695 1376 2757 metensem

278 2774 359 2823 etiam
376 2773 447 2837 apud
465 2774 631 2824 Ciceronem.
647 2800 674 2808 -
687 2774 804 2823 Porrecto
842 2768 964 2817 conmisit
975 2768 1077 2829 proelia
1092 2768 1202 2819 lituum
1212 2770 1275 2819 tum
1291 2770 1377 2832 lopi-

277 2846 372 2910 iupulo]
390 2848 464 2909 quasi
482 2846 590 2910 captiui,
609 2845 707 2909 quihus
722 2850 804 2910 caput
841 2842 902 2891 mis:
924 2855 1014 2904 pupae
1035 2842 1113 2893 debile
1132 2844 1214 2893 cerula
1229 2856 1299 2906 opus.
1337 2845 1375 2895 lli

279 2922 448 2970 truncaturus
478 2924 521 2970 est
548 2921 641 2971 victor.
671 2948 698 2957 -
725 2922 804 2971 liuto-
840 2916 1374 2980 duotoupceeocemmturNeetcrsstmdl:

276 2992 341 3057 rias]
363 2992 420 3043 Noli
438 3005 500 3042 cum
518 2994 678 3043 nonnemine
694 2996 802 3044 venere
839 2990 979 3041 Polliceris
994 2991 1065 3052 Pulio
1086 2992 1150 3041 tritu
1164 2992 1279 3043 columbe
1296 2992 1373 3043 nitet.

278 3066 485 3127 llddrcheu,
515 3068 603 3117 minus
632 3068 711 3117 etiam
740 3080 803 3118 curn
840 3065 870 3114 ln
887 3063 1004 3114 Euandri
1023 3066 1187 3115 mentionem
1208 3067 1289 3116 etiam
1305 3066 1375 3118 ideo

278 3142 381 3191 herone
406 3138 515 3202 aliisque
539 3138 670 3205 explicare
694 3143 803 3192 «convi-
840 3138 959 3188 incidere
986 3140 1109 3203 poterat,
1146 3138 1220 3203 quod
1247 3141 1274 3189 in
1300 3141 1375 3193 Poro

278 3216 330 3275 cia,
352 3212 552 3265 contumelias.»
582 3216 638 3265 lloc
661 3216 801 3278 significat,
840 3212 933 3263 boario
955 3214 1016 3263 erat
1036 3211 1165 3263 llercules
1186 3213 1372 3277 triumphalis,

277 3290 412 3339 Rusonem
428 3290 575 3353 pessimum
587 3290 748 3354 scriptorem
759 3291 803 3340 hi·
840 3288 872 3339 cd
894 3288 1018 3337 Euandre
1037 3292 1169 3349 socruum,
1193 3292 1224 3338 ut
1243 3288 1372 3349 modunl.

276 3362 405 3413 storicum
420 3376 485 3414 suae
502 3363 596 3413 uelatis
615 3362 705 3415 luisse.
744 3365 803 3426 (Qui
839 3360 904 3413 Plin.
919 3363 950 3413 ll.
962 3363 993 3411 ll.
1003 3360 1045 3421 34,
1055 3362 1080 3411 i.
1100 3363 1192 3411 locum
1204 3360 1276 3411 haud
1287 3374 1377 3424 agno-

275 3437 394 3489 tumme-r
415 3436 578 3501 explicarunt
598 3437 640 3487 vel
659 3437 801 3489 «labellus»
839 3439 946 3488 scentes
970 3435 1144 3487 scholiastae:
1174 3437 1239 3497 «Qui
1255 3435 1289 3486 de
1306 3450 1376 3500 per-

275 3512 317 3563 vel
342 3514 517 3574 acunumiae,
547 3526 600 3563 non
623 3513 804 3563 meminerant
840 3512 913 3561 sonis
935 3511 1085 3562 Horatianis
1107 3511 1274 3575 scripserunt
1293 3512 1377 3564 aiunt

275 3586 379 3651 lepidae
397 3586 610 3637 narratiunculae
626 3587 699 3651 apud
718 3589 803 3637 sene-
840 3585 996 3635 Euandrum
1006 3586 1078 3635 hunc
1089 3583 1254 3636 caelatorum
1264 3587 1293 3636 et
1307 3583 1376 3649 plu-

276 3660 394 3724 camEp.
408 3660 455 3709 95:
473 3660 598 3711 lieettctor
613 3662 752 3711 Historiam
764 3662 802 3711 iu·
839 3661 898 3709 sten
927 3660 1089 3720 statuarum,
1122 3672 1205 3723 quem
1226 3660 1260 3710 ll.
1283 3662 1376 3709 Anto-

275 3738 372 3797 purum
383 3734 484 3793 cumo,
496 3734 659 3785 minutissime
670 3736 800 3797 scriptam,
839 3735 914 3783 nium
923 3731 958 3781 ah
966 3732 1078 3783 Athenis
1085 3731 1273 3783 Alexandriam
1282 3734 1376 3784 uene

228 3810 236 3821 “
275 3806 399 3855 aluums
416 3807 549 3868 plicatam,
572 3812 595 3856 et
611 3820 707 3872 mopere
725 3814 802 3870 perte
839 3805 944 3866 tulisse,
963 3805 1026 3855 inde
1043 3808 1112 3857 inter
1122 3808 1243 3871 captivos
1253 3808 1375 3859 Romam

272 3878 384 3941 perlecto
417 3881 592 3943 «Daunum»,
629 3883 725 3944 iuquit,
758 3884 801 3933 «si
839 3880 1001 3945 perductum
1025 3880 1107 3931 multa
1130 3894 1212 3946 opera
1235 3880 1375 3935 mnahilia

274 3954 372 4003 ocum.»
405 3955 580 4005 acclametur:
610 3958 726 4019 «Recita,
756 3970 801 4009 re-
839 3955 962 4007 lecisse.»
1004 3956 1193 4017 decentiores,
1223 3957 1270 4019 qui
1295 3954 1376 4009 hanc

275 4028 340 4077 citou
359 4028 391 4077 ab
406 4028 455 4089 hir,
483 4030 526 4091 qui
549 4028 620 4080 illum
636 4031 802 4083 obmutescere
837 4028 1042 4093 explicationem
1053 4029 1217 4094 praeierunt,
1230 4029 1375 4081 arbitran—

274 4102 341 4151 ilttco
357 4103 481 4166 cupitum.)
495 4132 521 4139 -
538 4102 617 4167 audi]
636 4105 711 4157 llunc
728 4108 799 4156 reci·
838 4108 882 4156 tur
894 4118 956 4157 esse
968 4106 1098 4168 eundern,
1111 4106 1145 4156 de
1157 4118 1212 4169 quo
1223 4104 1322 4156 Plinius
1334 4107 1373 4158 ll.

276 4174 346 4226 tandi
381 4188 485 4227 morem
519 4176 659 4229 induxerat
692 4181 799 4231 Asinius
837 4180 929 4242 nso,
946 4182 977 4243 t,
995 4181 1042 4233 32:
1063 4180 1179 4233 Piumllmi
1189 4180 1376 4234 masuilium
