2925 4892
530 322 591 375 ιιι.
608 324 630 373 1.
664 324 732 375 sir.
752 324 793 375 rr.
1149 322 1205 391 454

162 478 362 567 Circarmagi3
383 476 549 566 quendam
569 478 644 545 volo
665 479 774 547 visere
796 500 861 547 non
885 480 941 549 tibi
963 490 1090 561 notrum

162 602 261 667 Trans
282 599 426 667 Tiberim
444 598 542 689 longe
564 599 663 667 cubat
684 600 728 678 is,
753 623 857 689 prope
874 602 1022 671 Caesaris
1044 602 1166 674 nouos.

159 722 205 787 Nil
219 722 329 789 habeo
339 720 430 809 qnod
441 740 536 808 agam
550 730 583 787 ct
595 740 661 787 non
675 740 750 788 sum
761 722 871 811 piger3
887 744 992 812 usque
1005 744 1125 813 sequar
1136 736 1178 792 te.

160 844 300 910 Demitto
322 840 499 919 auriculas,
522 852 559 909 ut
579 842 711 931 iniquae
732 844 850 911 mentis
871 844 1008 921 asellus,
1165 847 1208 913 20

158 966 240 1033 Cum
261 964 394 1052 gravius
416 962 516 1029 dorso
538 961 638 1029 subiit
658 984 751 1031 onus.
796 964 910 1053 incipit
932 965 1000 1033 ille:

159 1088 192 1152 Si
212 1086 300 1153 bene
323 1104 377 1151 me
398 1084 489 1161 novi,
519 1102 585 1150 non
606 1085 738 1153 Viscum
757 1084 860 1173 pluris
882 1086 1037 1163 amicum,

149 1271 278 1323 lleindorl
300 1284 333 1320 ac
357 1272 398 1331 li,
423 1272 566 1333 Prosequor
590 1274 637 1322 aut
659 1275 799 1336 Persequar
818 1276 883 1325 linc.
920 1277 974 1339 (ino
990 1290 1057 1327 oreta
1074 1278 1122 1327 ilar
1137 1284 1172 1329 cat

148 1346 209 1396 tili?
224 1345 353 1405 Aldinae,
370 1346 517 1407 Peraeam
529 1345 595 1397 iiiuc
610 1347 788 1407 quonum?
805 1350 884 1399 LCtl‘.
906 1374 933 1385 -
953 1350 993 1401 49.
1012 1364 1103 1417 ccmo:
1121 1366 1172 1403 non

146 1436 202 1471 m
218 1420 306 1471 Codd.
324 1420 463 1471 Torrentii.

115 1580 141 1621 iu
161 1568 294 1631 laniculo,
319 1582 389 1633 quos
410 1569 511 1619 Caesar
527 1568 642 1621 dictator
676 1570 756 1621 emm
772 1584 864 1633 corum
879 1572 955 1633 inqua
970 1572 1029 1623 eolis
1048 1586 1124 1623 στοοτ
1142 1588 1204 1637 ροτ-

115 1644 210 1711 popuiu
238 1646 359 1695 Romano
390 1640 497 1709 publico
528 1643 638 1707 legarat.
675 1643 744 1706 [ατο
764 1649 839 1707 utque
860 1646 970 1697 molera.
1005 1646 1048 1697 Sic
1069 1650 1113 1697 Gr.
1132 1640 1205 1699 ὁτο-

114 1722 220 1770 Sueten
241 1719 319 1769 Caes.
336 1717 379 1768 83.
408 1720 431 1767 Α
447 1718 641 1769 sacraviaau-
676 1714 761 1769 δῦναι
777 1710 881 1781 ἄχθος.

114 1798 167 1845 tem
198 1804 288 1855 usquc
321 1793 349 1843 in
381 1790 529 1842 Ianiculum
555 1792 640 1843 horae
709 1794 798 1843 22-27.
824 1794 852 1845 si
869 1792 929 1844 bona
943 1806 984 1843 oia
999 1793 1067 1858 root]
1085 1794 1204 1845 «slsum

113 1881 195 1932 prope
212 1868 334 1929 integrae
346 1864 561 1916 iterfaciaudnm
572 1867 637 1916 crat.
675 1868 780 1918 virtutis
800 1868 923 1933 propriae
947 1868 1059 1919 idoneus
1077 1870 1203 1921 aestima·

115 1969 141 1977 -
157 1942 254 2006 anon]
273 1940 326 1991 Cir.
340 1940 426 1991 Haase
438 1939 473 1989 ad
484 1940 637 2003 lieislgLui.
675 1944 744 1992 tor.»
775 1944 846 1992 inan.
881 1942 935 1993 Cir.
961 1942 1026 2006 Epp.
1052 1943 1081 2004 4,
1108 1944 1155 2005 48,
1177 1944 1201 1994 l.

113 2016 242 2079 Sprneho.
261 2029 289 2079 p.
302 2014 404 2078 lt8aq.
429 2014 576 2077 significat:
596 2017 640 2065 «et
675 2015 750 2067 oud.
769 2018 875 2067 liciam
895 2015 940 2078 44,
959 2017 1017 2067 355.
1037 2018 1126 2069 Circe:
1144 2018 1203 2069 Noa

113 2091 163 2142 huc
173 2090 296 2151 aceedit,
315 2089 388 2153 quod
405 2102 458 2139 nou
475 2102 536 2139 sum
553 2090 637 2153 piger,
674 2095 759 2141 umen
770 2092 884 2155 amictu,
901 2094 974 2141 vento
991 2091 1096 2153 ruptura
1111 2092 1200 2155 toccu,

112 2168 297 2229 etpraeterea
314 2176 407 2214 unns.
425 2176 469 2227 μ·
489 2165 639 2215 -Douttto
674 2165 916 2215 Simodoneoovi
933 2165 984 2215 cet.
1005 2166 1063 2227 «Sl,
1083 2178 1201 2219 cumrea

111 2241 249 2302 Mearm]
266 2240 345 2303 quasi
361 2238 485 2289 dixisset:
505 2237 638 2289 «misellas
674 2238 743 2289 lacta
760 2238 935 2303 significatur,
955 2240 1040 2303 inquit
1056 2240 1201 2293 Diomedes

111 2329 184 2367 meas
194 2328 304 2365 aures»
333 2311 639 2376 liidiculohocprovar·
675 2312 709 2376 (p.
732 2312 790 2363 ³87.
809 2313 861 2376 Ρ.),
884 2313 990 2365 finitivis
1012 2314 1135 2377 iungitur.
1154 2340 1170 2353 ·
1185 2342 1201 2355 -

111 2390 153 2441 bio
169 2388 318 2439 utebantur
333 2388 388 2438 iam
404 2386 506 2437 Graeci.
524 2385 588 2437 Plat.
602 2386 637 2437 da
674 2388 717 2437 Sic
742 2385 880 2451 Virgilius:
910 2388 938 2439 sl
969 2393 992 2438 ta
1019 2388 1077 2452 scta
1099 2395 1199 2453 υοοω,

111 2466 172 2529 lep.
190 2465 233 2514 40.
251 2476 281 2526 p.
300 2462 357 2511 643.
377 2462 412 2513 C:
435 2456 471 2512 τὸ
486 2459 542 2526 μὲν
558 2458 637 2531 πρῶ-
673 2459 701 2511 id
718 2462 772 2521 asi,
791 2462 853 2525 quia
870 2464 896 2511 te
914 2460 1082 2513 latarocant.
1109 2462 1198 2514 idam:

110 2556 158 2591 τον
179 2534 273 2603 ὀξέως
294 2530 486 2602 ἀποπηδῶσιν
506 2536 549 2600 (ol
568 2534 637 2605 ipo-
672 2536 701 2585 si
721 2536 805 2597 potuit
828 2548 915 2585 munes
937 2548 1064 2587 οοσετνενε
1088 2538 1201 2602 συνίασιν

110 2616 195 2681 μοις),
218 2610 406 2674 τελευτῶντες
428 2609 461 2661 δὲ
476 2610 636 2679 καταγελα-
673 2610 797 2672 Orpheum
825 2608 941 2659 affirmat
969 2610 1041 2659 enim
1068 2612 1197 2674 potuisse.

110 2706 172 2741 στοι
190 2691 355 2755 γίγνονται,
380 2681 418 2737 τὰ
434 2676 496 2735 ὦτα
515 2686 563 2736 ἐστι
578 2681 636 2736 τῶν
672 2710 713 2721 --
724 2684 835 2735 Cicero:
855 2682 1066 2743 Siluwmrlur,
1084 2684 1199 2735 εἰσπεσ-

110 2760 195 2830 dnm
214 2760 334 2824 ἔχοντες
358 2762 408 2811 καὶ
432 2754 635 2822 ἀστεφάνωτοι
668 2757 836 2820 monum,
855 2755 883 2805 id
894 2758 943 2815 est,
962 2756 1025 2820 quia
1038 2754 1200 2809 illustrantur

109 2836 328 2912 ἀποτρέχοντες.
353 2836 434 2887 Addit
444 2834 576 2887 ltarcliiua
586 2838 636 2887 Ga·
672 2833 777 2894 omnia,
802 2830 910 2893 suadet,
937 2832 967 2881 ut
987 2833 1073 2881 mutet
1089 2830 1198 2885 Catilina

109 2915 158 2967 len.
184 2916 254 2984 περὶ
277 2908 423 2978 σφυγμῶν
446 2911 472 2959 2.
490 2910 561 2960 init:
587 2908 635 2960 ἐτι
672 2908 800 2958 mentem.
825 2902 1001 2969 Slogarmius
1019 2906 1155 2957 insinuans
1166 2921 1197 2959 ae

110 2988 222 3053 τούτοις
256 2984 274 3039 ὁ
307 2987 398 3057 γέρων
431 2977 530 3054 ὥσπερ
565 2978 635 3048 ὄνος
671 2982 698 3032 iu
715 2980 860 3031 amicitiam
875 2980 973 3031 Horatii
986 2980 1081 3043 inquit:
1100 2980 1200 3033 Silone

110 3060 198 3117 ἔσειον
224 3057 284 3130 ἤδη
311 3057 349 3111 τὰ
375 3054 445 3111 ὦτα.
483 3060 635 3111 Dorotheus
670 3054 1010 3118 nunovi,idesl,quiaego
1028 3054 1198 3107 demeado·

110 3141 233 3191 Doctrirm
256 3139 287 3187 7:
317 3131 450 3197 ἀκούσας
469 3130 525 3201 ἐγώ
547 3130 635 3184 τοῦτο
672 3130 756 3181 ctrina
768 3132 795 3179 el
812 3128 959 3180 eruditione
971 3128 1041 3180 bane
1054 3130 1119 3181 mihi
1130 3142 1198 3181 con-

110 3209 213 3276 ἔβσλον
229 3209 312 3263 κάτω
328 3207 365 3262 τὰ
381 3201 443 3261 ὦτά
457 3224 526 3274 μου.
541 3234 570 3247 -
583 3210 635 3259 tnt-
671 3205 744 3255 scius
761 3216 836 3265 sum,
856 3216 908 3253 non
926 3202 1031 3264 dubito,
1056 3204 1118 3267 quin
1136 3202 1197 3268 piu-

110 3304 171 3354 ςυστ
188 3289 291 3349 mentis]
313 3288 411 3337 «iratus
436 3286 464 3336 in
488 3283 634 3336 mulionem
671 3282 708 3331 ris
724 3292 769 3331 me
787 3279 868 3329 iacies
886 3290 967 3341 quam
978 3278 1086 3328 Viscum
1105 3278 1197 3327 atva-

110 3361 375 3415 immisericordem.»
395 3388 423 3398 -
440 3358 523 3423 mit]
541 3357 634 3409 ultima
671 3356 753 3416 uum,
772 3352 819 3404 ubi
830 3366 879 3403 uos
892 3353 1011 3413 noveris,
1024 3352 1197 3411 mnodum

110 3440 237 3502 producta
255 3439 368 3501 propter
384 3435 455 3485 arsin
473 3435 632 3495 incaesura,
669 3429 784 3489 ονεσοιε,
802 3429 833 3478 ut
848 3426 884 3475 ait
895 3426 1028 3475 Persius.»
1057 3426 1193 3481 canonius.

110 3513 296 3563 olovid.ltct.
308 3511 333 3570 4,
346 3508 412 3559 lli:
430 3508 635 3571 anticameram
671 3504 730 3555 Est:
750 3503 792 3551 «Si
809 3500 880 3551 bena
898 3498 1036 3559 munuli,
1054 3500 1085 3547 ut
1100 3510 1196 3561 reapse

107 3588 194 3649 proles
230 3586 298 3635 Tam
317 3584 632 3646 nequamneuam,
670 3578 741 3629 bene
759 3590 803 3627 mo
822 3574 909 3625 novi.»
929 3600 957 3609 —
979 3571 1084 3635 Visum]
1102 3570 1196 3623 vibius

111 3662 265 3723 pnesartim
291 3657 364 3721 apud
389 3656 526 3717 Ovidium,
554 3656 633 3707 huius
670 3655 765 3703 Viscus
783 3664 867 3714 eques
885 3652 930 3699 lio.
950 3646 1018 3697 duos
1035 3644 1102 3697 filios
1119 3658 1196 3697 seno

112 3736 228 3799 syllabae
244 3734 401 3799 productio,
419 3735 449 3782 ut
464 3733 533 3783 insta
543 3732 634 3783 videa-
671 3728 731 3777 lorii
742 3724 843 3776 ordinis
855 3721 987 3783 habebat,
1001 3732 1117 3784 quorum
1129 3721 1197 3772 aller

112 3813 151 3861 tor
165 3812 248 3861 luisse
264 3810 341 3859 Antio
358 3806 393 3857 ad
409 3807 498 3857 vestr.
514 3808 591 3870 Spar.
603 3821 630 3871 p.
670 3801 772 3851 Horatii
788 3800 891 3851 amicus
907 3798 935 3847 et
951 3796 1112 3848 Maecenatis
1129 3809 1197 3847 oon·

112 3884 139 3934 48
154 3898 196 3948 sq.
214 3888 244 3935 et
258 3883 295 3932 ad
311 3880 412 3932 lior-atii
428 3880 536 3945 Epodoa
550 3893 577 3944 p.
590 3880 630 3931 49,
669 3877 755 3925 victor
766 3874 821 3925 luit.
841 3874 892 3923 Cir.
904 3874 957 3923 Sat.
970 3873 998 3932 4,
1012 3872 1057 3931 40,
1070 3870 1117 3922 83:
1135 3870 1197 3921 lucc

110 3958 146 4008 Ad
161 3972 242 4010 usum
258 3971 286 4007 v.
304 3956 387 4006 salire
408 3955 456 4006 cir.
475 3954 545 4017 Virg.
564 3955 630 4005 Aen.
669 3952 768 4000 οιὶτισνσ
803 3949 930 3999 Virronem
962 3946 1048 3997 marlot
1073 3947 1195 4006 unqua!

112 4031 138 4090 4,
154 4033 216 4083 599ε
245 4034 323 4094 orient
333 4030 435 4080 ubitam
445 4029 556 4079 imita
571 4042 633 4079 coa-
670 4024 807 4075 weicheri
823 4024 896 4073 Pocl.
915 4022 942 4071 L.
955 4033 982 4085 p.
996 4020 1054 4069 tii.
1074 4018 1196 4082 Porphy-

111 4106 197 4165 [σείετο
212 4110 296 4157 comto
313 4109 454 4167 ρστεσωσι.
482 4104 544 4153 iac.
562 4104 629 4153 Ano.
668 4099 727 4149 riou
745 4096 827 4149 habel
847 4098 968 4157 muco,
992 4094 1018 4144 in
1040 4092 1088 4143 Ed.
1109 4092 1193 4155 princ.

113 4180 137 4239 l,
154 4180 203 4231 28:
233 4180 353 4230 Phoenix
362 4178 467 4229 dicitur
484 4177 568 4227 salire
580 4190 632 4241 pa·
671 4175 786 4224 lucum.
817 4172 878 4235 (Cir.
897 4168 1022 4221 Woioker
1040 4168 1084 4218 Gr.
1100 4166 1196 4229 Ττσςό-
