2925 4892
280 368 342 434 572
637 370 765 421 nomm
793 370 1012 424 srrsronsaun

323 525 501 614 Adscripsit
521 527 618 596 Liber
640 528 764 618 Satyris
786 526 971 614 Faunisque
992 531 1121 612 poetas,
1446 588 1447 631 1

321 647 400 713 Vina
421 647 488 714 iere
511 647 623 716 dulces
644 648 794 715 oluerunt
814 667 909 713 mane
933 648 1102 714 Camenae.
1342 648 1360 709 5
1446 646 1447 697 ἶ

321 767 486 836 Laudibus
512 771 656 855 arguitur
677 769 741 836 vini
763 769 896 834 vinosus
917 769 1095 847 Homerus;
1446 814 1447 885 1

322 888 443 955 Ennius
465 889 535 976 ipse
559 899 651 976 pater
672 910 837 976 nunquam
858 889 919 955 nisi
941 899 1037 977 potus
1058 887 1101 954 ad
1123 909 1213 955 arma
1446 888 1447 895 '

320 1008 472 1076 Prosiluit
493 1008 640 1076 dicenda.
687 1012 804 1076 Forum
824 1008 1000 1096 puteslque
1020 1008 1152 1075 Libonis

1446 1260 1447 1293 l

1446 1316 1447 1349 l

344 1215 368 1267 i.
394 1215 518 1266 Adsus'bit
542 1215 626 1266 Codd.
645 1214 707 1279 aliq.
735 1216 776 1278 (ot
795 1229 859 1276 uos,
880 1217 964 1266 nostri
986 1219 1014 1266 et
1035 1215 1152 1267 Pottierii
1168 1217 1286 1279 omnes.)
1304 1245 1331 1252 -

309 1293 405 1352 potitus.
427 1291 491 1339 Viso
507 1289 625 1340 distinxit
640 1289 782 1341 Bentleius.
804 1313 832 1325 -
855 1290 895 1339 to.
917 1291 998 1340 edixit
1014 1303 1030 1340 c
1046 1303 1109 1340 cum
1125 1289 1206 1354 gloss.
1224 1291 1332 1351 Ennius

312 1364 376 1414 item
393 1363 420 1425 d,
439 1377 508 1416 oorr.
526 1363 554 1426 b,
572 1381 603 1426 κ,
622 1365 737 1415 Pottierii
753 1364 889 1429 plerique,
907 1366 963 1414 tum
981 1365 1046 1426 bct,
1064 1365 1143 1414 edisti
1157 1366 1189 1415 D.
1208 1366 1334 1416 Heinsius

280 1550 321 1599 iil.
335 1562 361 1613 p.
374 1548 431 1600 biii.
448 1548 631 1613 -AdseripsitJ
650 1550 802 1612 «tamquam
840 1549 967 1597 udonus
983 1550 1130 1615 -dioesdol
1154 1551 1319 1601 Praesertim
1339 1553 1364 1602 in

279 1625 305 1674 in
322 1621 456 1686 legionem
477 1635 569 1682 suam;
591 1635 653 1673 nam
677 1623 803 1672 hoerer-
840 1621 994 1683 Annalibus,
1004 1635 1120 1686 quorum
1128 1625 1247 1687 primum
1255 1638 1365 1675 versum

279 1696 346 1746 bum
363 1697 474 1748 militare
492 1699 559 1747 est.»
588 1699 681 1747 Poris.
701 1697 740 1747 Gi.
753 1697 801 1747 Od.
840 1696 903 1747 lectt
932 1695 1048 1747 Merula:
1082 1699 1194 1747 Horrida
1218 1700 1366 1750 Romaim

280 1771 309 1830 3,
322 1769 352 1831 3,
370 1770 412 1821 bb.
432 1771 499 1821 Cum
511 1769 644 1822 Bentleius
656 1783 681 1819 v.
694 1769 719 1821 i.
733 1782 804 1834 pun-
839 1771 979 1819 eertum
993 1783 1080 1835 panso
1095 1772 1211 1821 dusibm.
1234 1800 1262 1808 -
1280 1775 1365 1824 Prosi-

279 1846 325 1894 oto
349 1847 411 1908 post
435 1859 460 1894 v.
483 1849 574 1907 poitur
597 1845 683 1909 posito
708 1857 751 1894 rr.
775 1848 805 1893 ut
840 1842 1022 1904 lbitlstiirmt
1038 1846 1197 1905 erbertum
1216 1848 1364 1912 quasiipse

279 1919 345 1968 muto
372 1931 447 1968 sanor
474 1918 619 1984 explicaret
647 1922 803 1980 «tamquam
839 1929 957 1980 pugnarn
973 1919 1094 1970 initurus.
1110 1921 1366 1983 —putsulpueLibo

280 1991 350 2042 male
376 2005 490 2052 saum,-
520 1994 618 2044 Horatii
643 1993 803 2044 sententiam
839 1988 887 2053 sis]
905 1990 1055 2054 ctssts,
1073 1994 1103 2053 6,
1121 1994 1163 2045 tt.
1192 1995 1302 2046 «Puteal
1318 2010 1365 2046 au·
1446 1992 1447 1997 ’

280 2067 370 2116 minus
387 2070 460 2116 reete
478 2066 613 2118 intellexit,
767 2063 772 2071 “
840 2066 895 2115 tem
921 2065 1028 2117 Libonis
1049 2066 1130 2118 sedes
1158 2071 1292 2132 praetoris
1319 2070 1366 2121 luit

311 2139 366 2187 6-9.
388 2141 652 2204 arantur-visonta]
669 2139 802 2203 φίλοινος
839 2151 924 2202 prope
951 2152 1045 2189 areum
1072 2141 1230 2203 Fabianum,
1262 2144 1365 2195 dietum

278 2205 332 2272 ὥν,
358 2226 404 2264 use
421 2215 478 2276 ipse
494 2213 597 2278 prodit.
625 2216 756 2264 monstrat
771 2225 802 2263 se
839 2213 913 2276 quod
929 2226 945 2262 a
963 2213 1063 2265 libone
1079 2214 1131 2266 illic
1146 2218 1264 2281 primum
1281 2218 1366 2269 tribu·

185 2307 187 2316 ·
278 2287 370 2336 vinum
390 2299 495 2337 amasse
520 2285 656 2348 laudibus,
684 2299 751 2349 quas
777 2288 802 2337 ei
840 2286 883 2338 nai
911 2289 939 2338 et
970 2287 1096 2340 subsellis
1123 2289 1253 2341 collocata
1281 2295 1364 2344 sint.»

278 2361 426 2424 imperat,-
438 2355 468 2411 it
479 2361 611 2410 Homerus
622 2358 694 2410 iliad.
705 2356 730 2424 ξ,
741 2361 799 2411 26⁴:
840 2363 932 2412 Poma.
960 2361 998 2412 Cf.
1023 2363 1097 2413 ovid.
1120 2367 1195 2416 Item.
1216 2368 1277 2416 Am.
1300 2369 1364 2417 soi:

276 2429 364 2504 Ἀνδρὶ
389 2433 420 2484 di
445 2430 589 2500 κεκμηῶτι
613 2435 702 2498 μένος
726 2436 802 2500 μέγα
840 2437 888 2496 Qut
904 2437 1366 2503 mouimusqietmetoetwquo
1446 2478 1447 2511 ,

279 2502 358 2570 οἶνος
374 2503 461 2573 ἀέξει,
481 2512 508 2560 et
524 2509 624 2573 passim
642 2509 666 2559 ei
683 2507 802 2560 ἐπίθετα
838 2510 972 2571 Kalendas,
987 2511 1184 2574 Torqusutbteto
1195 2515 1366 2565 aeriam

278 2581 398 2635 tribuens
415 2578 548 2654 εὐήνορα,
565 2581 741 2654 μελίφρονα,
753 2599 802 2649 μιν
837 2585 993 2634 summarii
1015 2586 1053 2635 Ex
1066 2589 1188 2636 veterum
1203 2586 1238 2637 de
1262 2588 1366 2640 Puteoli

278 2659 401 2708 νοεικέα.
417 2682 445 2694 -
463 2659 515 2708 uini
530 2658 639 2720 morus]
658 2659 801 2710 «Eiusdem
838 2656 903 2708 locis
919 2662 1044 2710 accurate
1060 2661 1170 2710 interes
1182 2660 1284 2713 enitatis
1296 2663 1365 2715 haee

277 2732 353 2784 verbi
379 2733 499 2784 diversas
524 2733 623 2784 formas
641 2736 669 2784 et
691 2737 801 2798 propter
838 2731 943 2796 collegit
968 2733 997 2782 C.
1022 2735 1048 2784 F.
1073 2736 1242 2787 Hermaunus
1267 2739 1294 2787 in
1321 2740 1365 2789 in-

278 2809 332 2858 vim
350 2810 378 2857 et
396 2811 505 2872 propter
526 2821 623 2858 sonum
644 2807 802 2859 adamarunt
838 2805 899 2856 dice
911 2805 983 2857 lectt.
997 2807 1129 2870 liarburg.
1148 2808 1220 2859 isto.
1236 2823 1264 2874 p.
1280 2812 1362 2862 vlu:

278 2880 349 2930 latini
366 2883 510 2944 scriptores
528 2885 552 2930 in
566 2883 677 2945 eiusque
689 2883 728 2932 rei
740 2895 801 2945 gra-
839 2881 940 2931 «onum
958 2881 1061 2932 tuntum
1078 2883 1140 2943 (non
1157 2881 1224 2943 duo,
1243 2883 1363 2949 utvoigo

278 2955 342 3004 tiam
363 2954 508 3003 verborum
530 2955 651 3005 ordinem
669 2969 722 3005 non
740 2969 801 3006 raro
837 2954 998 3016 struebant)
1015 2956 1042 3005 in
1059 2955 1117 3005 toro
1134 2958 1298 3021 comitioqne
1315 2961 1365 3010 ito·

278 3027 422 3076 mutarunt.
452 3027 593 3088 ei.Sst.2‚
612 3030 641 3090 2,
660 3029 701 3079 39.
726 3033 756 3080 A.
770 3033 799 3080 P.
838 3040 917 3077 mano
938 3028 1020 3078 tuisse
1041 3030 1144 3090 Puteal,
1172 3031 1247 3093 quod
1273 3034 1362 3097 prisca

278 3099 334 3149 433.
354 3100 419 3162 Epp.
439 3101 468 3160 t,
488 3101 532 3160 ⁴8,
550 3101 574 3149 Β.
593 3101 651 3150 89.»
679 3103 798 3152 Dianam.
838 3104 924 3152 aetate
936 3103 993 3152 sire
1010 3101 1045 3152 ob
1062 3105 1135 3153 Navii
1152 3106 1261 3167 auguris
1279 3121 1364 3157 nova·

279 3201 307 3209 -
325 3174 430 3238 Ennius]
454 3174 551 3237 quippe
573 3175 618 3236 qui
642 3175 699 3238 ipse
717 3174 752 3224 de
769 3189 800 3226 se
838 3174 925 3226 culam
941 3177 998 3226 sive
1014 3176 1050 3226 ob
1067 3176 1169 3241 ttrlgurs
1193 3179 1231 3229 ibi
1255 3182 1362 3233 condita

277 3248 383 3298 dixerit:
402 3249 538 3310 Nouariam
549 3251 642 3310 poitur
657 3249 706 3298 sisi
719 3251 800 3312 podu-
837 3253 1024 3300 consecratum
1040 3252 1183 3315 postmodo
1194 3266 1210 3303 a
1222 3255 1362 3306 Scribonio

276 3336 328 3387 per.
361 3324 477 3374 Serenus
494 3323 650 3374 Samonious
662 3325 800 3376 Horatium
837 3323 950 3383 libone,
968 3325 1012 3374 cui
1029 3327 1164 3388 negotium
1178 3327 1290 3390 pubiiee
1301 3343 1363 3380 eon-

276 3397 393 3447 imitatus
410 3410 435 3446 v.
449 3396 513 3446 7⁴3:
530 3398 627 3447 Ennius
642 3399 695 3461 ipse
714 3405 798 3462 putor,
837 3396 1027 3460 quirendomm
1038 3397 1198 3450 sacellorum
1210 3401 1363 3454 demanda·

277 3473 336 3521 dum
349 3471 443 3534 pecatis
458 3473 535 3522 tieem
550 3473 650 3534 iniquo,
669 3474 720 3524 iios
738 3474 799 3523 υἰιίο
836 3473 894 3522 tum
910 3475 994 3535 esset,
1021 3473 1196 3525 instauratum
1217 3479 1302 3540 atque
1327 3479 1362 3528 ita

276 3546 338 3595 tutes
352 3547 435 3608 sertae
449 3547 568 3597 montbar
584 3548 688 3598 dolores
711 3577 739 3585 —
753 3561 800 3610 pu-
837 3549 994 3596 exornatum
1018 3548 1064 3608 sit¹
1095 3551 1125 3598 ut
1151 3548 1249 3600 eadem
1279 3563 1361 3616 opera

276 3619 321 3682 ter]
334 3620 453 3684 Propert.
467 3619 495 3682 i,
507 3622 537 3682 ἰ,
555 3623 585 3670 b:
604 3623 736 3684 Parvaque
747 3627 800 3672 tum
835 3622 964 3684 praetori,
983 3623 1028 3684 qui
1045 3623 1073 3672 in
1089 3621 1133 3673 iiio
1149 3622 1208 3674 ioco
1220 3639 1308 3691 prope
1318 3639 1362 3676 sr-

275 3693 375 3753 msmis
385 3694 518 3743 mam
532 3694 641 3755 fontibtts
651 3711 712 3757 ora,
733 3697 800 3747 Unde
837 3708 898 3745 cum
916 3694 1060 3747 Fabianum
1077 3697 1119 3747 ius
1136 3698 1228 3749 dicere
1245 3700 1360 3760 soleret,

272 3769 348 3825 pater
363 3765 446 3815 utiam
460 3767 557 3816 Ennius
567 3774 625 3820 onis
636 3769 703 3820 bibit
723 3772 800 3822 Utro-
836 3768 949 3820 uihunul
966 3770 1187 3833 atquesubsellia
1198 3777 1359 3835 exstrueret.

177 3843 181 3854 ’
274 3837 356 3900 hique
370 3841 608 3900 praenominatur
619 3847 718 3906 etquis
731 3844 799 3894 duo-
836 3857 889 3908 quo
911 3845 980 3895 isoio
1000 3848 1028 3896 et
1049 3846 1359 3910 tenerescentium,

274 3911 326 3961 bus
344 3913 405 3962 ente
423 3912 520 3965 seculis
540 3915 667 3967 floruerat
688 3919 715 3967 et
736 3919 799 3981 quin
835 3921 881 3983 qui
898 3917 956 3971 lites
977 3921 1096 3985 privatas
1114 3928 1361 3986 persequerentur,

276 3998 338 4035 enm
367 3987 438 4037 Livio
467 3988 617 4041 Andronico
645 3993 798 4056 Naevioque
835 3993 990 4058 [requenter
1011 4008 1045 4045 eo
1066 4008 1221 4046 commeare
1244 4009 1362 4049 eonsen-

275 4062 368 4110 nuotor
389 4061 478 4124 poesis
504 4065 611 4116 Latinae
638 4064 796 4117 habebatur.
835 4071 944 4120 nusum
960 4073 1043 4120 erat.»
1073 4069 1362 4134 (uLibohicquisiue-

275 4133 409 4199 Gargallo:
438 4136 458 4185 ii
481 4143 565 4190 sorbo
592 4141 680 4192 Ontoro
706 4141 795 4192 Ensis.
834 4144 869 4197 n't
879 4146 908 4193 et
918 4144 1026 4206 quando
1037 4145 1144 4205 vixerit,
1162 4145 1305 4209 ambigunt
1316 4146 1362 4196 do

275 4209 313 4260 ct.
327 4209 375 4262 od.
389 4209 417 4272 i,
436 4210 465 4274 8,
478 4211 518 4262 ΞΟ.
547 4215 611 4279 Epp.
625 4217 653 4277 2,
667 4218 678 4265 t
690 4253 695 4278 ‚
709 4217 751 4266 tto.
765 4243 794 4254 -
834 4218 882 4278 eti;
900 4215 1014 4282 piurima
1030 4219 1121 4271 temen
1137 4219 1267 4282 suadent,
1285 4223 1317 4270 ut
1330 4221 1358 4270 ι.
