2925 4892
249 335 312 400 440
624 337 754 389 nostru
774 337 955 391 4444444444

290 491 339 558 Nil
362 502 492 579 praeter
514 492 647 560 Calvum
669 503 702 561 et
724 492 839 560 doctus
862 504 992 561 eantare
1015 492 1185 559 Catullum.

290 614 329 680 At
349 635 502 703 magnum
524 614 619 692 iecit„
636 613 727 703 quod
748 613 857 681 verbis
879 613 1005 683 Graece
1026 614 1148 681 Latinis
1298 614 1341 680 20

290 734 426 802 Miscuit
470 737 499 803 Ο
522 735 587 802 seri
609 734 807 802 studiorum!
831 735 929 823 quine
952 735 1071 823 putetis

290 856 426 923 Difficile
450 868 483 924 et
503 858 637 933 mirum,
659 854 784 922 Rhodio
807 855 897 944 quod
919 854 1110 924 Pitholeonti

291 978 449 1065 Contigit?
474 980 513 1045 tt
533 998 642 1045 sermo
663 976 773 1064 lingua
794 977 973 1045 concinnus
994 987 1132 1064 utreque

315 1147 355 1196 49.
374 1152 398 1196 ct
413 1160 467 1197 om,
486 1146 512 1197 (l.
541 1174 569 1183 -
595 1148 636 1197 il.
660 1146 846 1209 «manuscripti
863 1144 986 1208 quidam,
1005 1147 1061 1196 tam
1078 1144 1204 1207 allorum,
1223 1159 1305 1210 quam

281 1222 364 1273 nostri
377 1222 485 1283 puteus:
504 1220 555 1272 sed
570 1220 660 1289 plures
678 1223 706 1271 et
722 1219 848 1271 meliores
863 1221 980 1283 putetis·
998 1221 1090 1271 4444444.

248 1370 422 1421 contemnitur.
457 1371 529 1420 inest
545 1368 705 1420 lenieellam
718 1370 777 1419 irri-
812 1366 947 1421 vulcam
966 1368 1229 1433 καταφθιμένοισιν
1245 1363 1340 1419 ἁνάσ·

248 1446 289 1497 sio
311 1443 454 1495 amborum
477 1445 631 1507 poetarum,
658 1443 693 1492 ab
718 1442 775 1493 aliis
812 1458 884 1495 σιιν.
911 1444 967 1508 (od.
986 1441 1014 1505 λ,
1038 1442 1107 1505 tet.)
1129 1442 1201 1493 Libr.
1219 1446 1270 1493 luc.
1291 1442 1340 1494 tta

248 1518 358 1583 quidem
374 1519 478 1581 magnis
491 1517 529 1579 (ut
545 1517 771 1582 ipseputossevi-
813 1517 890 1581 (Gerl.
903 1531 931 1582 p.
951 1517 1015 1580 9⁶·)²
1042 1512 1118 1579 Χῖός
1143 1530 1174 1567 τε
1194 1512 1340 1581 δυνάστης

248 1593 339 1653 detur,
359 1593 439 1643 etiam
455 1592 567 1655 nimiis,)
585 1591 710 1642 laudibus
727 1606 775 1643 ce·
812 1587 923 1657 (οϊνος).
967 1593 1027 1656 lpse
1052 1590 1136 1641 verba
1160 1590 1192 1641 At
1218 1604 1340 1653 mucorem

247 1667 414 1718 lebratorum
433 1665 514 1729 (04444.
528 1668 619 1716 Amor.
632 1666 661 1727 3,
680 1666 709 1727 3,
728 1667 774 1718 64;
811 1666 955 1716 --lliscoit
975 1677 1120 1729 perperam
1136 1662 1277 1715 Luciliauis
1294 1678 1340 1715 re-

249 1742 340 1793 Obviue
360 1741 418 1790 boio
439 1737 557 1804 (Tibullo)
573 1741 660 1790 oenias
683 1740 776 1791 iedoro
811 1739 898 1805 liquiis
919 1742 1019 1791 inserte
1041 1741 1112 1790 suut.
1147 1739 1205 1790 Vid.
1225 1738 1339 1790 Gerlach

248 1816 371 1867 iweoilio
380 1817 476 1865 cinctm
488 1815 774 1877 Terrtporoercncclvo,
812 1828 838 1879 p.
858 1813 915 1865 tot.
936 1840 964 1850 -
983 1814 1003 1863 0
1024 1814 1074 1863 tori
1093 1813 1258 1877 auidiorem}
1282 1814 1339 1863 lloo

249 1892 319 1941 docte
329 1890 433 1951 0444444,
451 1890 526 1952 too),
539 1890 588 1939 sed
600 1891 691 1941 tamen
702 1903 776 1941 sum·
811 1889 870 1952 ipso
887 1890 942 1938 tam
959 1900 1088 1951 perverso
1105 1887 1202 1939 iudicio
1218 1888 1336 1938 satietati

250 1964 302 2014 mis
319 1967 482 2014 Graecorum
499 1964 585 2027 poetis
603 1976 775 2027 nequaquam
811 1960 1032 2012 demonstrabant
1056 1974 1118 2012 sero
1146 1975 1176 2012 se
1204 1962 1337 2026 incepisse

249 2038 518 2101 aequiparandorum.
539 2062 566 2072 -
587 2036 663 2096 Quod
684 2040 775 2088 autem
811 2035 904 2087 litteris
929 2047 1041 2099 operam
1066 2035 1141 2086 darc.
1176 2030 1340 2100 Ὀψιμαθία

249 2112 382 2175 spohniue
403 2110 545 2174 significari
567 2110 712 2161 arbitratus
735 2113 777 2161 est
812 2112 904 2161 autem
928 2110 1029 2174 optimo
1054 2110 1111 2161 lure
1138 2110 1253 2173 antiquis
1274 2122 1340 2174 per-

250 2185 416 2236 Demetrium
436 2187 531 2248 liegan
551 2198 567 2234 a
589 2186 718 2235 Cicerone
741 2184 776 2234 ad
813 2197 894 2247 quarn
924 2182 1033 2234 ridicula
1065 2182 1215 2233 videbatur.
1261 2184 1337 2235 Coul.

249 2260 322 2309 Fam.
333 2258 378 2319 43,
391 2259 433 2309 36.
454 2257 774 2321 4444444444444444414444444,
812 2259 945 2323 Theophr.
964 2259 1044 2310 Cbar.
1063 2260 1104 2309 27.
1138 2260 1193 2309 Cic.
1213 2258 1247 2308 ad
1264 2260 1337 2310 Fam.

249 2345 325 2383 mera
344 2335 386 2383 est
402 2332 538 2383 (4444444444.
813 2333 841 2394 9,
859 2334 905 2394 ao,
923 2334 952 2383 2:
980 2326 1143 2397 ὀψιμαθεῖς
1163 2333 1274 2383 1444444444
1290 2334 1340 2383 acis

282 2406 384 2457 ao-at.
418 2407 451 2457 At
473 2419 596 2471 ouantem
619 2406 689 2471 [ecit]
716 2406 776 2456 44444
813 2422 890 2470 quom
911 2408 1041 2459 insolentes
1062 2408 1120 2457 aiot
1150 2405 1214 2457 Geli.
1235 2408 1281 2467 44,
1306 2407 1336 2456 7:

248 2494 345 2547 moster
366 2482 546 2532 Kurrstrtr'iclr.»
577 2480 682 2531 lacobs.
718 2481 774 2531 Cic.
812 2483 857 2532 list
873 2484 935 2533 adeo
951 2483 978 2531 iri
992 2483 1082 2531 44444444
1097 2494 1168 2532 aerae
1182 2481 1338 2542 4444444444,

249 2558 320 2607 Orat.
333 2556 378 2618 344,
398 2557 460 2607 lob:
478 2568 525 2606 eos
539 2568 663 2619 moprtwo
677 2556 777 2619 [444444-
813 2570 890 2619 quarto
907 2557 999 2607 Graeci
1015 2551 1183 2621 ὀψιμαθίαν
1199 2555 1337 2617 appelluru,

248 2644 317 2691 mre,
342 2631 364 2680 si
385 2633 437 2681 cet.
457 2658 485 2667 -
503 2630 585 2680 oerbir
602 2631 703 2681 Graeco
722 2630 777 2681 La-
812 2636 853 2693 ut,
885 2632 951 2693 quod
977 2644 1109 2693 nunquam
1135 2630 1265 2691 4444444444,
1294 2630 1340 2679 diu

249 2706 308 2755 44444
321 2704 431 2768 libera]
456 2703 582 2756 Placebat
606 2705 684 2768 igitur
708 2718 777 2756 non·
813 2705 982 2769 iquoroeert'e,
1006 2718 1062 2755 44444
1079 2706 1106 2755 iu
1121 2706 1186 2755 scire
1200 2704 1339 2765 4444444444

249 2777 327 2829 nullis
343 2780 442 2829 Horatii
459 2776 616 2841 aequalibus
628 2780 721 2831 vitiosa
735 2778 777 2830 ille
813 2780 934 2841 coeperis,
958 2779 1047 2841 mopni
1070 2779 1154 2842 socias
1170 2792 1219 2839 quo
1235 2779 1264 2827 irt
1283 2778 1339 2827 ioco

249 2852 628 2913 cousuetudoverbaGraaea‚
641 2854 776 2904 interdum
813 2866 909 2915 conque
931 2858 954 2903 ct
976 2866 1124 2915 quacunque
1146 2854 1174 2903 io
1195 2866 1224 2903 re
1245 2853 1337 2902 dicere

250 2928 332 2977 etiam
353 2928 471 2988 integros
494 2926 654 2988 versiculos,
678 2928 776 2977 Latinis
812 2928 853 2978 Ad
864 2929 1091 2978 constructionem
1102 2940 1128 2977 r.
1141 2940 1211 2977 44444
1223 2928 1270 2977 cir.
1291 2924 1336 2975 Sil.

249 2999 464 3060 immiscendi,
491 3001 537 3062 qui
554 3012 613 3051 mos
630 3001 657 3050 in
674 3002 777 3064 episto·
812 3001 868 3053 ltal.
889 3002 919 3063 3,
946 3003 1009 3053 tte:
1037 3002 1144 3053 04444444
1167 3002 1270 3061 vilieu,
1295 3000 1340 3050 sed

249 3070 283 3124 lie
303 3072 441 3123 dumtaxat
461 3071 634 3123 familiaribus
650 3072 687 3124 illi
708 3073 776 3124 tole-
813 3076 869 3127 belli
886 3089 957 3127 sorau
975 3077 1067 3127 llertes.
1094 3102 1121 3113 -·
1143 3078 1218 3139 444444
1235 3076 1337 3139 puelle]

250 3145 351 3197 modus
362 3144 516 3207 videbatur,
534 3146 584 3197 etsi
596 3148 713 3199 cundem
725 3161 775 3199 suo
814 3150 981 3202 constructio
999 3152 1134 3201 contrecta
1152 3164 1185 3200 ex
1200 3150 1256 3200 his:
1277 3162 1340 3211 «prt-

250 3220 483 3271 iuresecutuseet
498 3221 527 3270 in
542 3219 601 3271 loco
614 3221 775 3273 facetissime
812 3224 936 3275 44444444»
955 3228 997 3274 et:
1025 3225 1088 3287 aqut
1100 3224 1226 3286 porrectius,¹
1248 3224 1339 3274 «dors

251 3294 332 3345 eliam
348 3296 486 3344 Lucretius
502 3293 533 3355 4,
553 3296 618 3346 liet
634 3310 694 3361 sqq.
718 3298 772 3348 Cic.
811 3300 860 3349 itr
877 3299 950 3349 doct
965 3298 1255 3363 plantentoeoorr·
1282 3298 1336 3349 Cir.

250 3368 426 3431 deOitlc,l,
450 3369 497 3429 34,
522 3370 584 3419 tlt:
610 3383 723 3421 maone
746 3385 775 3423 eo
812 3372 894 3425 Plaut.
921 3372 1025 3425 Trucul.
1052 3375 1085 3435 Ξ,
1113 3374 1146 3436 6,
1172 3373 1222 3425 33ι
1257 3374 1338 3435 Quina

248 3443 363 3494 (44444444
372 3444 423 3509 reti,
441 3444 485 3507 qui
500 3444 714 3507 oetruertoobir,
732 3459 773 3508 oe,
811 3449 950 3499 etiomomn
974 3462 1049 3511 ruper
1073 3450 1194 3499 4444444444.
1229 3449 1336 3499 Terent.

248 3522 277 3568 ut
290 3520 408 3580 quidum,
427 3519 776 3572 &meminerimus
811 3522 923 3589 Adelph.
942 3526 971 3585 2,
991 3524 1021 3586 3,
1040 3524 1064 3573 9.
1084 3522 1179 3574 collato
1196 3523 1234 3574 ibi
1255 3523 1339 3573 Bent-

249 3592 306 3642 iure
321 3594 414 3655 optimo
429 3594 569 3644 4444444444.
595 3595 668 3645 luter
684 3594 774 3647 Lucilii
811 3598 871 3650 leio.
915 3600 1002 3649 Haase
1032 3600 1058 3649 ln
1081 3598 1184 3661 Reisigll
1201 3599 1257 3647 Lot.
1276 3596 1336 3659 Spr.

250 3664 375 3728 reliquias
398 3667 450 3717 bae
472 3681 582 3731 qnoque
605 3672 681 3719 sunt:
707 3671 770 3732 3,4
812 3686 838 3737 p.
857 3673 915 3724 473.
948 3674 1097 3737 (Diversem
1113 3674 1244 3723 rationem
1261 3684 1340 3723 secu·

251 3738 329 3801 (Gerl.
343 3740 446 3804 p.ll.l:
462 3743 516 3791 44444
527 3740 775 3796 Nol-etllcbueris
812 3750 855 3797 tus
872 3750 914 3799 cst
930 3748 1006 3799 ilenti
1022 3749 1098 3799 Ture.
1117 3748 1160 3799 IV,
1179 3761 1206 3813 p.
1225 3747 1276 3810 77.)
1307 3772 1335 3783 -

250 3818 274 3863 te
289 3814 319 3863 Si
333 3816 411 3867 atino
428 3817 544 3877 44444444,
568 3819 635 3878 puori
650 3811 773 3879 ἄτεχνον
811 3822 904 3873 atocio
920 3848 935 3859 -
948 3823 1102 3887 Pimotwott]
1124 3820 1243 3874 Bentleio
1258 3820 1338 3873 vide-

249 3886 398 3939 lsocratiron
412 3896 460 3951 est,
475 3885 505 3939 '0
518 3886 722 3963 Χληρῶδεςᾳω
737 3895 773 3945 st-
812 3898 856 3947 tur
871 3896 957 3959 idem,
976 3900 1022 3961 qui
1038 3896 1132 3948 lulium
1144 3898 1289 3948 Caesarem
1301 3894 1339 3946 la·

250 3962 304 4013 mul
313 3967 392 4013 tom
402 3978 433 4013 uc
444 3964 704 4036 oopperpamirlcc:
718 3970 776 4021 Neo
812 3971 894 4022 mosis
902 3972 1065 4023 carminibus
1076 3971 1214 4033 laceravit,
1226 3972 1338 4021 auctore

251 4050 356 4099 operm
368 4040 455 4099 perdo.
475 4039 519 4101 li,
537 4042 554 4091 t
572 4042 649 4105 (Gerl.
666 4057 692 4107 p.
706 4044 772 4109 3⁸·)²
811 4046 936 4097 Suetonio
953 4048 1030 4098 Caes.
1049 4061 1073 4098 o.
1092 4047 1139 4096 to:
1157 4046 1263 4096 Pitholai
1279 4057 1338 4093 car

251 4112 319 4162 Nem
335 4114 427 4175 paucis
444 4113 516 4177 (dicit
532 4117 570 4178 sc)
587 4118 662 4168 444444
678 4131 710 4169 oc
730 4132 775 4169 ao-
809 4120 918 4171 44444444
938 4121 1176 4172 maledicentissimis
1196 4120 1338 4169 4444444444

247 4186 371 4249 piorem
396 4201 447 4239 erte
468 4190 605 4253 probatem
624 4186 664 4243 Ἢ
685 4189 774 4245 πᾶσιν
809 4196 1020 4249 muraneum
1034 4195 1338 4247 martianinum-
