2925 4892
540 332 598 381 ma.
618 332 637 379 1.
671 331 739 381 sur.
758 332 798 381 vr.
1156 332 1217 396 til

111 503 184 539 aera
204 488 241 537 ad
265 487 382 537 Flavium
400 500 415 535 a
433 486 568 551 discipulis
585 488 668 537 relato
685 500 745 538 esse
764 487 892 550 legamus.
930 489 981 539 llas
998 492 1087 538 autem
1107 488 1217 553 quadri-

113 576 241 623 mestres
267 571 350 620 luisse
367 584 402 619 ue
428 571 454 620 iu
477 572 629 621 coniectura
650 572 761 635 quidem
787 573 901 634 positum
924 575 978 633 est,
996 598 1010 609 -
1027 572 1080 621 -si
1107 574 1215 635 quidem

112 659 254 718 integram
277 658 409 704 aestatem
428 656 462 703 ad
486 654 548 704 ldus
564 668 651 717 usque
672 654 802 705 Octobres
820 654 970 705 libertatem
987 668 1001 704 a
1018 655 1215 718 ludimagistro-

110 752 182 789 rnm
198 738 341 803 disciplina
365 738 485 789 attulisse
497 751 529 787 er
546 736 670 787 llartlaiis
684 739 875 801 epigrammate
887 738 1010 788 videmus
1021 740 1066 799 40,
1086 740 1134 789 ot:
1154 740 1217 789 ludi

112 820 1217 885 napum,paeasiniptidiaeiae.·-Alinoseaaepoameocalaalucerlc-

112 912 237 966 amasse
251 907 351 968 fervens
365 906 468 954 lelius
483 904 566 965 capitit
580 917 699 962 messam
716 904 821 954 Cirrata
836 905 1015 954 mlorridis
1025 906 1132 965 Sapolos
1144 906 1216 967 pellis

112 1017 130 1026 -
147 1015 167 1024 ·
185 990 343 1049 lta-alim
357 990 451 1048 laisla,
470 992 569 1049 wopau
582 989 803 1051 paedopopomm,
822 988 918 1038 casm
934 993 958 1037 et
973 989 1032 1038 ldae
1048 990 1175 1039 domnioni
1191 991 1217 1037 in

113 1073 287 1129 Octobres:
303 1072 402 1121 Amata
415 1072 490 1133 pueri
506 1071 527 1119 a·
542 1070 640 1131 ualent,
658 1071 826 1119 marliacum
844 1070 897 1133 (ubi
916 1072 968 1121 iam
980 1070 1114 1121 liederus:
1133 1074 1216 1122 «liam

114 1170 131 1204 a
150 1153 221 1205 lulio
232 1155 269 1204 ad
281 1154 427 1204 Octobrem
437 1166 524 1217 usque
535 1154 643 1204 scholae
655 1152 814 1215 cessabant,
833 1154 869 1204 uli
881 1157 909 1204 et
920 1153 1112 1213 Saturnalibus,
1133 1156 1217 1215 Quin-

114 1238 275 1301 quatrubus
292 1240 321 1288 et
336 1236 394 1287 aliis
411 1248 578 1301 perannum
595 1236 713 1297 tertis-l:
732 1240 815 1300 utque
833 1238 994 1299 concedam,
1022 1238 1098 1303 quod
1115 1252 1148 1288 ex
1165 1239 1217 1289 hoc

113 1321 222 1371 mem
240 1322 433 1385 epigrammate
451 1319 536 1383 colligi
560 1318 637 1377 licet,
663 1318 804 1369 nonnullos
822 1323 974 1385 magistras,
1001 1321 1120 1373 urbanos
1136 1334 1217 1387 prae·

114 1406 230 1464 sertim,
258 1403 325 1453 lucri
351 1405 465 1455 lactendi
486 1416 568 1455 causa
583 1414 684 1466 pueros
701 1404 782 1453 etiam
800 1406 901 1454 aestivo
919 1408 1040 1468 tempore
1058 1405 1091 1455 ad
1109 1404 1217 1455 disoen-

114 1487 189 1535 dum
212 1484 286 1549 apud
314 1498 343 1534 se
367 1485 475 1547 adigere
496 1486 645 1544 studuisse,
671 1486 723 1535 hoc
749 1489 838 1537 umen
863 1490 1092 1549 praetermorem
1119 1488 1216 1537 lactum

113 1582 184 1618 esse
204 1567 251 1617 vel
272 1567 335 1617 ideo
358 1568 487 1631 suspicari
510 1580 667 1633 mamus,
695 1571 756 1632 quia
775 1570 899 1621 Martialis
917 1573 1019 1621 cenam
1035 1572 1125 1619 iduum
1142 1574 1217 1620 iicto-

113 1655 206 1701 bain
222 1652 298 1702 diem
314 1655 460 1709 memorat,
488 1653 514 1701 in
532 1664 585 1714 qua
602 1650 708 1701 scholas
732 1652 860 1702 hibernas
886 1654 989 1703 initium
1015 1652 1141 1703 habuisse
1158 1656 1216 1703 veri

113 1735 208 1785 §mile
219 1737 270 1793 sit3
289 1735 401 1785 easdem
412 1747 477 1784 sero
494 1734 585 1785 idibus
603 1734 683 1785 luniis
700 1735 788 1785 linitas
801 1748 877 1796 esse,
896 1748 1059 1800 quamquam
1075 1735 1217 1786 naucleris

113 1817 214 1868 verbis
231 1821 313 1882 poeta
330 1818 406 1875 dicit.
425 1820 515 1867 tamen
533 1816 609 1867 lacile
627 1818 688 1868 iude
706 1820 842 1883 sequitur,
869 1818 942 1881 qirod
961 1818 1014 1869 ism
1031 1818 1123 1868 lolium
1140 1832 1218 1869 meu-

113 1914 181 1951 sem
204 1900 429 1950 scholasticorum
452 1913 567 1950 numero
590 1900 690 1950 eximit.
708 1926 723 1937 -
739 1902 813 1951 -Sic
838 1903 927 1951 omnia
951 1904 1025 1953 recte
1048 1902 1216 1966 procedunt:

113 1990 225 2033 actam
241 1984 302 2031 ldae
317 1985 380 2033 sunt
396 1996 491 2033 eorum
509 1984 658 2043 meusium,
683 1984 729 2045 qui
750 1984 859 2047 singulis
876 1986 951 2035 aunis
969 1984 1067 2036 scholis
1085 1984 1217 2036 habendis

114 2066 341 2126 destinabantur,
360 2066 401 2115 luis
417 2069 510 2115 autem
526 2064 644 2128 singulos
661 2078 751 2127 asses,
775 2069 865 2117 notam
882 2070 963 2119 etiam
980 2068 1085 2119 aliunde
1103 2068 1216 2119 didactri

114 2162 260 2201 summm
278 2148 403 2210 (luvenal.
418 2150 464 2209 lll,
482 2149 549 2198 tlt:
568 2150 685 2211 Qaism
695 2150 776 2200 adine
792 2164 843 2199 uno
857 2156 962 2213 partam
978 2152 1036 2201 colit
1053 2165 1108 2201 assa
1124 2153 1219 2202 Miner·

114 2233 212 2296 eam),
232 2230 338 2283 l'lavius
355 2245 371 2280 a
389 2229 524 2295 discipulis
536 2232 593 2281 suis
610 2244 659 2296 pro
675 2233 802 2284 mercede
814 2236 911 2298 accipit
922 2237 991 2284 cel.»
1006 2262 1033 2270 -
1048 2236 1116 2285 Cum
1128 2236 1217 2298 priore

116 2319 173 2367 hec
197 2316 345 2366 llermanni
364 2316 435 2365 Cura
457 2312 621 2365 conterende
644 2318 686 2365 cst
708 2314 790 2367 altera
812 2318 869 2367 sive
892 2319 1059 2380 Responsum
1077 2318 1111 2367 ad
1128 2317 1219 2368 Obba·

116 2403 193 2450 rium
218 2400 335 2448 missum
361 2399 388 2447 in
408 2399 615 2447 Zimmermauui
638 2398 774 2461 Zeilsclsill
791 2398 863 2449 ⁴842.
883 2413 909 2463 p.
928 2400 1051 2450 sal-252.
1087 2400 1218 2464 Equidem

118 2487 146 2533 in
171 2484 280 2545 primae
301 2480 350 2530 Ed.
370 2480 536 2530 praelatione
556 2493 583 2544 p.
602 2482 668 2530 vill.
691 2482 759 2531 haec
780 2483 956 2545 scripseram:
985 2484 1056 2533 «Hac
1079 2486 1168 2533 tamen
1192 2484 1218 2533 iu

117 2567 265 2630 opinione,
283 2566 420 2613 octossem
437 2562 577 2613 dumtaxat
592 2562 737 2626 discipulos
753 2565 895 2625 quotannis
912 2564 1074 2627 pependisse
1092 2564 1146 2614 ludi
1164 2578 1220 2615 naa·

118 2652 219 2714 gisna,
247 2660 294 2697 me
316 2648 509 2697 assentientem
531 2660 585 2698 uon
608 2646 690 2697 habet
715 2648 894 2695 Hermanuus.
930 2648 1011 2705 Nam,
1038 2648 1067 2695 ut
1092 2648 1219 2709 magister

119 2732 218 2796 aliquis
235 2729 280 2779 sel
298 2731 408 2780 centum
424 2729 570 2793 discipulos
587 2730 738 2789 habuisset,
758 2728 855 2779 DCCC.
875 2727 991 2789 assibus,
1011 2728 1038 2777 id
1055 2729 1110 2787 est,
1130 2742 1163 2778 ue
1175 2742 1220 2779 se-

119 2816 216 2867 stertio
238 2813 351 2877 quidem
368 2812 486 2875 singulos
502 2827 551 2877 per
567 2813 639 2875 dies,
658 2814 739 2863 vitam
758 2813 908 2862 sustentare
924 2824 977 2861 noa
994 2810 1137 2873 potuisset:
1158 2824 1220 2861 cum

120 2898 185 2948 inde
202 2911 220 2946 a
237 2897 363 2947 Caesena
382 2898 505 2960 ternpore
521 2896 564 2946 vel
586 2898 722 2960 gregarius
740 2894 816 2946 miles
834 2896 865 2945 li.
884 2907 959 2947 asses
976 2906 1085 2955 aereos,
1112 2896 1220 2957 praeto-

121 2982 214 3031 rianus
241 2978 363 3042 singulos
385 2979 510 3029 denarios
529 2980 602 3041 (xvi.
621 2980 723 3040 aereos)
744 2977 860 3042 quotidie
884 2980 1009 3027 mereret.
1042 2978 1130 3040 (Tacit.
1150 2981 1217 3027 Aua.

124 3067 149 3123 4,
169 3064 221 3124 li.)
256 3063 348 3124 ltaque
365 3075 428 3111 uero
444 3066 499 3112 cet.
517 3064 552 3111 itu
570 3061 775 3126 explicaverim:
797 3062 923 3124 asemper
941 3059 1031 3110 Idibus
1049 3059 1219 3120 Octobribus,

124 3160 192 3208 quae
210 3150 321 3195 octonae
338 3146 401 3194 sunt
416 3146 492 3204 anni,
511 3157 593 3207 quem
609 3158 659 3195 nos
676 3146 806 3203 dicimus,
824 3144 974 3195 scholastici
992 3146 1018 3193 et
1035 3143 1106 3206 apud
1123 3144 1221 3193 Rorna-

125 3242 172 3278 nos
189 3232 218 3278 et
235 3227 310 3291 apud
334 3227 432 3276 horum
449 3230 603 3290 temporum
619 3225 712 3288 italos,
740 3228 816 3290 pueri
834 3228 966 3289 magistris
984 3226 1096 3276 didactri
1112 3226 1220 3275 nomine

125 3311 270 3361 solvebant
285 3322 340 3358 nou
358 3308 476 3371 singulos
494 3322 585 3369 asses,
603 3310 654 3361 sed
671 3323 732 3360 eam
749 3308 791 3360 vel
814 3311 945 3359 maiorem
962 3308 1004 3359 vel
1021 3310 1154 3358 minorem
1171 3320 1221 3370 pe-

127 3396 219 3444 cuniae
237 3404 391 3453 summam,
416 3393 450 3442 de
469 3405 521 3455 qua
539 3393 609 3442 iuter
626 3393 676 3443 hos
693 3394 721 3442 et
738 3390 842 3443 illorum
859 3394 985 3455 parentes
1003 3392 1137 3440 tutoresve
1155 3402 1221 3455 cun-

128 3481 253 3538 venerat,
272 3478 419 3538 numquam
438 3477 572 3537 magistris
584 3475 778 3526 traderentur.»
797 3476 934 3524 Summam
946 3486 1012 3523 vero
1024 3472 1088 3521 salis
1101 3472 1221 3537 exiguam

129 3559 206 3611 lu'sse
223 3559 371 3622 significari
392 3572 443 3622 per
465 3571 524 3608 voc.
543 3572 607 3609 aera
624 3561 651 3608 et
673 3559 717 3609 hic
735 3561 762 3608 et
779 3557 850 3622 apud
876 3559 965 3607 iuven.
985 3555 1016 3617 7,
1039 3556 1097 3605 til.
1116 3558 1144 3605 ct
1162 3556 1221 3619 ipse

129 3642 299 3694 llermannus
315 3642 343 3690 in
359 3640 444 3692 altera
462 3654 511 3692 sua
528 3643 599 3693 Cura
617 3642 741 3693 concedit
758 3644 785 3690 el
808 3654 857 3703 ego
882 3642 917 3690 lta
940 3639 1021 3690 luisse
1040 3652 1110 3688 reor.
1146 3638 1222 3700 Quod

130 3728 217 3776 autem
241 3724 395 3789 repugnare
418 3724 524 3774 videtur
549 3723 624 3776 locus
646 3723 774 3775 llacrobli
801 3724 906 3773 Satura.
926 3724 954 3785 4,
975 3724 1014 3773 42.
1033 3735 1060 3786 p.
1079 3722 1142 3773 tls:
1171 3724 1223 3773 lloc

131 3822 207 3859 mae
224 3809 336 3872 (Martio)
353 3809 493 3859 mercem
509 3808 668 3857 moselant
683 3807 825 3871 magistris,
845 3820 921 3868 quom
938 3806 1072 3867 omoplatas
1087 3818 1169 3855 onnus
1183 3807 1224 3855 de-

132 3892 180 3941 len·
194 3892 268 3956 (ecit,
285 3890 331 3941 vel
347 3902 408 3940 mos
426 3893 484 3940 erat
500 3892 600 3942 Romae
617 3896 757 3955 receptus,
777 3902 830 3940 nou
847 3890 873 3939 in
892 3890 1054 3953 municipiis,
1077 3902 1130 3940 nou
1149 3890 1222 3939 certe

132 3974 277 4033 Venusiae,
296 3972 341 4023 vel
358 3986 436 4023 error
453 3975 480 4022 et
497 3987 531 4023 ex
547 3972 682 4024 Minervali
700 3974 787 4031 adua,
815 3972 849 4021 de
867 3985 921 4035 quo
938 3984 992 4021 non
1011 3974 1065 4021 tam
1083 3967 1223 4040 ὄιδάκτρῳ

134 4068 212 4118 quam
229 4057 342 4119 exigua,
359 4058 390 4106 ut
404 4056 526 4116 ridetur,
545 4058 624 4106 unius
640 4056 708 4106 assis
725 4056 794 4118 stipe
807 4068 821 4104 a
834 4053 969 4117 discipulis
983 4056 1115 4117 magistris
1127 4052 1222 4112 soluta,

136 4150 165 4186 ex
181 4151 235 4201 qua
246 4138 275 4186 hi
286 4138 422 4188 Minervae
434 4137 535 4187 donum
553 4137 691 4198 offerrent,
710 4136 896 4199 intelligendus
913 4136 1018 4187 videtur
1036 4134 1166 4187 luvenalis
1184 4133 1224 4183 lo-
