2925 4892
539 334 597 385 ΗΒ.
617 336 636 385 t.
672 336 741 387 sir.
762 337 781 385 1.

154 492 232 557 Tam
254 487 383 556 facilem
405 488 507 566 dicat,
531 491 612 557 votis
634 500 670 557 ut
692 488 850 577 praebeat
871 494 1008 560 aurem?

154 614 331 679 Praeterea
353 660 361 675 .
385 662 391 675 .
417 660 424 674 .
448 611 577 687 Nesis,
603 612 714 698 utqui
738 610 908 690 iocularia,
931 614 1042 683 ridens

155 735 366 811 Percurram3
389 768 432 781 -
453 752 652 819 quamquam
673 732 834 801 ridentem
858 733 970 802 dicere
992 757 1106 803 verum

155 854 242 934 Quid
265 852 373 920 vetat?
394 861 430 918 ut
450 852 562 940 pueris
584 852 661 919 oiim
681 853 760 921 dant
780 853 927 923 crustula
948 852 1059 923 blaudi
1163 860 1205 923 25

156 976 332 1051 Doctores,
356 973 515 1042 elementa
536 973 636 1041 velint
659 984 692 1041 ut
715 974 844 1043 discere
866 978 986 1063 prima3
1008 1014 1051 1027 -

155 1094 222 1163 Sed
244 1106 352 1163 tamen
375 1104 483 1161 amoto
505 1114 701 1183 quaeramus
724 1096 811 1162 seria
831 1096 920 1163 ludo.

177 1312 219 1363 23.
249 1312 395 1373 nouem,
415 1313 445 1361 ut
460 1308 568 1361 volebat
583 1312 753 1373 Bouhierius,
772 1311 826 1363 duo
843 1312 928 1364 Codd.
946 1313 1060 1366 idndob.
1080 1343 1107 1353 —
1126 1330 1171 1367 soe

145 1388 181 1437 sic
197 1386 339 1437 rotueiius
357 1399 372 1435 e
389 1386 508 1449 quinque
525 1398 635 1437 suorum
653 1386 737 1437 codd.
753 1416 780 1425 -
799 1389 840 1439 44.
859 1390 1022 1453 4444441444)
1040 1391 1069 1441 n.

115 1580 209 1631 modus
238 1582 414 1631 Luorstisnus
447 1578 640 1631 continuandae
678 1580 821 1633 discendam
842 1584 965 1647 4414441144
980 1586 1068 1648 pruttu
1083 1586 1204 1637 sim

114 1656 224 1706 orationi
242 1654 403 1705 inserviens.
422 1654 451 1703 in
463 1652 588 1705 omnibus
599 1654 640 1705 his
677 1656 755 1705 414444
770 1657 914 1707 tittsroium
928 1658 1063 1721 sodomis
1073 1660 1204 1724 tome

114 1732 299 1795 quotidianum
306 1742 460 1780 sermonem
470 1730 641 1793 4344314144-
677 1730 747 1792 1444
760 1731 800 1781 ost
815 1731 910 1793 siquid
919 1732 1005 1793 atiud,
1023 1746 1073 1793 piso
1081 1735 1164 1798 mpii
1175 1736 1205 1785 it·

114 1807 194 1864 tatur,
212 1804 266 1854 hoc
283 1803 390 1854 dicens:
412 1802 495 1863 used,
513 1803 563 1852 etsi
581 1815 642 1866 por-
677 1804 909 1869 idumaeum,
921 1806 1126 1867 14444141441441,
1139 1810 1206 1869 quod

113 1893 174 1943 gere
196 1880 225 1929 in
249 1878 349 1928 eodem
371 1878 529 1939 argumento
552 1876 638 1937 iuvat,
677 1883 803 1941 tractore,
828 1880 933 1941 intueri,
958 1881 1091 1931 nouum
1112 1882 1204 1933 44444·

113 1956 164 2003 ism
174 1954 248 2003 sario
259 1950 365 2015 loquar,
383 1964 417 2001 ue
429 1952 520 2001 cetera
531 1962 640 2013 quoque
677 1953 738 2002 4444
747 1954 787 2002 stt.
807 1954 987 2018 Hieronymus
997 1954 1078 2019 Epist.
1087 1954 1123 2005 ad
1135 1958 1205 2007 Gau·

113 2028 200 2080 n'dcns
211 2038 374 2092 percurram
385 2022 560 2089 (iocabundus
574 2024 641 2077 lavi-
677 2027 798 2079 dentium
826 2028 862 2080 do
892 2028 1032 2081 mormius
1056 2030 1202 2083 iniautuiuc

113 2108 152 2153 tcr
172 2100 367 2167 pertractem),
393 2105 422 2149 ut
447 2100 491 2162 pisi
515 2100 641 2149 1444414414
677 2102 1203 2169 educatione:istsrtni(i³scatuta)modo

112 2178 257 2241 pereundi.
282 2174 311 2225 id
328 2176 383 2234 est,
402 2176 432 2223 ut
447 2172 534 2225 solent
550 2174 640 2225 44414-
675 2180 819 2229 maranen
832 2179 954 2231 mm
969 2184 1116 2243 mus,
1141 2181 1202 2231 444.

112 2252 162 2317 logi
178 2264 273 2302 corum
292 2247 363 2313 voigi
378 2246 485 2299 circulis
502 2248 527 2298 in
545 2246 639 2311 plateis
675 2258 719 2315 pot
736 2253 857 2315 44114444,
883 2254 964 2303 Μ
980 2254 1097 2315 modos,
1121 2254 1202 2305 norbo

113 2340 193 2389 ungas
216 2337 283 2375 suas
305 2322 424 2387 proisrrc
445 2320 489 2371 vei
511 2320 591 2371 etiam
611 2322 639 2371 in
676 2329 809 2390 cmm,
827 2332 904 2389 atquo
919 2332 948 2377 us
962 2340 1021 2378 vocs
1036 2328 1137 2378 4444444
1151 2328 1202 2379 tara

111 2400 237 2453 Atellanis
254 2398 342 2449 rnuoci
358 2400 386 2448 et
401 2396 564 2447 baccones.»
590 2392 639 2447 Alii
675 2404 816 2463 4444444444,
824 2406 1002 2465 pronunciatio
1013 2402 1199 2463 dorostolo,

112 2472 521 2538 minussppositeoonstruunt:
541 2470 639 2531 «44441
675 2478 759 2527 mun
778 2477 909 2539 mmm,
937 2482 961 2527 οι
985 2477 1103 2539 quiem
1126 2483 1202 2540 μω

111 2546 511 2610 desudandmpcrmrrit.»
674 2556 815 2611 muscast,
842 2551 1199 2615 miodusmotiottoritss,

140 2626 233 2676 w.
259 2622 322 2673 otini
337 2621 406 2684 dunt]
427 2618 529 2671 -sotent
545 2620 637 2683 dare»,
675 2628 743 2687 quod
757 2626 1007 2689 nstituttnpsmis,
1024 2626 1202 2687 4444414441·

112 2700 246 2763 irsqucnti
267 2710 319 2749 usu
340 2708 366 2745 v.
385 2696 445 2745 41144
465 2696 492 2745 iu
509 2694 638 2759 exemplis
674 2707 718 2751 tor
734 2702 763 2750 44
780 2701 870 2762 pispir,
894 2705 1032 2761 deceptura
1046 2698 1150 2761 restincti
1170 2726 1199 2737 -

111 2778 138 2825 et
162 2769 392 2825 similitudinibus.
435 2769 483 2819 0d.
501 2767 530 2829 4,
556 2768 584 2830 4,
610 2771 636 2819 o,
675 2774 732 2838 Sed]
750 2774 807 2824 Hac
823 2771 961 2837 particula,
980 2775 1010 2821 ut
1025 2770 1126 2833 soient,
1144 2786 1201 2823 πα-

112 2849 200 2913 lippi
216 2848 283 2907 ,10,
303 2845 349 2898 ts:
367 2846 504 2895 4144144444
514 2845 636 2895 otimcet.
674 2848 807 2920 ρένθεσιν
826 2846 955 2899 claudens
975 2846 1117 2896 transitum
1140 2846 1203 2898 iacit

112 2922 293 2973 pientinus.
313 2922 340 2980 1,
362 2920 392 2981 1,
415 2918 459 2971 ta:
483 2920 551 2969 Nom
571 2932 639 2969 uuor
675 2923 709 2973 ad
734 2924 909 2989 praecipuum
934 2934 1014 2973 suum
1040 2919 1198 2982 consitium,

112 2998 210 3048 1444444
226 3022 242 3033 -
258 3021 275 3032 -
287 2994 346 3057 ptis
361 2994 472 3056 4411414,
491 2994 639 3055 quamcito
675 2998 747 3062 quod
769 2998 822 3047 noo
844 2998 899 3048 est:
929 2994 1050 3056 «Quodsi
1072 2995 1200 3048 ridiculas

111 3074 289 3131 maioni,
315 3082 374 3119 eum
396 3070 492 3119 4414144
514 3070 636 3121 mucium.
675 3073 813 3125 dumtaxat
823 3073 887 3123 suut
895 3082 981 3121 vanas
993 3068 1053 3121 ittae
1065 3072 1200 3133 querim-

111 3148 152 3197 Sic
177 3148 261 3197 etiam
286 3145 414 3207 quondm
442 3146 586 3207 usurpatur
610 3144 637 3196 in
675 3149 734 3199 niae
756 3145 882 3205 miiitum,
909 3146 1051 3196 nautarum
1071 3146 1135 3207 cet..
1153 3147 1200 3209 qui

111 3218 368 3285 comparationibus.
402 3218 478 3269 Ouid.
490 3220 597 3270 iietsm.
611 3218 636 3281 8,
675 3226 766 3273 tamen
782 3220 967 3272 condicionem
983 3231 1070 3279 suum,
1093 3218 1129 3270 dc
1146 3232 1199 3283 qua

113 3294 639 3355 tuusomsucopuoodmirututodu-
675 3299 814 3361 tantopere
838 3294 1032 3352 lamentantur,
1061 3306 1124 3345 cum
1149 3293 1200 3343 4144

109 3370 215 3431 paiens
234 3369 362 3431 pnntnts'm
377 3370 459 3432 serpit
475 3368 569 3419 444444.
596 3368 635 3419 Cf.
674 3372 829 3436 permutare
840 3381 978 3432 uunquam
989 3369 1109 3419 animum
1120 3367 1200 3417 indu·

113 3447 191 3495 dach.
205 3444 241 3495 sd
259 3444 366 3494 itatem.
385 3444 414 3504 9,
434 3444 490 3493 1411.
508 3444 640 3495 -Docto-
674 3446 751 3504 cunt,
772 3442 850 3506 ionga
867 3444 953 3493 maior
969 3442 1051 3491 etiam
1067 3442 1094 3489 in
1111 3440 1199 3491 homi·

112 3519 159 3584 res]
176 3518 419 3590 «γραμματισταί,
437 3518 483 3581 qui
495 3518 584 3580 pruno
594 3516 639 3569 lit-
675 3518 755 3571 uibus
771 3518 829 3570 istis
845 3516 1010 3581 perversitas
1026 3514 1095 3563 haec
1111 3515 1201 3565 cerni-

112 3598 230 3645 tcrsrum
263 3593 384 3643 daumio
413 3593 557 3655 (στοιχεῖα
589 3594 639 3645 καὶ
675 3594 755 3656 nitur,
774 3592 846 3656 quod
863 3589 942 3643 simui
957 3586 1127 3652 βαναύσους
1138 3588 1198 3650 hos,

111 3666 280 3740 γράμματα)
288 3679 389 3732 pueros
400 3668 506 3728 docent,
515 3668 638 3729 omstutu,
675 3668 741 3719 dum
752 3667 802 3719 sibi
814 3667 965 3729 ceterisque
978 3664 1144 3729 persuadere
1155 3678 1202 3715 co-

113 3739 318 3808 1μὼτώματα,
335 3742 431 3792 44411414
446 3741 639 3807 (1414414444-
676 3746 780 3804 canuit,
799 3740 863 3793 nihil
877 3738 950 3791 aliud
965 3739 1017 3792 sibi
1032 3740 1200 3804 propositum

112 3818 164 3869 ieio
181 3820 243 3871 iiet.
263 3818 293 3878 1,
318 3818 371 3875 it,
389 3814 513 3875 bellaria,
539 3816 639 3867 84144-
675 3831 746 3877 esse,
758 3815 1200 3869 uisiutsenestsctihoncstootio

113 3895 197 3943 trod
212 3892 303 3955 Woii.)
321 3891 454 3942 interdum
472 3891 503 3941 iis
518 3890 591 3953 dant,
610 3896 640 3944 ut
674 3892 776 3956 perfrui
786 3891 898 3955 possint,
916 3903 1013 3954 reapse
1025 3890 1199 3940 1444441444-

113 3966 238 4018 idsentius
264 3966 393 4017 discant·
428 3968 466 4016 De
491 3968 532 4016 his
557 3969 638 4029 atqua
676 3965 772 4019 tiabitis
795 3965 862 4016 tucri
882 3965 1014 4029 cupiditas
1031 3966 1199 4015 transversos

115 4042 243 4093 similibus
267 4042 445 4093 incitamentis
467 4042 536 4092 coni.
556 4044 638 4103 Quin·
675 4043 728 4105 agit
745 4043 869 4103 eiusque
880 4040 915 4089 ad
929 4040 1201 4103 ipsammortemos·

116 4115 197 4174 1414,
217 4119 246 4177 4,
265 4116 312 4167 26:
338 4118 396 4167 Non
415 4117 520 4167 suetudo
536 4122 637 4179 441414,
675 4117 802 4167 eruent.»
835 4116 886 4166 Pro
897 4112 1007 4178 spodosi
1019 4114 1110 4163 autem
1120 4124 1200 4176 prac-

118 4192 143 4238 id
166 4194 230 4254 qood
254 4196 290 4241 est
315 4196 413 4253 notiori,
438 4192 579 4243 irritandus
605 4193 639 4242 ud
675 4188 1202 4252 uertentiumocomquom··piimoquo·
