2925 4892
542 357 603 407 nus
622 356 769 407 444444.
1140 352 1202 417 729

155 510 254 578 444444
275 511 381 579 ierunt
402 511 477 576 anni
500 510 668 577 venientes
688 510 860 577 commoda
882 531 1010 589 seoum;
1139 508 1201 573 474

155 631 253 697 444444
278 630 469 697 resedentes
491 630 645 697 adimunt.
687 633 734 697 Ne
760 630 842 697 rorte
864 630 982 699 seniles

156 750 348 818 4444444444
370 752 477 817 inveni
499 760 609 837 partes
631 770 801 839 pueroque
822 750 947 831 viriles,

156 872 295 959 Semper
317 871 349 935 iu
370 870 529 939 adiunctis
550 890 699 958 aevoque
719 870 919 942 morabimur
940 874 1032 959 aptis.

156 993 345 1079 integitur
367 1012 422 1059 res
443 992 476 1057 in
498 992 605 1059 444444
631 1002 688 1057 aut
708 1002 779 1058 acta
800 992 946 1059 refertur.

155 1113 296 1199 Segnius
318 1113 443 1179 irritant
463 1112 589 1178 animos
609 1110 753 1179 demisse
773 1132 834 1199 per
854 1132 979 1189 aurem,
1137 1112 1200 1180 480

144 1297 225 1341 aetas.
247 1318 273 1327 -
294 1290 349 1340 444.
368 1303 456 1340 mor
471 1290 657 1353 4444444444444
672 1290 734 1340 LCt.
755 1317 782 1326 -
802 1290 858 1339 446.
877 1289 972 1354 4444444]
988 1290 1072 1340 4444444
1088 1292 1117 1341 44.
1138 1318 1165 1327 -·

147 1366 205 1415 448.
222 1365 364 1414 morabar
385 1365 444 1428 BTp
462 1362 558 1427 aliique
582 1362 666 1414 Codd.
685 1362 758 1412 baud
775 1364 854 1427 pauoi
871 1364 898 1413 et
915 1364 1018 1414 Comm.
1038 1364 1118 1427 Cruq.
1139 1391 1165 1400 -

144 1440 201 1501 opti
216 1440 246 1488 44.
267 1465 294 1476 -
313 1437 377 1488 4444
394 1451 410 1488 4
426 1450 452 1486 ν.
467 1437 523 1487 449.
545 1436 636 1500 4444444
652 1436 719 1487 cod.
731 1436 874 1487 Beruensis
891 1436 918 1487 d.
939 1464 966 1474 -
986 1437 1042 1488 484.
1061 1438 1167 1489 44444444

144 1513 176 1561 Β.
195 1536 225 1547 -
244 1511 346 1560 44444444
361 1512 392 1573 Τ,
406 1512 434 1561 L.
455 1534 482 1546 -
502 1523 578 1561 444-44
593 1509 678 1560 codd.
692 1508 754 1573 aliq.
774 1510 835 1573 (non
851 1510 954 1572 nostri.)

146 1670 269 1719 444-478.
281 1668 532 1730 4444444444444104.
543 1667 635 1718 4404.
676 1670 829 1734 inpropriis»)
844 1672 871 1721 et
887 1672 954 1733 44444
970 1672 1134 1735 pertinet-
1147 1684 1200 1722 mo·

111 1745 140 1805 2,
158 1744 190 1803 4,
209 1741 253 1793 44;
280 1743 333 1803 4444,
359 1742 637 1804 4444444444444444,
673 1742 799 1806 radimur]
817 1744 866 1803 Qui
887 1743 1200 1809 praetuleruntmorubi-

110 1820 226 1879 ,4444444
240 1830 328 1866 aanor.
346 1816 426 1880 Sopb.
439 1816 561 1866 Trachin.
574 1814 636 1865 oti:
674 1820 730 1876 444,
748 1816 908 1881 supplebant
925 1819 1044 1881 «potitae.

107 1887 181 1962 ‘Opoi
197 1886 253 1962 γὰρ
268 1881 346 1955 ἥβην
361 1886 416 1954 τὴν
425 1888 481 1955 μὲν
491 1880 638 1960 44444444
708 1890 756 1939 vv.
774 1890 902 1941 449-444.
922 1893 956 1942 444
974 1894 1121 1944 cohaerent
1137 1906 1200 1945 oum

111 1962 230 2037 πρόσω,
248 1961 307 2029 Τὴν
319 1962 536 2026 444494444444.
556 1962 639 2014 «Anni
674 1962 824 2027 prioribus:
842 1966 1023 2029 «Nequevero
1035 1966 1132 2017 suifloit
1143 1980 1200 2017 mo-

111 2042 207 2091 autem
222 2039 307 2089 444444
328 2038 454 2089 dicuntur
470 2038 505 2088 44
521 2037 639 2102 quadra·
674 2049 719 2087 res
736 2049 769 2087 no
785 2050 940 2090 sermonem
956 2039 1123 2091 diversarum
1138 2054 1200 2091 oon·

110 2114 246 2177 gesimum
257 2116 460 2177 sextumusque
472 2124 581 2171 aunum,
596 2112 639 2160 iu·
674 2110 810 2161 dioiouum
836 2114 862 2162 et
885 2114 1003 2163 aetatum
1022 2112 1197 2173 ο4444444444ς

110 2188 147 2238 44
165 2186 237 2236 odiro
250 2185 460 2237 iamaocedeute
471 2187 637 2237 senectute.»
675 2185 740 2248 quid
762 2198 861 2235 scenae
885 2188 1024 2249 praeterea
1045 2190 1197 2249 conveniat,

111 2261 287 2316 cosscnuo.
300 2259 558 2320 -iiaitmimreiti
571 2259 636 2321 Epp.
674 2258 760 2323 probe
777 2260 969 2311 attendendum
987 2264 1041 2323 est,
1062 2274 1096 2313 ue
1113 2262 1199 2313 oden-

109 2336 137 2396 4,
149 2335 233 2393 md:
252 2334 359 2397 8444444
374 2335 404 2383 de
414 2333 484 2383 44444
494 2333 640 2393 44444444-
675 2333 772 2384 dantur
782 2332 851 2385 oouii
863 2334 1023 2387 iecinoribus
1037 2337 1116 2387 nimis
1127 2338 1199 2387 atro-

111 2410 210 2459 444444
217 2406 639 2467 4444444.-4444444444]8448444-
676 2408 766 2467 nibus.
794 2420 863 2458 neve
883 2408 1010 2459 miraculo
1031 2422 1141 2474 prorsus
1158 2412 1200 2461 iu-

111 2479 222 2545 cogaib':
240 2494 277 2530 44
285 2482 382 2531 borram
394 2494 439 2530 444·
448 2494 494 2530 444
503 2484 599 2530 resur.
609 2506 637 2515 -
676 2479 796 2531 credibili
807 2480 891 2533 oculis
902 2484 1038 2545 proposito
1048 2483 1200 2548 4444444-

109 2556 311 2618 dissonaret]
335 2556 386 2606 «444
401 2568 436 2605 44
453 2556 638 2618 pervertamus
676 2550 761 2605 44444
779 2559 806 2605 44
821 2551 914 2621 γόητα
934 2558 1022 2619 potius
1039 2570 1120 2620 quam
1137 2562 1200 2621 pob-

110 2632 233 2681 aetetum
249 2625 450 2699 χαρακτῆρας,
468 2626 587 2678 studiose
604 2626 639 2676 44
675 2631 731 2679 tem
748 2628 839 2679 videre
857 2630 937 2692 atque
954 2629 1046 2680 audire
1064 2629 1141 2680 uobis
1157 2631 1199 2679 vi-

111 2707 239 2755 44444444
255 2703 341 2766 ipsam
360 2715 408 2753 eos
424 2700 638 2752 describemus.»
676 2703 803 2759 deamur;
830 2716 883 2752 neu
910 2702 1020 2752 nimium
1040 2702 1131 2753 brevis
1153 2705 1200 2753 aut

112 2776 231 2840 (Gonod:
245 2790 314 2837 pour
328 2790 361 2827 44
372 2775 638 2838 444444444444444
676 2775 754 2839 ionga
770 2776 804 2825 444
820 2774 908 2825 inbuta
925 2777 995 2839 4444,
1014 2790 1066 2827 444
1084 2776 1152 2827 deus
1166 2790 1199 2828 ex

104 2855 187 2915 44444
210 2850 306 2901 boum
321 2864 352 2900 44
366 2850 483 2899 4444444444
498 2848 563 2909 444.)
590 2846 639 2899 niu
676 2849 798 2901 machine
811 2850 869 2900 4444
878 2850 1035 2900 necessitate
1047 2849 1198 2913 induentur,

111 2942 156 2977 vv.
170 2925 437 2987 Nesorts--oiriteri
455 2937 504 2989 pro
522 2925 639 2987 impera·
676 2936 744 2975 4444
754 2922 889 2973 inutilibus
898 2925 1008 2986 quartae
1018 2922 1128 2974 alieuius
1136 2936 1200 2989 per-

110 3002 168 3051 tivo
185 2998 300 3058 habent,
318 2999 362 3049 oui
378 2998 572 3061 subiungantur
582 3010 637 3047 vn:
676 3010 758 3049 44444
770 2996 939 3049 sermonibus
951 3000 1131 3061 spectatorum
1141 2999 1200 3049 ani-

111 3074 225 3139 ·potius
248 3085 344 3135 4444444
366 3071 542 3122 moraberis»
568 3073 638 3131 oet.;
676 3085 737 3123 mus
754 3070 917 3123 distrahatur
932 3084 965 3123 44
980 3072 1159 3136 refrigescet.»

110 3160 185 3214 quae
210 3146 322 3210 quidem
345 3159 419 3197 mera
441 3148 521 3209 atque
542 3144 639 3195 inutilis
709 3145 829 3197 449-484.
848 3147 1200 3211 444444444444444144444-

110 3222 237 3287 rapetitio
262 3222 336 3271 esset
359 3219 497 3283 praesepti
520 3232 562 3269 vv.
580 3219 637 3269 4444.
676 3218 777 3285 goediis
793 3220 909 3281 Graecis,
923 3233 991 3284 quae
1004 3224 1078 3271 extra
1089 3234 1199 3273 scenam

112 3298 172 3347 457.
182 3294 320 3359 propositi.
339 3296 479 3343 Praeterea
488 3295 579 3343 certae
590 3292 640 3341 bn·
676 3296 816 3357 genantur,
833 3295 863 3342 ut
878 3294 1024 3355 Antigonae
1041 3295 1200 3346 Haemonis-

110 3368 230 3421 iusmodi
244 3367 352 3431 regulae
363 3369 452 3419 minus
463 3370 525 3431 apte
536 3368 640 3418 insere·
676 3380 730 3430 que
747 3369 861 3419 mortem
878 3366 951 3429 apud
965 3365 1134 3429 Sophoclem,
1152 3380 1200 3431 pu-

111 3447 189 3495 retur
199 3457 226 3493 v.
237 3444 314 3505 sorte,
333 3442 404 3505 quod
417 3444 509 3492 eontra
522 3443 597 3491 reete
607 3454 639 3491 44
676 3453 743 3504 gnae
761 3441 861 3489 exitum
878 3440 904 3489 44
922 3438 1052 3503 Euripidis
1069 3438 1200 3503 Supplici-

110 3516 199 3569 bubet
214 3517 242 3566 in
259 3516 423 3567 dubitatione
434 3514 486 3565 iila.
505 3516 594 3565 carm.
613 3513 638 3576 4,
675 3514 741 3575 bns,
759 3506 894 3579 ἅγγελος,
916 3526 985 3577 quae
1002 3526 1072 3577 pone
1089 3525 1200 3564 scenam

110 3593 144 3653 9,
159 3594 171 3639 4
184 3605 190 3639 :
208 3592 247 3640 Ne
262 3592 327 3653 sorio
342 3590 430 3640 orodes
440 3590 575 3640 4444444444
586 3591 638 3640 cet.
676 3589 703 3637 in
719 3588 791 3651 regia
809 3587 943 3647 44444444,
961 3588 991 3637 ut
1004 3588 1106 3637 mortes
1117 3588 1201 3650 Eury·

113 3692 142 3701 -
152 3664 317 3729 4444444444]
329 3663 367 3714 Ci.
378 3678 403 3713 v.
415 3662 471 3714 444.
484 3686 510 3699 -
522 3663 641 3713 4444444--
676 3662 766 3722 dione,
785 3662 918 3721 locastae,
943 3660 1097 3722 Deianirae,
1115 3654 1200 3728 ἐξάγ-

109 3738 207 3801 4444444]
225 3739 264 3788 De
280 3735 503 3787 homoeoteleutis
520 3736 554 3787 44.
567 3735 601 3785 44
612 3750 637 3785 v.
675 3734 758 3803 γ4λος
783 3734 896 3786 4444444
923 3736 1021 3785 narrat.
1044 3761 1070 3770 -
1095 3735 1201 3799 8444444

111 3813 145 3863 99
161 3825 204 3876 sq.
218 3811 370 3861 Eustatbius
386 3812 421 3861 ad
438 3808 510 3860 44444.
529 3825 561 3870 χ,
575 3808 638 3858 383:
676 3810 746 3873 oet]
772 3811 819 3861 Est
843 3808 924 3859 veluti
947 3808 1122 3873 proverbium
1146 3812 1199 3861 iam

111 3879 639 3947 ixaddxduocxutraia’srsiaeori-
676 3883 746 3949 4444
770 3883 933 3933 iierndotnm
959 3885 988 3944 4,
1009 3884 1037 3934 84
1065 3874 1125 3933 riso
1145 3880 1200 3955 444

110 3975 175 4021 χων
191 3956 246 4010 δύο
262 3955 385 4030 πάρισα,
411 3954 445 4009 τὸ
464 3956 566 4009 τοῦδε
583 3971 640 4007 κε-
675 3954 811 4023 τυγχάνει
832 3951 1015 4027 ἀνθρώποισι
1031 3954 1117 4009 ἐόντα
1133 3952 1200 4009 ἀπι-

111 4030 311 4096 σόντοςκαὶ
330 4023 502 4103 Ἕκτορος
527 4026 638 4083 οὐκέτ’
676 4029 798 4103 πότερα
821 4026 997 4096 ὀφθαλμῶν,
1023 4030 1085 4083 alibi
1102 4032 1141 4082 444
1157 4033 1200 4083 iu-

111 4105 248 4170 ἐόντος.
270 4132 297 4144 -
317 4107 348 4156 V.
365 4120 427 4157 4444
442 4106 477 4158 ad
494 4110 638 4170 utrmque
675 4118 799 4157 versum:
818 4106 973 4177 πιστοτέρα
984 4098 1057 4169 ὄψις
1067 4097 1156 4155 ὤτων.
1170 4132 1197 4143 -

111 4196 138 4233 ν.
156 4182 283 4233 4444444444
307 4182 378 4245 (rosc
402 4182 637 4252 amoenorum,
675 4180 782 4231 44444444
799 4192 848 4243 444·
864 4180 961 4244 mesu]
986 4179 1057 4243 virg.
1081 4180 1147 4229 Aen.
1168 4177 1196 4241 4,
