2925 4892
511 341 569 392 nra.
590 343 619 392 u.
655 343 791 393 erisne
1131 339 1194 404 625

151 499 189 564 Et
210 496 330 584 placuit
351 497 424 572 sibi,
452 505 564 562 natura
587 495 734 562 sublimis
757 506 789 562 et
811 518 902 574 acer3
1133 496 1194 561 ton

149 621 228 684 Nam
251 617 351 704 spirat
374 617 529 704 tragicum
551 617 628 682 satis
651 628 684 683 et
704 616 840 684 feliciter
860 616 972 694 audet,

150 739 214 805 Sed
237 747 364 825 turpem
386 747 476 825 putat
497 736 610 804 inscite
638 737 815 824 metuitque
837 737 972 804 lituram.

151 858 313 936 Creditur,
339 879 378 926 cx
400 857 508 926 medio
530 858 607 946 quia
629 878 682 924 res
705 859 853 933 arcessit,
877 858 998 926 habere

151 979 288 1046 Sudoris
310 979 492 1055 minimum,
519 977 578 1044 sed
600 977 697 1046 habet
719 975 889 1046 comoedia
910 989 996 1047 tanto

177 1185 234 1238 467.
253 1187 350 1250 netu]
369 1187 516 1236 inaciiiaeE
536 1186 596 1246 (sed
614 1187 776 1245 correctus).
795 1187 822 1234 ia
838 1188 936 1249 auspiia
953 1199 1021 1237 corr.
1040 1185 1067 1249 b,
1086 1201 1163 1240 com-

144 1260 234 1327 plures
251 1261 380 1320 Pottierii,
399 1261 452 1310 duo
470 1259 609 1318 Schmidii,
629 1259 694 1318 Lei,
713 1261 741 1308 in
760 1259 830 1309 libata
849 1273 919 1313 unus
943 1275 974 1311 ax
995 1260 1058 1312 Coll.
1077 1263 1161 1323 Trio..

142 1337 247 1386 inscitus
263 1334 396 1386 Bentleius
414 1335 574 1384 coniectura.
595 1335 633 1394 (lit
650 1345 707 1393 nos,
727 1335 772 1396 Sp,
784 1336 852 1398 yps.)

112 1513 234 1565 imitari.»
250 1541 277 1550 ·-
297 1511 498 1577 Etplumaitaids]
517 1511 638 1562 Refertur
675 1524 740 1562 sanc
761 1512 883 1574 ploraque
907 1514 970 1564 duro
990 1516 1057 1566 dcta
1078 1521 1111 1578 (v.
1129 1520 1197 1579 oti.t;

112 1589 164 1650 lroo
190 1588 321 1650 imprimis
346 1587 379 1637 ed
405 1587 541 1648 ingentem
565 1584 636 1636 illum
675 1586 757 1635 etiam
782 1585 939 1648 imaginibus
964 1588 1091 1640 audacius
1117 1594 1200 1642 inter·

114 1675 258 1714 numerum
280 1661 476 1724 tragoediarum
500 1663 573 1721 (sunt
589 1673 639 1708 au·
675 1657 740 1710 dum
751 1662 973 1723 repraesentatis.
991 1661 1072 1713 veluti
1087 1677 1149 1714 cum
1160 1665 1200 1714 di·

112 1739 167 1788 tem
186 1736 249 1786 Livii
262 1735 326 1794 liv„
344 1735 419 1786 Ennii
431 1735 529 1794 XXVI,
548 1735 638 1784 Naevii
675 1734 729 1784 xit:
755 1735 809 1784 Hoc
830 1735 873 1784 udi
889 1748 967 1784 mo
982 1736 1055 1785 litore
1070 1738 1200 1789 latratu

113 1812 166 1872 ix..
177 1809 379 1868 Pacuviillvll.,
389 1809 461 1859 Accii
471 1809 532 1866 Lll.;
544 1820 639 1859 omnes
677 1809 749 1856 Uada
764 1807 809 1856 aab
821 1808 1019 1859 inremotam
1029 1813 1107 1869 mit,
1125 1812 1198 1862 etde

113 1885 213 1944 Cilix..
240 1895 354 1946 quarum
372 1883 479 1934 nomina
497 1883 638 1944 novimus),
677 1882 815 1944 Harpyiis:
843 1883 924 1932 Sinai
947 1889 970 1932 at
995 1886 1201 1949 dammam

113 1971 183 2022 quae
214 1959 240 2009 in
268 1971 378 2008 scenam
403 1955 507 2008 delatae
534 1959 596 2008 sunt
625 1969 638 2006 a
675 1956 820 2006 mamiato
835 1957 1201 2011 Excitoaaeiaaawaronan-

112 2033 186 2083 Livio
208 2031 349 2096 usquead
370 2032 487 2082 Accium.
510 2058 537 2066 -
557 2031 638 2092 spirat
676 2031 707 2078 dn
733 2031 835 2092 Crepitu
853 2031 983 2094 cicepmte
1003 2035 1202 2085 cachinnant

111 2107 240 2171 &apicum
248 2105 318 2168 satu]
338 2107 371 2156 «ii
383 2106 455 2156 enim
466 2106 529 2154 sunt
539 2105 637 2154 nnnn·
677 2104 824 2166 (monstra).
835 2105 968 2182 Ci3liotne
977 2109 1049 2157 Podt.
1058 2111 1099 2158 sc.
1107 2123 1134 2172 p.
1142 2109 1200 2160 235.

112 2193 212 2231 norum
221 2181 336 2244 spiritus.
350 2179 540 2230 unanimorum
550 2177 638 2238 elatio,
680 2205 706 2214 -
725 2179 855 2241 scilcet]
880 2180 1002 2230 «Verum
1023 2183 1050 2230 in
1067 2196 1100 2233 eo
1117 2182 1202 2245 negli-

113 2259 144 2304 ut
160 2254 250 2304 idonei
267 2255 319 2304 sint
336 2255 425 2316 generi
446 2253 545 2315 tragico
563 2265 641 2302 exco-
677 2254 812 2315 gentiores
830 2255 907 2303 crant
916 2256 1007 2318 tragici
1018 2258 1111 2317 nostri,
1130 2258 1203 2320 quod

113 2330 209 2390 lando,
227 2331 303 2378 cuius
320 2329 479 2392 praecipuus
492 2323 641 2398 χαρακτὴρ
677 2324 781 2377 fabulas
806 2339 869 2376 suas
895 2341 948 2377 non
973 2330 1038 2380 satis
1065 2329 1205 2382 elimarent

114 2408 158 2456 est
173 2402 323 2454 sublimitas
335 2405 362 2452 et
376 2403 489 2465 gravitas
501 2403 641 2452 coniuncta
677 2403 759 2462 atqua
771 2399 943 2464 expolirent·
958 2402 1032 2454 idem
1044 2402 1136 2454 liturae
1148 2417 1205 2456 me·

116 2491 177 2528 cum
191 2481 248 2527 arta
262 2477 373 2527 allectus
382 2475 541 2536 dolentium,
560 2477 642 2526 irato-
678 2477 721 2522 tus
747 2475 855 2536 praeter
879 2476 994 2537 tragicos
1019 2475 1076 2526 aliia
1095 2491 1204 2541 qucum

114 2551 395 2613 rum,indignantinm‚
406 2549 642 2602 infeliciteraman-
679 2549 764 2611 poetis
782 2549 879 2598 Minis
891 2549 978 2608 infuli.
996 2549 1144 2601 utLucilio.
1163 2552 1202 2602 Cf·

116 2629 183 2678 tium
200 2639 265 2676 rere
282 2629 362 2688 nique
374 2628 436 2689 apte
447 2626 641 2690 exprimendi.»
678 2623 732 2670 snt.
747 2623 771 2681 l.
786 2623 826 2679 ⁴⁰,
839 2623 940 2685 ⁶⁶⁸qq·
956 2649 983 2659 ·-
996 2625 1091 2686 ml
1108 2628 1205 2687 (ium-

119 2729 146 2738 -
164 2702 247 2763 spirat
263 2699 396 2763 papiam]
414 2701 444 2749 nt
461 2701 524 2750 sint,
541 2698 602 2750 Sile.
615 2702 640 2760 a,
678 2707 729 2744 nus
747 2697 844 2758 partim
860 2697 910 2759 ipsi
929 2710 958 2748 se
976 2699 1041 2748 satis
1058 2696 1148 2748 limato
1163 2699 1205 2750 di·

115 2775 146 2834 3,
168 2776 215 2824 ⁴2:
234 2767 321 2824 ‘mun
345 2774 452 2835 spirutu.
491 2775 533 2824 Sic
562 2776 641 2824 etiam
679 2769 757 2820 candi
774 2783 873 2832 genere
884 2772 922 2821 uti
933 2771 1121 2835 opinabantur,
1141 2785 1205 2836 par·

116 2850 220 2900 Graeci.
232 2846 355 2910 Aeachgl.
366 2849 477 2898 Eumen.
489 2847 546 2898 8l0:
560 2847 641 2898 Πνέω
679 2847 726 2892 tim
752 2844 826 2907 quod
850 2849 1016 2909 spectatores
1034 2845 1202 2910 lectoresque

116 2937 163 2974 τοι
178 2923 268 2987 μένος
284 2914 399 2971 ἅπαντα
414 2935 445 2972 aa
455 2918 551 2971 κότον.
567 2947 595 2958 -
608 2922 643 2985 fa
679 2917 743 2982 quid
760 2921 850 2983 operis
863 2920 1019 2983 perfectioni
1031 2923 1111 2984 atque
1122 2922 1204 2973 abac·

117 2999 199 3048 tisim
222 2997 310 3058 audet]
337 2997 445 3059 Spectat
465 3008 517 3046 non
535 2999 590 3047 mm
608 2997 641 3047 ad
679 2991 770 3044 lationi
796 2993 904 3044 deesset
920 2995 1039 3046 nondum
1057 2998 1205 3061 perspicie-

119 3073 298 3123 inventionem
323 3083 454 3120 novorum
471 3073 643 3132 argumento-
679 3069 758 3130 bant,
785 3071 813 3119 in
836 3071 948 3133 scptu,
974 3074 1080 3123 tametsi
1097 3073 1205 3124 exhibet

119 3160 179 3198 rum
191 3159 223 3195 ac
235 3157 409 3208 personarum
423 3145 457 3206 (in
469 3143 566 3206 quibus
577 3157 641 3196 sane
680 3144 746 3194 Cod.
762 3143 854 3194 Bland.
869 3145 1087 3208 antiquissimus,
1114 3149 1205 3198 tamen

119 3219 282 3284 exemplaria
307 3231 354 3270 sua
381 3219 444 3269 satis
469 3231 562 3282 pressa
585 3218 643 3282 pla·
678 3231 790 3282 prorsus
814 3231 1044 3282 supervacaneum
1068 3225 1148 3270 esset.
1176 3247 1201 3260 -

119 3307 234 3359 rumque
246 3291 450 3356 sequebantur),
467 3305 548 3356 wem
560 3293 593 3341 ad
605 3291 643 3342 lu·
679 3292 792 3355 lituram]
819 3294 932 3342 Caecina
957 3294 984 3342 in
1007 3295 1061 3343 cic.
1084 3295 1149 3356 Epp.
1170 3297 1205 3345 ad

120 3371 190 3420 mina
202 3368 394 3419 sententiarum
407 3369 433 3416 et
444 3365 478 3416 ad
489 3367 577 3429 ipsum
588 3379 644 3416 ser-
680 3367 751 3414 Fam.
765 3367 790 3422 6,
803 3367 827 3421 7,
841 3366 868 3414 l:
886 3367 1004 3414 mandatur
1018 3367 1160 3426 accipimus
1175 3368 1206 3418 ti·

120 3455 228 3492 monem
242 3443 280 3502 (Α.
290 3441 445 3504 Paleou),
457 3441 483 3490 in
495 3453 550 3503 quo
560 3439 642 3492 multa
679 3444 740 3488 twa
755 3439 858 3486 militur.
885 3439 923 3488 ci.
942 3441 972 3488 Α.
989 3441 1016 3487 Ρ.
1030 3439 1087 3488 293.
1107 3441 1137 3487 V.
1151 3441 1203 3490 lie-

119 3517 290 3574 innovarunt,
307 3514 379 3578 quod
391 3514 424 3564 ad
437 3515 643 3577 compositiones
679 3511 737 3574 gel:
755 3513 863 3562 Diuersa
883 3513 931 3560 W.
942 3512 1000 3560 Dii.
1014 3513 1045 3560 da
1059 3525 1088 3561 ra
1104 3515 1205 3576 tragica

120 3591 234 3640 maxime
252 3587 407 3638 audaciores
425 3589 453 3638 et
469 3588 567 3638 lormas
584 3601 643 3638 var·
679 3587 849 3640 Rornmronan
865 3585 960 3634 iudicio
974 3585 1019 3634 aab
1034 3597 1142 3636 mmm
1156 3601 1203 3637 uo-

120 3665 216 3716 bornm
238 3663 346 3722 attinet,
371 3663 402 3711 ut
423 3663 485 3712 sunt
502 3661 572 3725 apud
590 3665 643 3712 Ac·
678 3664 746 3709 coto.
769 3661 914 3722 Gottingae,
933 3659 1005 3710 iaci.
1029 3658 1053 3709 l.

120 3739 189 3788 cium
212 3737 383 3796 mammio,
408 3735 575 3798 ιαὸίβοαὸίὶῑε,
593 3737 642 3786 mi-

119 3809 642 3871 nitubiliter,iudecorubilitar,udauetarc,
716 3809 831 3860 taetra.
855 3809 1053 3874 creciacensi]
1077 3813 1201 3872 svamm,

118 3887 312 3950 psammites,
324 3885 476 3946 ceadwalda,
488 3885 642 3947 misaritudo,
680 3899 748 3950 qnae
759 3883 829 3943 dico,
848 3895 901 3932 non
914 3882 1002 3934 solum
1014 3885 1049 3934 de
1058 3885 1202 3946 tragoedia,

118 3961 262 4023 mopuitus,
291 3957 470 4018 inenodabilis,
498 3959 642 4021 scamillos,
680 3959 728 4011 sed
740 3960 822 4008 etiam
837 3956 871 4006 de
884 3958 1021 4007 comoedia
1031 3961 1147 4008 Romana
1159 3973 1204 4008 va-

119 4033 226 4093 cosme,
243 4037 367 4090 martum.
392 4031 533 4095 miiiteuri,
551 4031 644 4094 ptobeai
679 4033 760 4084 ient..
773 4030 1046 4094 cassinensem.
1062 4059 1089 4068 —-
1103 4047 1137 4081 aa
1149 4047 1203 4082 me-

119 4107 243 4168 nubiuea,
266 4110 432 4166 semissem,
455 4106 584 4166 maara,
603 4119 644 4154 eu·
680 4109 730 4171 dio]
749 4105 829 4165 «Quia
842 4109 998 4168 argumenta
1010 4119 1043 4155 ex
1054 4108 1106 4155 rita
1118 4109 1204 4167 quoti·

117 4184 252 4246 priamus,
278 4181 402 4240 uuidere,
419 4179 643 4242 (mmmmm,
681 4180 758 4230 diana
769 4179 850 4242 petita
868 4180 979 4239 tractat,
1004 4180 1109 4229 videtur
1125 4181 1204 4228 mini-

206 4271 367 4318 lionar.von.
384 4271 411 4316 ll.
441 4269 600 4316 eo.nrr1.lll.
1010 4267 1037 4313 lo
