2925 4892
532 336 591 385 ΗΒ.
611 338 630 385 l.
666 338 734 387 Sdl'.
753 338 795 387 iv.

165 494 334 560 Exanimat
355 492 533 579 mortisque
556 503 641 558 metu
665 491 725 558 sibi
748 512 883 579 parcere
906 492 1007 579 cogit,

165 616 219 681 Sic
242 626 374 680 teneros
396 613 523 679 animos
545 612 649 679 aliena
671 612 848 701 opprobria
870 634 969 701 saepe

164 737 356 802 absterrent
377 736 472 800 vitiis.
518 736 563 799 Ex
585 732 647 801 boc
669 756 730 823 ego
753 756 852 801 sanus
875 734 916 801 ab
939 734 1015 809 illis,

165 857 348 925 Perniciem
370 876 587 943 quaeeunque
610 856 729 933 serunt,
755 856 974 923 mediocribus
997 866 1028 921 et
1052 856 1124 945 quis
1153 856 1214 921 ido

165 981 321 1067 Ignoscas
342 978 427 1043 vitiis
451 989 581 1055 teneor;
605 977 750 1044 fortassis
772 988 804 1045 et
826 977 919 1045 istinc

166 1102 314 1188 largiter
335 1098 504 1166 abstulerit
527 1100 621 1187 longa
642 1109 747 1175 aetas,
770 1099 854 1166 liber
875 1099 1012 1177 amicus,

167 1220 347 1289 Consilium
366 1221 544 1308 pmprium3
567 1240 675 1307 neque
690 1220 785 1295 enim,
810 1240 883 1286 eum
900 1218 1035 1287 lectulus
1051 1228 1107 1287 aut
1121 1242 1173 1287 me

167 1344 317 1410 Porticus
338 1344 482 1429 excepit,
507 1341 623 1408 desum
645 1341 731 1406 mibi.
777 1340 904 1409 Rectius
926 1340 987 1408 boc
1010 1342 1073 1409 est!

167 1466 238 1531 Hoc
260 1464 382 1530 iaciens
406 1464 513 1528 rivam
535 1462 670 1529 melius!
694 1461 747 1529 Sic
771 1461 875 1529 duleis
898 1462 1010 1529 amicis
1155 1463 1216 1529 t35

167 1586 366 1653 Occursum!
390 1586 459 1651 lloc
481 1584 614 1672 quidam
636 1604 700 1649 non
721 1583 823 1662 belle3
847 1582 1003 1671 numquid
1026 1604 1088 1669 ego
1112 1584 1154 1648 illi

166 1706 363 1795 Imprudens
385 1705 461 1771 olim
484 1705 597 1773 laciam
620 1704 750 1772 simile?
767 1756 772 1769 .
791 1755 819 1768 ..
844 1704 933 1770 llaec
954 1724 1016 1791 ego
1039 1724 1166 1769 mecum

167 1828 376 1915 Compressis
398 1828 483 1915 agito
505 1825 621 1906 labris;
645 1827 701 1893 ubi
723 1826 802 1915 quid
827 1824 921 1891 datur
942 1826 1001 1898 oti,

166 1949 273 2016 llludo
296 1949 425 2016 chartis.
471 1949 539 2014 lloc
561 1958 612 2015 est
633 1946 852 2014 mediocribus
875 1946 935 2013 illis

166 2074 212 2137 Ex
236 2070 323 2137 vitiis
345 2092 462 2147 unum3
486 2069 537 2134 cui
560 2070 587 2135 si
610 2068 791 2135 concedere
815 2068 909 2143 nolis,
1160 2070 1221 2135 tto

192 2308 254 2357 432.
284 2306 432 2356 abstulerint
454 2320 470 2355 c
493 2308 521 2355 et
536 2320 577 2369 pr.
602 2304 628 2354 d.
654 2303 795 2367 (detumit
817 2318 886 2356 corr.
907 2306 943 2369 d.)
974 2336 1000 2344 -
1028 2310 1085 2361 tat.
1116 2312 1221 2373 accipiet

155 2395 298 2506 superspr.
317 2384 414 2444 accepit
433 2382 458 2430 S.
488 2408 516 2417 -
546 2381 601 2431 439.
630 2380 747 2431 loeumbo
764 2394 791 2444 p.
823 2406 849 2417 -
878 2380 934 2433 ito.
964 2384 1031 2433 noles
1056 2384 1189 2436 Bentleius

157 2470 326 2507 conreenra.

124 2648 161 2694 uti
181 2657 281 2709 spero,
306 2654 400 2693 rursus
421 2642 547 2693 detondet
565 2641 654 2693 soloe*
694 2644 759 2692 otius
775 2644 820 2691 hoc
837 2648 884 2699 est;
903 2644 954 2691 Hoc
967 2644 1062 2706 (ipsum
1080 2644 1164 2708 igitur)
1182 2646 1222 2707 so·

124 2732 187 2769 cam
203 2717 283 2767 illud:
299 2717 338 2766 Aa
348 2729 454 2767 -nseoa
471 2744 495 2755 -
510 2718 597 2767 inutile
612 2719 657 2781 so-
693 2718 760 2766 cieus
775 2717 860 2765 uiuam
876 2716 979 2775 aurelios,¹
996 2717 1031 2765 sic
1045 2717 1123 2765 dulcis
1133 2719 1221 2767 amicis

124 2794 173 2858 ets]
190 2793 289 2851 idest,
310 2792 447 2850 «noxium,
467 2791 656 2851 damnosum»
695 2791 843 2840 decurram.
873 2790 1044 2852 Hoetcontral
1057 2790 1221 2852 quidemn

125 2872 154 2917 ut
184 2867 331 2929 aliquoties
360 2865 431 2929 apud
459 2864 654 2925 Quintilianum.
694 2866 766 2923 belim
789 2866 912 2926 nunquid
929 2878 973 2928 ego
990 2865 1027 2913 illi
1044 2867 1094 2915 eet.
1123 2866 1175 2916 Sed
1195 2870 1218 2917 si

127 2942 178 2993 Cir.
191 2939 324 3006 Spalding
338 2940 373 2989 ad
389 2942 417 2999 5,
437 2939 482 3001 iti,
501 2941 542 2991 82.
569 2942 656 3003 Atque
695 2952 757 2990 cum
775 2939 871 2990 ceteris
889 2938 1078 3003 interpretibus
1095 2942 1221 3003 quattuor

125 3029 238 3081 prorsus
268 3016 309 3065 sic
336 3016 428 3064 Graeci
457 3016 587 3079 usurpant
611 3027 655 3062 vv.
694 3016 796 3065 statuas
813 3014 949 3075 membre,
973 3015 1050 3078 longe
1072 3015 1220 3067 evidentius

125 3085 262 3161 ἀχρεῖον,
279 3080 438 3158 ἄχρηστον.
459 3114 488 3127 -
506 3090 598 3153 flagret
613 3102 659 3137 ru·
694 3090 742 3139 tibi
759 3088 898 3155 apparebit
914 3090 1020 3140 assidua
1038 3092 1065 3140 et
1086 3091 1220 3142 indelessa

126 3166 204 3229 aare]
242 3164 359 3225 imagine
388 3176 403 3212 a
431 3163 529 3213 nostris
562 3161 658 3224 linguis
694 3166 789 3227 poetae
808 3175 872 3213 eura
894 3164 919 3212 in
943 3164 1081 3214 homiuum
1099 3164 1220 3217 moribus

129 3240 224 3291 abana.
244 3240 313 3288 Nos:
339 3238 389 3287 aia
403 3237 492 3286 iibler
512 3238 575 3300 ltus
591 3250 659 3287 oer—
695 3236 829 3297 notandis,
850 3238 880 3285 ut
896 3239 983 3287 semet
1000 3238 1089 3301 ipsum
1106 3240 1221 3302 corrigat

128 3315 219 3377 tolet,
239 3312 387 3375 bedrdagt
404 3312 517 3371 diesen,
536 3324 569 3360 er
583 3311 658 3359 steht
694 3313 775 3374 atque
793 3309 928 3360 emendat.
945 3338 972 3347 -
991 3312 1144 3374 importem]
1164 3313 1220 3362 «in-

130 3390 159 3437 is
180 3386 288 3436 sotem
312 3385 399 3447 ilafe.
425 3412 453 3421 -
475 3385 575 3449 Aoidos]
600 3386 658 3433 «in-
695 3386 810 3445 sciens»
828 3380 980 3433 λανθάνων
998 3380 1132 3447 ἐμαυτόν.
1149 3386 1222 3435 -1t-

129 3461 341 3525 temperantes.·
375 3459 468 3507 Senon.
495 3481 522 3493 —
542 3460 584 3507 Ea
604 3458 657 3521 boc]
695 3459 761 3520 ludo]
776 3458 868 3521 «quast
878 3456 974 3506 ludens
984 3457 1094 3505 coniicio
1107 3458 1133 3506 in
1146 3458 1221 3507 char-

132 3537 240 3593 «ωηο»,
266 3532 301 3583 ἐκ
325 3528 446 3590 τούτου,
466 3532 532 3582 «hae
557 3532 658 3581 educa-
696 3529 1096 3594 tas.r-eoisieoocedsreoolis]
1110 3531 1220 3594 «quami

131 3612 226 3660 bone».
249 3636 277 3644 -
296 3608 360 3657 liber
375 3607 480 3672 amima]
501 3600 659 3677 παῤῥησια-
695 3606 762 3656 iorie
793 3606 855 3655 huic
888 3604 951 3653 vitio
985 3606 1122 3666 ignoscere
1154 3604 1220 3656 nolis

132 3681 215 3748 οτής,
241 3682 304 3745 «qni
327 3694 389 3731 mea
410 3682 473 3730 vitia
491 3686 554 3731 eum
577 3680 660 3730 liber-
697 3680 777 3743 (quod
800 3682 888 3729 umen
906 3682 932 3728 te
957 3678 1087 3729 iacturum
1110 3681 1218 3744 spero),

133 3762 185 3808 tate
203 3757 346 3819 corrigat·
367 3783 394 3791 -
407 3756 519 3817 misius]
536 3754 661 3805 lucubra-
695 3767 743 3819 pro
761 3755 1017 3804 cerlo'venletcetm
1035 3752 1133 3803 Sicubi
1147 3768 1222 3805 acce·

133 3835 223 3882 torius.
248 3858 278 3867 ·-
301 3830 423 3891 Porciae]
442 3830 490 3879 «in
511 3843 564 3893 qua
586 3828 659 3879 solus
695 3828 831 3892 perimus,
849 3828 1154 3891 apparetnecessarium
1169 3842 1221 3880 non

134 3903 307 3955 deambulare
324 3903 424 3954 soleo.»
445 3930 472 3940 -
489 3904 574 3953 deame
588 3903 658 3966 miri]
696 3915 771 3963 esse,
791 3904 819 3951 ut
830 3902 980 3952 scribamus
997 3914 1058 3951 cum
1076 3902 1221 3953 lllrchuero

135 3994 201 4032 «uon
217 3978 335 4042 negligo,
354 3978 427 4041 quod
444 3978 523 4028 cilicii
534 3979 588 4029 mei
605 3981 658 4037 est;
696 3978 760 4026 nolis
771 3978 918 4037 --oroica
952 3980 998 4026 aut
1019 3989 1081 4026 cum
1103 3975 1221 4028 Bentleio

134 4055 214 4105 immo
226 4053 336 4103 elaboro
348 4054 375 4103 in
386 4052 558 4116 memetipso
569 4065 661 4102 ernen-
695 4052 763 4101 uoles
774 4080 789 4090 ·
801 4077 814 4087 -
826 4051 913 4100 omisi.
933 4051 1059 4100 Futurum
1070 4051 1138 4099 noles
1150 4050 1221 4099 esset

135 4126 248 4192 dando„-
268 4155 296 4163 -
314 4127 421 4187 Rectius]
441 4127 558 4176 Diintzer
569 4126 661 4176 statuit
697 4124 846 4189 praefracte
859 4125 993 4186 negantis;
1006 4122 1221 4173 coludicdurde

137 4200 188 4251 duo
204 4201 343 4251 dumtaxat
362 4200 487 4251 membra
510 4213 586 4251 esse:
612 4202 661 4251 lie-
697 4212 746 4261 eo,
770 4199 815 4261 qul
839 4197 1012 4263 probabiliter
1033 4197 1059 4247 id
1078 4208 1223 4247 concessu-
