<?xml version="1.0" encoding="UTF-8"?>
<!DOCTYPE html PUBLIC "-//W3C//DTD XHTML 1.0 Transitional//EN"
    "http://www.w3.org/TR/xhtml1/DTD/xhtml1-transitional.dtd">
<html xmlns="http://www.w3.org/1999/xhtml" xml:lang="en" lang="en">
 <head>
  <title>
</title>
<meta http-equiv="Content-Type" content="text/html;charset=utf-8" />
  <meta name='ocr-system' content='tesseract 3.04.00' />
  <meta name='ocr-capabilities' content='ocr_page ocr_carea ocr_par ocr_line ocrx_word'/>
</head>
<body>
  <div class='ocr_page' id='page_1' title='image "./qhoratiusflaccu03baitgoog/qhoratiusflaccu03baitgoog_0611.png"; bbox 0 0 2925 4892; ppageno 0'>
   <div class='ocr_carea' id='block_1_1' title="bbox 531 394 814 446">
    <p class='ocr_par' dir='ltr' id='par_1_1' title="bbox 531 394 814 446">
     <span class='ocr_line' id='line_1_1' title="bbox 531 394 814 446; baseline -0.014 0"><span class='ocrx_word' id='word_1_1' title='bbox 531 395 590 446; x_wconf 83' lang='lat' dir='ltr'>LlB.</span> <span class='ocrx_word' id='word_1_2' title='bbox 609 395 640 445; x_wconf 93' lang='lat' dir='ltr'>ll.</span> <span class='ocrx_word' id='word_1_3' title='bbox 676 394 776 445; x_wconf 81' lang='lat' dir='ltr'>EPlS&#39;l&#39;.</span> <span class='ocrx_word' id='word_1_4' title='bbox 794 395 814 443; x_wconf 93' lang='lat' dir='ltr'>l.</span> 
     </span>
    </p>
   </div>
   <div class='ocr_carea' id='block_1_2' title="bbox 170 546 1217 1365">
    <p class='ocr_par' dir='ltr' id='par_1_2' title="bbox 170 546 903 640">
     <span class='ocr_line' id='line_1_2' title="bbox 170 546 903 640; baseline -0.007 -21"><span class='ocrx_word' id='word_1_5' title='bbox 170 550 312 640; x_wconf 78' lang='lat' dir='ltr'>Pupill03</span> <span class='ocrx_word' id='word_1_6' title='bbox 334 550 412 616; x_wconf 89' lang='lat' dir='ltr'>vivit</span> <span class='ocrx_word' id='word_1_7' title='bbox 432 549 559 638; x_wconf 81' lang='lat' dir='ltr'>siliquis</span> <span class='ocrx_word' id='word_1_8' title='bbox 580 558 613 616; x_wconf 92' lang='lat' dir='ltr'>et</span> <span class='ocrx_word' id='word_1_9' title='bbox 634 569 718 637; x_wconf 87' lang='lat' dir='ltr'>pane</span> <span class='ocrx_word' id='word_1_10' title='bbox 741 546 903 626; x_wconf 68' lang='lat' dir='ltr'>secundm</span> 
     </span>
    </p>

    <p class='ocr_par' dir='ltr' id='par_1_3' title="bbox 170 668 1046 759">
     <span class='ocr_line' id='line_1_3' title="bbox 170 668 1046 759; baseline -0.007 -19"><span class='ocrx_word' id='word_1_11' title='bbox 170 673 300 740; x_wconf 80' lang='lat' dir='ltr'>Militiae</span> <span class='ocrx_word' id='word_1_12' title='bbox 322 691 519 759; x_wconf 84' lang='lat' dir='ltr'>quamquam</span> <span class='ocrx_word' id='word_1_13' title='bbox 541 671 634 758; x_wconf 81' lang='lat' dir='ltr'>piger</span> <span class='ocrx_word' id='word_1_14' title='bbox 654 679 687 736; x_wconf 89' lang='lat' dir='ltr'>et</span> <span class='ocrx_word' id='word_1_15' title='bbox 707 668 826 746; x_wconf 85' lang='lat' dir='ltr'>mulus,</span> <span class='ocrx_word' id='word_1_16' title='bbox 848 669 935 735; x_wconf 85' lang='lat' dir='ltr'>utilis</span> <span class='ocrx_word' id='word_1_17' title='bbox 957 668 1046 746; x_wconf 90' lang='lat' dir='ltr'>urbi,</span> 
     </span>
    </p>

    <p class='ocr_par' dir='ltr' id='par_1_4' title="bbox 170 789 1217 1000">
     <span class='ocr_line' id='line_1_4' title="bbox 170 789 1217 878; baseline -0.004 -18"><span class='ocrx_word' id='word_1_18' title='bbox 170 795 204 861; x_wconf 94' lang='lat' dir='ltr'>Si</span> <span class='ocrx_word' id='word_1_19' title='bbox 227 794 286 860; x_wconf 85' lang='lat' dir='ltr'>das</span> <span class='ocrx_word' id='word_1_20' title='bbox 308 792 384 870; x_wconf 89' lang='lat' dir='ltr'>boc,</span> <span class='ocrx_word' id='word_1_21' title='bbox 407 792 516 878; x_wconf 85' lang='lat' dir='ltr'>parvis</span> <span class='ocrx_word' id='word_1_22' title='bbox 538 811 670 878; x_wconf 85' lang='lat' dir='ltr'>quoque</span> <span class='ocrx_word' id='word_1_23' title='bbox 693 791 792 858; x_wconf 86' lang='lat' dir='ltr'>rebus</span> <span class='ocrx_word' id='word_1_24' title='bbox 813 811 930 878; x_wconf 78' lang='lat' dir='ltr'>magne</span> <span class='ocrx_word' id='word_1_25' title='bbox 951 789 1063 856; x_wconf 80' lang='lat' dir='ltr'>iuvari.</span> <span class='ocrx_word' id='word_1_26' title='bbox 1155 789 1217 856; x_wconf 77' lang='grc'>425</span> 
     </span>
     <span class='ocr_line' id='line_1_5' title="bbox 171 909 995 1000; baseline -0.007 -18"><span class='ocrx_word' id='word_1_27' title='bbox 171 915 219 982; x_wconf 90' lang='lat' dir='ltr'>Os</span> <span class='ocrx_word' id='word_1_28' title='bbox 240 924 388 981; x_wconf 87' lang='lat' dir='ltr'>tenerum</span> <span class='ocrx_word' id='word_1_29' title='bbox 409 911 504 1000; x_wconf 90' lang='lat' dir='ltr'>pueri</span> <span class='ocrx_word' id='word_1_30' title='bbox 525 909 722 999; x_wconf 84' lang='lat' dir='ltr'><strong>balbumque</strong></span> <span class='ocrx_word' id='word_1_31' title='bbox 745 919 841 999; x_wconf 79' lang='lat' dir='ltr'>po&#39;etc</span> <span class='ocrx_word' id='word_1_32' title='bbox 864 911 995 1000; x_wconf 78' lang='lat' dir='ltr'>figurat,</span> 
     </span>
    </p>

    <p class='ocr_par' dir='ltr' id='par_1_5' title="bbox 170 1033 1129 1242">
     <span class='ocr_line' id='line_1_6' title="bbox 170 1033 1129 1122; baseline -0.003 -21"><span class='ocrx_word' id='word_1_33' title='bbox 170 1038 313 1122; x_wconf 79' lang='lat' dir='ltr'><strong>Torquet</strong></span> <span class='ocrx_word' id='word_1_34' title='bbox 334 1033 375 1100; x_wconf 81' lang='lat' dir='ltr'>ab</span> <span class='ocrx_word' id='word_1_35' title='bbox 397 1034 570 1102; x_wconf 88' lang='lat' dir='ltr'>obscoenis</span> <span class='ocrx_word' id='word_1_36' title='bbox 592 1035 657 1099; x_wconf 85' lang='lat' dir='ltr'>iam</span> <span class='ocrx_word' id='word_1_37' title='bbox 678 1053 765 1100; x_wconf 85' lang='lat' dir='ltr'>nuno</span> <span class='ocrx_word' id='word_1_38' title='bbox 785 1033 989 1100; x_wconf 83' lang='lat' dir='ltr'><strong>sermonibus</strong></span> <span class='ocrx_word' id='word_1_39' title='bbox 1004 1051 1129 1108; x_wconf 84' lang='lat' dir='ltr'>aurem,</span> 
     </span>
     <span class='ocr_line' id='line_1_7' title="bbox 171 1154 987 1242; baseline -0.001 -21"><span class='ocrx_word' id='word_1_40' title='bbox 171 1157 245 1222; x_wconf 82' lang='lat' dir='ltr'>llox</span> <span class='ocrx_word' id='word_1_41' title='bbox 266 1157 362 1222; x_wconf 86' lang='lat' dir='ltr'>etiam</span> <span class='ocrx_word' id='word_1_42' title='bbox 384 1163 498 1242; x_wconf 90' lang='lat' dir='ltr'>pectus</span> <span class='ocrx_word' id='word_1_43' title='bbox 520 1155 703 1242; x_wconf 79' lang='lat' dir='ltr'>praeceptis</span> <span class='ocrx_word' id='word_1_44' title='bbox 725 1154 841 1220; x_wconf 78' lang='lat' dir='ltr'>formet</span> <span class='ocrx_word' id='word_1_45' title='bbox 861 1155 987 1232; x_wconf 79' lang='lat' dir='ltr'>amicis,</span> 
     </span>
    </p>

    <p class='ocr_par' dir='ltr' id='par_1_6' title="bbox 170 1276 921 1365">
     <span class='ocr_line' id='line_1_8' title="bbox 170 1276 921 1365; baseline -0.001 -21"><span class='ocrx_word' id='word_1_46' title='bbox 170 1277 360 1365; x_wconf 82' lang='lat' dir='ltr'>Asperitatis</span> <span class='ocrx_word' id='word_1_47' title='bbox 382 1287 415 1344; x_wconf 87' lang='lat' dir='ltr'>et</span> <span class='ocrx_word' id='word_1_48' title='bbox 436 1276 574 1344; x_wconf 81' lang='lat' dir='ltr'>invidiae</span> <span class='ocrx_word' id='word_1_49' title='bbox 596 1285 761 1344; x_wconf 87' lang='lat' dir='ltr'>corrector</span> <span class='ocrx_word' id='word_1_50' title='bbox 781 1286 814 1342; x_wconf 86' lang='lat' dir='ltr'>et</span> <span class='ocrx_word' id='word_1_51' title='bbox 835 1276 921 1355; x_wconf 84' lang='lat' dir='ltr'>irae;</span> 
     </span>
    </p>
   </div>
   <div class='ocr_carea' id='block_1_3' title="bbox 161 1511 1182 1575">
    <p class='ocr_par' dir='ltr' id='par_1_7' title="bbox 161 1511 1182 1575">
     <span class='ocr_line' id='line_1_9' title="bbox 161 1511 1182 1575; baseline -0.003 -12"><span class='ocrx_word' id='word_1_52' title='bbox 161 1514 260 1573; x_wconf 74' lang='grc'><strong>444444,</strong></span> <span class='ocrx_word' id='word_1_53' title='bbox 280 1513 312 1563; x_wconf 80' lang='lat' dir='ltr'>Or</span> <span class='ocrx_word' id='word_1_54' title='bbox 328 1512 445 1562; x_wconf 79' lang='lat' dir='ltr'>distinxit</span> <span class='ocrx_word' id='word_1_55' title='bbox 461 1513 520 1562; x_wconf 75' lang='lat' dir='ltr'>Fer.</span> <span class='ocrx_word' id='word_1_56' title='bbox 542 1536 569 1547; x_wconf 96' lang='lat'>-</span> <span class='ocrx_word' id='word_1_57' title='bbox 590 1511 646 1562; x_wconf 72' lang='grc'><strong>448.</strong></span> <span class='ocrx_word' id='word_1_58' title='bbox 668 1513 756 1574; x_wconf 70' lang='lat' dir='ltr'>fimat</span> <span class='ocrx_word' id='word_1_59' title='bbox 774 1512 908 1574; x_wconf 75' lang='lat' dir='ltr'>Doeringii</span> <span class='ocrx_word' id='word_1_60' title='bbox 930 1513 1056 1575; x_wconf 83' lang='lat' dir='ltr'>suspicio.</span> <span class='ocrx_word' id='word_1_61' title='bbox 1078 1539 1105 1548; x_wconf 94' lang='lat'>-</span> <span class='ocrx_word' id='word_1_62' title='bbox 1124 1513 1182 1562; x_wconf 74' lang='lat' dir='ltr'>tte.</span> 
     </span>
    </p>
   </div>
   <div class='ocr_carea' id='block_1_4' title="bbox 50 1584 1184 1650">
    <p class='ocr_par' dir='ltr' id='par_1_8' title="bbox 50 1584 1184 1650">
     <span class='ocr_line' id='line_1_10' title="bbox 50 1584 1184 1650; baseline -0.001 -14"><span class='ocrx_word' id='word_1_63' title='bbox 50 1623 52 1626; x_wconf 74' lang='lat'><em>.</em></span> <span class='ocrx_word' id='word_1_64' title='bbox 161 1592 293 1648; x_wconf 82' lang='lat' dir='ltr'>correptor</span> <span class='ocrx_word' id='word_1_65' title='bbox 305 1599 331 1649; x_wconf 82' lang='lat' dir='ltr'>p,</span> <span class='ocrx_word' id='word_1_66' title='bbox 351 1586 416 1636; x_wconf 85' lang='lat' dir='ltr'>cod.</span> <span class='ocrx_word' id='word_1_67' title='bbox 430 1586 542 1650; x_wconf 85' lang='lat' dir='ltr'>Freneq.</span> <span class='ocrx_word' id='word_1_68' title='bbox 556 1584 652 1648; x_wconf 80' lang='lat' dir='ltr'>aliique</span> <span class='ocrx_word' id='word_1_69' title='bbox 665 1585 738 1650; x_wconf 86' lang='lat' dir='ltr'>apud</span> <span class='ocrx_word' id='word_1_70' title='bbox 748 1587 837 1636; x_wconf 81' lang='lat' dir='ltr'>Feum.</span> <span class='ocrx_word' id='word_1_71' title='bbox 856 1586 895 1647; x_wconf 88' lang='lat' dir='ltr'>(Ut</span> <span class='ocrx_word' id='word_1_72' title='bbox 907 1599 965 1643; x_wconf 83' lang='lat' dir='ltr'>nos,</span> <span class='ocrx_word' id='word_1_73' title='bbox 982 1585 1070 1644; x_wconf 83' lang='lat' dir='ltr'><strong>bSEc,</strong></span> <span class='ocrx_word' id='word_1_74' title='bbox 1089 1597 1184 1635; x_wconf 84' lang='lat' dir='ltr'>omues</span> 
     </span>
    </p>
   </div>
   <div class='ocr_carea' id='block_1_5' title="bbox 162 1660 484 1723">
    <p class='ocr_par' dir='ltr' id='par_1_9' title="bbox 162 1660 484 1723">
     <span class='ocr_line' id='line_1_11' title="bbox 162 1660 484 1723; baseline -0.006 -11"><span class='ocrx_word' id='word_1_75' title='bbox 162 1662 279 1712; x_wconf 82' lang='lat' dir='ltr'>Pollierii</span> <span class='ocrx_word' id='word_1_76' title='bbox 296 1663 324 1711; x_wconf 88' lang='lat' dir='ltr'>et</span> <span class='ocrx_word' id='word_1_77' title='bbox 339 1660 484 1723; x_wconf 84' lang='lat' dir='ltr'>Submidii.)</span> 
     </span>
    </p>
   </div>
   <div class='ocr_carea' id='block_1_6' title="bbox 109 1864 1219 2524">
    <p class='ocr_par' dir='ltr' id='par_1_10' title="bbox 109 1864 1219 2524">
     <span class='ocr_line' id='line_1_12' title="bbox 128 1864 1215 1930; baseline -0.005 -11"><span class='ocrx_word' id='word_1_78' title='bbox 128 1873 247 1928; x_wconf 80' lang='lat' dir='ltr'>sti-emo,</span> <span class='ocrx_word' id='word_1_79' title='bbox 267 1866 316 1917; x_wconf 85' lang='lat' dir='ltr'>sed</span> <span class='ocrx_word' id='word_1_80' title='bbox 329 1867 549 1930; x_wconf 76' lang='lat' dir='ltr'>dispensatorio.»</span> <span class='ocrx_word' id='word_1_81' title='bbox 569 1867 654 1916; x_wconf 76' lang='lat' dir='ltr'>Coun.</span> <span class='ocrx_word' id='word_1_82' title='bbox 693 1877 720 1914; x_wconf 79' lang='lat' dir='ltr'>ur</span> <span class='ocrx_word' id='word_1_83' title='bbox 736 1869 760 1914; x_wconf 86' lang='grc'>44</span> <span class='ocrx_word' id='word_1_84' title='bbox 770 1865 912 1927; x_wconf 62' lang='lat' dir='ltr'>amarior</span> <span class='ocrx_word' id='word_1_85' title='bbox 921 1877 1015 1925; x_wconf 74' lang='lat' dir='ltr'>comm,</span> <span class='ocrx_word' id='word_1_86' title='bbox 1034 1864 1139 1925; x_wconf 81' lang='lat' dir='ltr'>Quintil.</span> <span class='ocrx_word' id='word_1_87' title='bbox 1153 1867 1177 1926; x_wconf 90' lang='grc'>4,</span> <span class='ocrx_word' id='word_1_88' title='bbox 1191 1867 1215 1926; x_wconf 90' lang='grc'>4,</span> 
     </span>
     <span class='ocr_line' id='line_1_13' title="bbox 128 1938 1218 2002; baseline -0.004 -9"><span class='ocrx_word' id='word_1_89' title='bbox 128 1943 211 1999; x_wconf 75' lang='lat' dir='ltr'>Cnun.</span> <span class='ocrx_word' id='word_1_90' title='bbox 249 1941 349 1992; x_wconf 81' lang='lat' dir='ltr'>Dicitur</span> <span class='ocrx_word' id='word_1_91' title='bbox 379 1943 460 1991; x_wconf 86' lang='lat' dir='ltr'>etiem</span> <span class='ocrx_word' id='word_1_92' title='bbox 484 1941 655 2000; x_wconf 78' lang='lat' dir='ltr'>secundarius,</span> <span class='ocrx_word' id='word_1_93' title='bbox 692 1938 745 1998; x_wconf 76' lang='lat'>37..</span> <span class='ocrx_word' id='word_1_94' title='bbox 764 1938 790 1988; x_wconf 90' lang='lat' dir='ltr'>id</span> <span class='ocrx_word' id='word_1_95' title='bbox 808 1941 862 1998; x_wconf 86' lang='lat' dir='ltr'>est,</span> <span class='ocrx_word' id='word_1_96' title='bbox 882 1939 1218 2002; x_wconf 74' lang='lat' dir='ltr'>«ntdntinctnntqueete</span> 
     </span>
     <span class='ocr_line' id='line_1_14' title="bbox 109 2012 1218 2076; baseline -0.004 -9"><span class='ocrx_word' id='word_1_97' title='bbox 109 2013 251 2067; x_wconf 70' lang='grc'><strong>’44444444</strong></span> <span class='ocrx_word' id='word_1_98' title='bbox 274 2043 301 2052; x_wconf 92' lang='grc'>-</span> <span class='ocrx_word' id='word_1_99' title='bbox 327 2017 454 2067; x_wconf 88' lang='lat' dir='ltr'>Ceterum</span> <span class='ocrx_word' id='word_1_100' title='bbox 474 2028 501 2064; x_wconf 85' lang='lat' dir='ltr'>v.</span> <span class='ocrx_word' id='word_1_101' title='bbox 522 2014 578 2064; x_wconf 73' lang='grc'><strong>433,</strong></span> <span class='ocrx_word' id='word_1_102' title='bbox 603 2027 656 2064; x_wconf 88' lang='lat' dir='ltr'>nou</span> <span class='ocrx_word' id='word_1_103' title='bbox 693 2013 763 2075; x_wconf 76' lang='lat' dir='ltr'>genti</span> <span class='ocrx_word' id='word_1_104' title='bbox 781 2013 994 2076; x_wconf 81' lang='lat' dir='ltr'>pronuntiatione</span> <span class='ocrx_word' id='word_1_105' title='bbox 1005 2016 1129 2062; x_wconf 79' lang='lat' dir='ltr'>accurate</span> <span class='ocrx_word' id='word_1_106' title='bbox 1140 2012 1218 2064; x_wconf 77' lang='lat' dir='ltr'>eder·</span> 
     </span>
     <span class='ocr_line' id='line_1_15' title="bbox 127 2087 1217 2154; baseline -0.007 -13"><span class='ocrx_word' id='word_1_107' title='bbox 127 2089 262 2154; x_wconf 73' lang='lat' dir='ltr'>significet</span> <span class='ocrx_word' id='word_1_108' title='bbox 294 2094 402 2153; x_wconf 71' lang='lat' dir='ltr'>pectem</span> <span class='ocrx_word' id='word_1_109' title='bbox 429 2088 595 2150; x_wconf 69' lang='lat' dir='ltr'>famelicum,</span> <span class='ocrx_word' id='word_1_110' title='bbox 627 2090 658 2136; x_wconf 88' lang='lat' dir='ltr'>ut</span> <span class='ocrx_word' id='word_1_111' title='bbox 693 2089 735 2137; x_wconf 89' lang='lat' dir='ltr'>ret</span> <span class='ocrx_word' id='word_1_112' title='bbox 751 2088 833 2136; x_wconf 77' lang='lat' dir='ltr'>bubni</span> <span class='ocrx_word' id='word_1_113' title='bbox 849 2088 982 2138; x_wconf 83' lang='lat' dir='ltr'>sermonis</span> <span class='ocrx_word' id='word_1_114' title='bbox 994 2087 1096 2150; x_wconf 76' lang='lat' dir='ltr'>singule</span> <span class='ocrx_word' id='word_1_115' title='bbox 1107 2087 1217 2138; x_wconf 75' lang='lat' dir='ltr'>verbu.»</span> 
     </span>
     <span class='ocr_line' id='line_1_16' title="bbox 129 2160 1219 2227; baseline -0.005 -11"><span class='ocrx_word' id='word_1_116' title='bbox 129 2163 250 2216; x_wconf 88' lang='lat' dir='ltr'>nonnulli</span> <span class='ocrx_word' id='word_1_117' title='bbox 266 2163 369 2226; x_wconf 84' lang='lat' dir='ltr'>volunt,</span> <span class='ocrx_word' id='word_1_118' title='bbox 394 2163 443 2216; x_wconf 88' lang='lat' dir='ltr'>sed</span> <span class='ocrx_word' id='word_1_119' title='bbox 461 2162 656 2227; x_wconf 83' lang='lat' dir='ltr'>simplicissimo</span> <span class='ocrx_word' id='word_1_120' title='bbox 696 2187 722 2196; x_wconf 88' lang='lat'>-</span> <span class='ocrx_word' id='word_1_121' title='bbox 744 2161 849 2222; x_wconf 76' lang='lat' dir='ltr'>Torquet</span> <span class='ocrx_word' id='word_1_122' title='bbox 871 2160 934 2224; x_wconf 78' lang='lat' dir='ltr'>cet]</span> <span class='ocrx_word' id='word_1_123' title='bbox 961 2163 1009 2212; x_wconf 86' lang='lat' dir='ltr'>«Et</span> <span class='ocrx_word' id='word_1_124' title='bbox 1033 2175 1095 2212; x_wconf 94' lang='lat' dir='ltr'>cum</span> <span class='ocrx_word' id='word_1_125' title='bbox 1118 2167 1219 2212; x_wconf 79' lang='lat' dir='ltr'>mature</span> 
     </span>
     <span class='ocr_line' id='line_1_17' title="bbox 129 2236 1218 2300; baseline -0.003 -11"><span class='ocrx_word' id='word_1_126' title='bbox 129 2241 203 2290; x_wconf 81' lang='lat' dir='ltr'>uictu</span> <span class='ocrx_word' id='word_1_127' title='bbox 220 2241 385 2290; x_wconf 82' lang='lat' dir='ltr'>contentum.</span> <span class='ocrx_word' id='word_1_128' title='bbox 406 2263 432 2274; x_wconf 90' lang='grc'>-</span> <span class='ocrx_word' id='word_1_129' title='bbox 452 2238 565 2298; x_wconf 75' lang='lat' dir='ltr'>Militiae]</span> <span class='ocrx_word' id='word_1_130' title='bbox 589 2236 657 2286; x_wconf 82' lang='lat' dir='ltr'>dnti—</span> <span class='ocrx_word' id='word_1_131' title='bbox 694 2237 852 2285; x_wconf 79' lang='lat' dir='ltr'>assuescunt</span> <span class='ocrx_word' id='word_1_132' title='bbox 867 2237 943 2300; x_wconf 81' lang='lat' dir='ltr'>pueri</span> <span class='ocrx_word' id='word_1_133' title='bbox 961 2236 996 2286; x_wconf 84' lang='lat' dir='ltr'>ud</span> <span class='ocrx_word' id='word_1_134' title='bbox 1011 2239 1151 2300; x_wconf 72' lang='lat' dir='ltr'>poetarum</span> <span class='ocrx_word' id='word_1_135' title='bbox 1168 2250 1218 2286; x_wconf 93' lang='lat' dir='ltr'>uo-</span> 
     </span>
     <span class='ocr_line' id='line_1_18' title="bbox 129 2307 1218 2378; baseline -0.003 -14"><span class='ocrx_word' id='word_1_136' title='bbox 129 2327 181 2364; x_wconf 87' lang='lat' dir='ltr'>vus</span> <span class='ocrx_word' id='word_1_137' title='bbox 198 2326 248 2377; x_wconf 91' lang='lat' dir='ltr'>pro</span> <span class='ocrx_word' id='word_1_138' title='bbox 271 2315 365 2378; x_wconf 74' lang='lat' dir='ltr'>upiger</span> <span class='ocrx_word' id='word_1_139' title='bbox 382 2312 416 2362; x_wconf 89' lang='lat' dir='ltr'>nd</span> <span class='ocrx_word' id='word_1_140' title='bbox 433 2311 570 2369; x_wconf 69' lang='lat' dir='ltr'>militium</span> <span class='ocrx_word' id='word_1_141' title='bbox 595 2312 656 2360; x_wconf 86' lang='lat' dir='ltr'>Tne.</span> <span class='ocrx_word' id='word_1_142' title='bbox 693 2307 775 2360; x_wconf 90' lang='lat' dir='ltr'>bilem</span> <span class='ocrx_word' id='word_1_143' title='bbox 793 2309 996 2374; x_wconf 78' lang='lat' dir='ltr'>elegantemque</span> <span class='ocrx_word' id='word_1_144' title='bbox 1006 2324 1169 2371; x_wconf 85' lang='lat' dir='ltr'>sermonem,</span> <span class='ocrx_word' id='word_1_145' title='bbox 1185 2325 1218 2361; x_wconf 91' lang='lat' dir='ltr'>eo</span> 
     </span>
     <span class='ocr_line' id='line_1_19' title="bbox 129 2382 1219 2450; baseline -0.004 -11"><span class='ocrx_word' id='word_1_146' title='bbox 129 2390 198 2439; x_wconf 79' lang='lat' dir='ltr'>Anu.</span> <span class='ocrx_word' id='word_1_147' title='bbox 213 2387 238 2448; x_wconf 87' lang='grc'><strong>3,</strong></span> <span class='ocrx_word' id='word_1_148' title='bbox 252 2386 297 2438; x_wconf 83' lang='lat' dir='ltr'>l8:</span> <span class='ocrx_word' id='word_1_149' title='bbox 315 2387 423 2450; x_wconf 77' lang='lat' dir='ltr'>irnpiper</span> <span class='ocrx_word' id='word_1_150' title='bbox 438 2386 544 2436; x_wconf 78' lang='lat' dir='ltr'>militiae</span> <span class='ocrx_word' id='word_1_151' title='bbox 557 2389 580 2434; x_wconf 87' lang='grc'>44</span> <span class='ocrx_word' id='word_1_152' title='bbox 592 2385 659 2434; x_wconf 77' lang='grc' dir='ltr'><strong>44η·-</strong></span> <span class='ocrx_word' id='word_1_153' title='bbox 694 2382 795 2434; x_wconf 84' lang='lat' dir='ltr'>lecilius</span> <span class='ocrx_word' id='word_1_154' title='bbox 820 2383 956 2435; x_wconf 79' lang='lat' dir='ltr'>obstinere</span> <span class='ocrx_word' id='word_1_155' title='bbox 972 2399 1002 2435; x_wconf 86' lang='lat' dir='ltr'>se</span> <span class='ocrx_word' id='word_1_156' title='bbox 1020 2399 1036 2434; x_wconf 83' lang='grc'>4</span> <span class='ocrx_word' id='word_1_157' title='bbox 1052 2385 1143 2436; x_wconf 86' lang='lat' dir='ltr'>verbis</span> <span class='ocrx_word' id='word_1_158' title='bbox 1159 2384 1219 2449; x_wconf 86' lang='lat' dir='ltr'>ple-</span> 
     </span>
     <span class='ocr_line' id='line_1_20' title="bbox 130 2458 1219 2524; baseline 0 -12"><span class='ocrx_word' id='word_1_159' title='bbox 130 2463 176 2512; x_wconf 77' lang='lat' dir='ltr'>tus</span> <span class='ocrx_word' id='word_1_160' title='bbox 195 2461 348 2511; x_wconf 56' lang='lat' dir='ltr'>ministeriu</span> <span class='ocrx_word' id='word_1_161' title='bbox 375 2461 565 2510; x_wconf 71' lang='lat' dir='ltr'>deserentem</span> <span class='ocrx_word' id='word_1_162' title='bbox 582 2459 659 2508; x_wconf 83' lang='grc'><strong>444444</strong></span> <span class='ocrx_word' id='word_1_163' title='bbox 694 2458 763 2508; x_wconf 79' lang='lat' dir='ltr'>ueris</span> <span class='ocrx_word' id='word_1_164' title='bbox 780 2462 808 2509; x_wconf 92' lang='lat' dir='ltr'>et</span> <span class='ocrx_word' id='word_1_165' title='bbox 824 2461 937 2510; x_wconf 82' lang='lat' dir='ltr'>inficetis</span> <span class='ocrx_word' id='word_1_166' title='bbox 951 2463 1077 2524; x_wconf 84' lang='lat' dir='ltr'>omnique</span> <span class='ocrx_word' id='word_1_167' title='bbox 1089 2463 1219 2512; x_wconf 80' lang='lat' dir='ltr'>aeschro-</span> 
     </span>
    </p>
   </div>
   <div class='ocr_carea' id='block_1_7' title="bbox 26 2531 1218 2601">
    <p class='ocr_par' dir='ltr' id='par_1_11' title="bbox 26 2531 1218 2601">
     <span class='ocr_line' id='line_1_21' title="bbox 26 2531 1218 2601; baseline 0 -15"><span class='ocrx_word' id='word_1_168' title='bbox 26 2539 28 2546; x_wconf 90' lang='lat'>&#39;</span> <span class='ocrx_word' id='word_1_169' title='bbox 130 2537 169 2586; x_wconf 83' lang='lat' dir='ltr'>rei</span> <span class='ocrx_word' id='word_1_170' title='bbox 186 2548 250 2586; x_wconf 93' lang='lat' dir='ltr'>cum</span> <span class='ocrx_word' id='word_1_171' title='bbox 266 2535 414 2586; x_wconf 84' lang='lat' dir='ltr'>rectissime</span> <span class='ocrx_word' id='word_1_172' title='bbox 432 2534 548 2595; x_wconf 85' lang='lat' dir='ltr'>dicetur,</span> <span class='ocrx_word' id='word_1_173' title='bbox 566 2533 659 2597; x_wconf 87' lang='lat' dir='ltr'>quidni</span> <span class='ocrx_word' id='word_1_174' title='bbox 695 2531 763 2595; x_wconf 75' lang='lat' dir='ltr'>legin</span> <span class='ocrx_word' id='word_1_175' title='bbox 781 2533 911 2584; x_wconf 86' lang='lat' dir='ltr'>diseunt.»</span> <span class='ocrx_word' id='word_1_176' title='bbox 930 2561 958 2569; x_wconf 95' lang='lat'>—</span> <span class='ocrx_word' id='word_1_177' title='bbox 976 2535 1029 2584; x_wconf 78' lang='lat' dir='ltr'>turn</span> <span class='ocrx_word' id='word_1_178' title='bbox 1043 2537 1118 2601; x_wconf 82' lang='grc'><strong>4444]</strong></span> <span class='ocrx_word' id='word_1_179' title='bbox 1138 2537 1218 2586; x_wconf 73' lang='lat' dir='ltr'>«tude</span> 
     </span>
    </p>
   </div>
   <div class='ocr_carea' id='block_1_8' title="bbox 131 2607 1282 4302">
    <p class='ocr_par' dir='ltr' id='par_1_12' title="bbox 131 2607 1282 3784">
     <span class='ocr_line' id='line_1_22' title="bbox 131 2607 1217 2675; baseline 0 -15"><span class='ocrx_word' id='word_1_180' title='bbox 131 2610 204 2675; x_wconf 81' lang='lat' dir='ltr'>upnd</span> <span class='ocrx_word' id='word_1_181' title='bbox 220 2611 328 2674; x_wconf 77' lang='lat' dir='ltr'>poetam</span> <span class='ocrx_word' id='word_1_182' title='bbox 346 2609 426 2660; x_wconf 87' lang='lat' dir='ltr'>etium</span> <span class='ocrx_word' id='word_1_183' title='bbox 442 2610 536 2670; x_wconf 77' lang='grc'><strong>444444,</strong></span> <span class='ocrx_word' id='word_1_184' title='bbox 564 2621 659 2672; x_wconf 83' lang='lat' dir='ltr'>purum</span> <span class='ocrx_word' id='word_1_185' title='bbox 695 2608 939 2657; x_wconf 69' lang='lat' dir='ltr'>annumeremus.»</span> <span class='ocrx_word' id='word_1_186' title='bbox 959 2607 1217 2671; x_wconf 56' lang='grc'><strong>04043433.-</strong></span> 
     </span>
     <span class='ocr_line' id='line_1_23' title="bbox 131 2680 1220 2748; baseline 0 -14"><span class='ocrx_word' id='word_1_187' title='bbox 131 2685 266 2734; x_wconf 80' lang='lat' dir='ltr'>idoneust</span> <span class='ocrx_word' id='word_1_188' title='bbox 299 2682 421 2746; x_wconf 87' lang='lat' dir='ltr'>Sephoel.</span> <span class='ocrx_word' id='word_1_189' title='bbox 443 2682 552 2734; x_wconf 82' lang='lat' dir='ltr'>Philoct.</span> <span class='ocrx_word' id='word_1_190' title='bbox 577 2683 658 2732; x_wconf 81' lang='lat' dir='ltr'>l306:</span> <span class='ocrx_word' id='word_1_191' title='bbox 694 2682 759 2731; x_wconf 79' lang='grc'><strong>4444</strong></span> <span class='ocrx_word' id='word_1_192' title='bbox 774 2680 858 2744; x_wconf 77' lang='lat' dir='ltr'>cltum]</span> <span class='ocrx_word' id='word_1_193' title='bbox 884 2680 1005 2730; x_wconf 76' lang='lat' dir='ltr'>«Deinde</span> <span class='ocrx_word' id='word_1_194' title='bbox 1028 2695 1090 2733; x_wconf 91' lang='lat' dir='ltr'>cnm</span> <span class='ocrx_word' id='word_1_195' title='bbox 1107 2696 1220 2748; x_wconf 75' lang='lat' dir='ltr'>progre-</span> 
     </span>
     <span class='ocr_line' id='line_1_24' title="bbox 132 2750 1282 2826; baseline 0 -19"><span class='ocrx_word' id='word_1_196' title='bbox 132 2750 355 2820; x_wconf 72' lang='grc' dir='ltr'><strong><em>κακοὲςὍντας</em></strong></span> <span class='ocrx_word' id='word_1_197' title='bbox 373 2753 444 2826; x_wconf 79' lang='grc' dir='ltr'><strong><em>πρὸς</em></strong></span> <span class='ocrx_word' id='word_1_198' title='bbox 464 2753 584 2821; x_wconf 77' lang='grc' dir='ltr'><strong><em>αἰχμήν.</em></strong></span> <span class='ocrx_word' id='word_1_199' title='bbox 610 2755 660 2807; x_wconf 79' lang='lat' dir='ltr'>Alii</span> <span class='ocrx_word' id='word_1_200' title='bbox 696 2753 786 2805; x_wconf 83' lang='lat' dir='ltr'>diente</span> <span class='ocrx_word' id='word_1_201' title='bbox 803 2756 889 2804; x_wconf 82' lang='grc'><strong>444444</strong></span> <span class='ocrx_word' id='word_1_202' title='bbox 901 2753 1088 2807; x_wconf 76' lang='lat' dir='ltr'>adolescentes</span> <span class='ocrx_word' id='word_1_203' title='bbox 1099 2758 1152 2806; x_wconf 79' lang='lat' dir='ltr'>lem</span> <span class='ocrx_word' id='word_1_204' title='bbox 1164 2756 1221 2807; x_wconf 85' lang='lat' dir='ltr'>ido·</span> <span class='ocrx_word' id='word_1_205' title='bbox 1277 2785 1282 2807; x_wconf 81' lang='lat' dir='ltr'>t</span> 
     </span>
     <span class='ocr_line' id='line_1_25' title="bbox 131 2829 1221 2894; baseline -0.001 -11"><span class='ocrx_word' id='word_1_206' title='bbox 131 2833 238 2883; x_wconf 75' lang='grc'><strong>4444444444</strong></span> <span class='ocrx_word' id='word_1_207' title='bbox 255 2831 356 2881; x_wconf 86' lang='lat' dir='ltr'>hebent</span> <span class='ocrx_word' id='word_1_208' title='bbox 374 2843 422 2894; x_wconf 89' lang='lat' dir='ltr'>pru</span> <span class='ocrx_word' id='word_1_209' title='bbox 439 2832 568 2894; x_wconf 77' lang='lat' dir='ltr'>genitivo,</span> <span class='ocrx_word' id='word_1_210' title='bbox 587 2833 617 2880; x_wconf 92' lang='lat' dir='ltr'>ut</span> <span class='ocrx_word' id='word_1_211' title='bbox 633 2831 659 2880; x_wconf 90' lang='lat' dir='ltr'>in</span> <span class='ocrx_word' id='word_1_212' title='bbox 696 2829 740 2878; x_wconf 87' lang='lat' dir='ltr'>nei</span> <span class='ocrx_word' id='word_1_213' title='bbox 766 2829 832 2878; x_wconf 86' lang='lat' dir='ltr'>liunt</span> <span class='ocrx_word' id='word_1_214' title='bbox 856 2829 891 2878; x_wconf 86' lang='lat' dir='ltr'>ed</span> <span class='ocrx_word' id='word_1_215' title='bbox 912 2832 1055 2894; x_wconf 81' lang='lat' dir='ltr'>praecepte</span> <span class='ocrx_word' id='word_1_216' title='bbox 1071 2832 1176 2882; x_wconf 85' lang='lat' dir='ltr'>virtutis</span> <span class='ocrx_word' id='word_1_217' title='bbox 1193 2835 1221 2882; x_wconf 90' lang='lat' dir='ltr'>et</span> 
     </span>
     <span class='ocr_line' id='line_1_26' title="bbox 132 2901 1218 2967; baseline -0.002 -9"><span class='ocrx_word' id='word_1_218' title='bbox 132 2906 177 2958; x_wconf 92' lang='lat' dir='ltr'>illo</span> <span class='ocrx_word' id='word_1_219' title='bbox 194 2907 263 2956; x_wconf 83' lang='lat' dir='ltr'>domi</span> <span class='ocrx_word' id='word_1_220' title='bbox 272 2905 438 2966; x_wconf 78' lang='lat' dir='ltr'>militiaeque,</span> <span class='ocrx_word' id='word_1_221' title='bbox 457 2904 506 2956; x_wconf 85' lang='lat' dir='ltr'>sed</span> <span class='ocrx_word' id='word_1_222' title='bbox 518 2919 542 2954; x_wconf 89' lang='lat' dir='ltr'>v.</span> <span class='ocrx_word' id='word_1_223' title='bbox 554 2906 661 2956; x_wconf 79' lang='lat' dir='ltr'>militiae</span> <span class='ocrx_word' id='word_1_224' title='bbox 696 2903 842 2965; x_wconf 80' lang='lat' dir='ltr'>supientiae</span> <span class='ocrx_word' id='word_1_225' title='bbox 853 2901 1022 2966; x_wconf 80' lang='lat' dir='ltr'>intelligenda</span> <span class='ocrx_word' id='word_1_226' title='bbox 1031 2905 1218 2967; x_wconf 82' lang='lat' dir='ltr'>ncretineudu,</span> 
     </span>
     <span class='ocr_line' id='line_1_27' title="bbox 132 2975 1221 3044; baseline 0 -14"><span class='ocrx_word' id='word_1_227' title='bbox 132 2983 175 3030; x_wconf 86' lang='lat' dir='ltr'>vix</span> <span class='ocrx_word' id='word_1_228' title='bbox 189 2981 324 3044; x_wconf 89' lang='lat' dir='ltr'>reperitur</span> <span class='ocrx_word' id='word_1_229' title='bbox 335 2977 457 3030; x_wconf 77' lang='lat' dir='ltr'>absolute</span> <span class='ocrx_word' id='word_1_230' title='bbox 468 2981 525 3030; x_wconf 85' lang='lat' dir='ltr'>slus</span> <span class='ocrx_word' id='word_1_231' title='bbox 537 2981 659 3044; x_wconf 90' lang='lat' dir='ltr'>opposito</span> <span class='ocrx_word' id='word_1_232' title='bbox 697 2975 757 3026; x_wconf 82' lang='lat' dir='ltr'>teliu</span> <span class='ocrx_word' id='word_1_233' title='bbox 774 2977 806 3027; x_wconf 82' lang='lat' dir='ltr'>iis</span> <span class='ocrx_word' id='word_1_234' title='bbox 822 2976 954 3040; x_wconf 76' lang='lat' dir='ltr'>praebent</span> <span class='ocrx_word' id='word_1_235' title='bbox 969 2980 1077 3040; x_wconf 74' lang='lat' dir='ltr'>postne,</span> <span class='ocrx_word' id='word_1_236' title='bbox 1101 2983 1128 3030; x_wconf 89' lang='lat' dir='ltr'>et</span> <span class='ocrx_word' id='word_1_237' title='bbox 1143 2985 1221 3044; x_wconf 76' lang='lat' dir='ltr'>proto</span> 
     </span>
     <span class='ocr_line' id='line_1_28' title="bbox 132 3049 1220 3118; baseline 0.002 -13"><span class='ocrx_word' id='word_1_238' title='bbox 132 3056 201 3106; x_wconf 70' lang='lat' dir='ltr'>domo·</span> <span class='ocrx_word' id='word_1_239' title='bbox 219 3056 270 3104; x_wconf 87' lang='lat' dir='ltr'>cet.</span> <span class='ocrx_word' id='word_1_240' title='bbox 292 3066 358 3118; x_wconf 91' lang='lat' dir='ltr'>pro:</span> <span class='ocrx_word' id='word_1_241' title='bbox 376 3055 403 3102; x_wconf 81' lang='grc'>44</span> <span class='ocrx_word' id='word_1_242' title='bbox 419 3053 518 3103; x_wconf 82' lang='lat' dir='ltr'>mttitto.</span> <span class='ocrx_word' id='word_1_243' title='bbox 535 3079 561 3090; x_wconf 86' lang='lat'>—-</span> <span class='ocrx_word' id='word_1_244' title='bbox 575 3054 604 3102; x_wconf 81' lang='lat' dir='ltr'>st</span> <span class='ocrx_word' id='word_1_245' title='bbox 615 3055 661 3104; x_wconf 78' lang='lat' dir='ltr'>doe</span> <span class='ocrx_word' id='word_1_246' title='bbox 696 3050 818 3113; x_wconf 86' lang='lat' dir='ltr'>quidem,</span> <span class='ocrx_word' id='word_1_247' title='bbox 832 3051 917 3100; x_wconf 80' lang='lat' dir='ltr'>emico</span> <span class='ocrx_word' id='word_1_248' title='bbox 930 3053 957 3101; x_wconf 90' lang='lat' dir='ltr'>et</span> <span class='ocrx_word' id='word_1_249' title='bbox 968 3049 1114 3116; x_wconf 84' lang='lat' dir='ltr'>benevola,</span> <span class='ocrx_word' id='word_1_250' title='bbox 1132 3055 1220 3107; x_wconf 85' lang='lat' dir='ltr'>minus</span> 
     </span>
     <span class='ocr_line' id='line_1_29' title="bbox 131 3125 1220 3194; baseline 0 -14"><span class='ocrx_word' id='word_1_251' title='bbox 131 3129 185 3192; x_wconf 83' lang='lat' dir='ltr'>boc]</span> <span class='ocrx_word' id='word_1_252' title='bbox 211 3129 255 3177; x_wconf 79' lang='lat' dir='ltr'>«st</span> <span class='ocrx_word' id='word_1_253' title='bbox 273 3127 400 3177; x_wconf 83' lang='lat' dir='ltr'>concedis</span> <span class='ocrx_word' id='word_1_254' title='bbox 417 3127 458 3177; x_wconf 84' lang='lat' dir='ltr'>bis</span> <span class='ocrx_word' id='word_1_255' title='bbox 476 3128 573 3190; x_wconf 86' lang='lat' dir='ltr'>quietis</span> <span class='ocrx_word' id='word_1_256' title='bbox 590 3139 660 3190; x_wconf 83' lang='lat' dir='ltr'>qun·</span> <span class='ocrx_word' id='word_1_257' title='bbox 696 3125 763 3174; x_wconf 80' lang='lat' dir='ltr'>dure</span> <span class='ocrx_word' id='word_1_258' title='bbox 775 3127 855 3188; x_wconf 78' lang='lat' dir='ltr'>utque</span> <span class='ocrx_word' id='word_1_259' title='bbox 866 3138 976 3189; x_wconf 76' lang='lat' dir='ltr'>aspera,</span> <span class='ocrx_word' id='word_1_260' title='bbox 995 3131 1151 3191; x_wconf 83' lang='lat' dir='ltr'>quumsunt</span> <span class='ocrx_word' id='word_1_261' title='bbox 1161 3129 1220 3194; x_wconf 88' lang='lat' dir='ltr'>ple-</span> 
     </span>
     <span class='ocr_line' id='line_1_30' title="bbox 134 3198 1221 3268; baseline 0.002 -15"><span class='ocrx_word' id='word_1_262' title='bbox 134 3217 187 3268; x_wconf 82' lang='lat' dir='ltr'>que</span> <span class='ocrx_word' id='word_1_263' title='bbox 205 3201 361 3260; x_wconf 80' lang='lat' dir='ltr'>virtutibus,</span> <span class='ocrx_word' id='word_1_264' title='bbox 387 3201 438 3252; x_wconf 88' lang='lat' dir='ltr'>flde</span> <span class='ocrx_word' id='word_1_265' title='bbox 455 3215 487 3251; x_wconf 81' lang='lat' dir='ltr'>ac</span> <span class='ocrx_word' id='word_1_266' title='bbox 505 3204 660 3266; x_wconf 84' lang='lat' dir='ltr'>temperen—</span> <span class='ocrx_word' id='word_1_267' title='bbox 695 3212 779 3263; x_wconf 83' lang='lat' dir='ltr'>reque</span> <span class='ocrx_word' id='word_1_268' title='bbox 804 3198 1049 3264; x_wconf 78' lang='lat' dir='ltr'>pbilosophorum.»</span> <span class='ocrx_word' id='word_1_269' title='bbox 1078 3202 1221 3268; x_wconf 68' lang='lat' dir='ltr'>(ncompo-</span> 
     </span>
     <span class='ocr_line' id='line_1_31' title="bbox 133 3273 1221 3342; baseline 0.001 -14"><span class='ocrx_word' id='word_1_270' title='bbox 133 3279 184 3339; x_wconf 80' lang='grc'><strong>444,</strong></span> <span class='ocrx_word' id='word_1_271' title='bbox 203 3276 413 3340; x_wconf 79' lang='lat' dir='ltr'>rempublicam</span> <span class='ocrx_word' id='word_1_272' title='bbox 431 3275 558 3342; x_wconf 79' lang='lat' dir='ltr'>legesque</span> <span class='ocrx_word' id='word_1_273' title='bbox 576 3276 660 3328; x_wconf 87' lang='lat' dir='ltr'>stubi·</span> <span class='ocrx_word' id='word_1_274' title='bbox 696 3277 796 3326; x_wconf 88' lang='lat' dir='ltr'>nuutur</span> <span class='ocrx_word' id='word_1_275' title='bbox 810 3273 894 3324; x_wconf 84' lang='lat' dir='ltr'>verba</span> <span class='ocrx_word' id='word_1_276' title='bbox 906 3276 1066 3337; x_wconf 71' lang='grc'><strong>4444444444,</strong></span> <span class='ocrx_word' id='word_1_277' title='bbox 1085 3280 1128 3338; x_wconf 85' lang='lat' dir='ltr'>ut,</span> <span class='ocrx_word' id='word_1_278' title='bbox 1147 3279 1221 3342; x_wconf 85' lang='lat' dir='ltr'>quod</span> 
     </span>
     <span class='ocr_line' id='line_1_32' title="bbox 132 3349 1219 3413; baseline -0.002 -11"><span class='ocrx_word' id='word_1_279' title='bbox 132 3351 200 3402; x_wconf 72' lang='lat' dir='ltr'>lbi.-</span> <span class='ocrx_word' id='word_1_280' title='bbox 220 3350 295 3402; x_wconf 87' lang='lat' dir='ltr'>Conl.</span> <span class='ocrx_word' id='word_1_281' title='bbox 310 3351 363 3401; x_wconf 86' lang='lat' dir='ltr'>Sel.</span> <span class='ocrx_word' id='word_1_282' title='bbox 377 3353 405 3413; x_wconf 91' lang='grc'>4,</span> <span class='ocrx_word' id='word_1_283' title='bbox 424 3349 454 3412; x_wconf 84' lang='grc'>4,</span> <span class='ocrx_word' id='word_1_284' title='bbox 473 3351 514 3400; x_wconf 80' lang='grc'>39.</span> <span class='ocrx_word' id='word_1_285' title='bbox 535 3352 562 3411; x_wconf 88' lang='grc'>4,</span> <span class='ocrx_word' id='word_1_286' title='bbox 577 3351 619 3410; x_wconf 79' lang='lat' dir='ltr'>to,</span> <span class='ocrx_word' id='word_1_287' title='bbox 633 3353 657 3400; x_wconf 80' lang='lat' dir='ltr'>u.</span> <span class='ocrx_word' id='word_1_288' title='bbox 696 3349 820 3407; x_wconf 79' lang='lat' dir='ltr'>accedat,</span> <span class='ocrx_word' id='word_1_289' title='bbox 843 3349 1032 3411; x_wconf 74' lang='lat' dir='ltr'>significetur.»</span> <span class='ocrx_word' id='word_1_290' title='bbox 1054 3351 1127 3401; x_wconf 71' lang='lat' dir='ltr'>litun</span> <span class='ocrx_word' id='word_1_291' title='bbox 1143 3355 1219 3404; x_wconf 80' lang='lat' dir='ltr'>Turs.</span> 
     </span>
     <span class='ocr_line' id='line_1_33' title="bbox 133 3422 1221 3488; baseline 0 -12"><span class='ocrx_word' id='word_1_292' title='bbox 133 3424 260 3486; x_wconf 56' lang='lat' dir='ltr'>mli.</span> <span class='ocrx_word' id='word_1_293' title='bbox 279 3425 575 3487; x_wconf 75' lang='lat' dir='ltr'>Cic.Tusc.l,lt‚25.</span> <span class='ocrx_word' id='word_1_294' title='bbox 603 3423 659 3475; x_wconf 87' lang='lat' dir='ltr'>Noli</span> <span class='ocrx_word' id='word_1_295' title='bbox 696 3426 727 3474; x_wconf 91' lang='lat'>11.</span> <span class='ocrx_word' id='word_1_296' title='bbox 738 3437 764 3488; x_wconf 91' lang='lat' dir='ltr'>p.</span> <span class='ocrx_word' id='word_1_297' title='bbox 775 3422 1141 3488; x_wconf 67' lang='lat' dir='ltr'>554.)-prneceptteformut]</span> <span class='ocrx_word' id='word_1_298' title='bbox 1152 3427 1221 3477; x_wconf 87' lang='lat' dir='ltr'>Dee-</span> 
     </span>
     <span class='ocr_line' id='line_1_34' title="bbox 132 3498 1221 3561; baseline 0.001 -13"><span class='ocrx_word' id='word_1_299' title='bbox 132 3513 200 3549; x_wconf 82' lang='lat' dir='ltr'>vero</span> <span class='ocrx_word' id='word_1_300' title='bbox 218 3511 281 3548; x_wconf 91' lang='lat' dir='ltr'>cum</span> <span class='ocrx_word' id='word_1_301' title='bbox 306 3499 358 3548; x_wconf 78' lang='lat' dir='ltr'>Fen</span> <span class='ocrx_word' id='word_1_302' title='bbox 375 3498 446 3549; x_wconf 89' lang='lat' dir='ltr'>bunc</span> <span class='ocrx_word' id='word_1_303' title='bbox 462 3512 488 3549; x_wconf 83' lang='lat' dir='ltr'>r.</span> <span class='ocrx_word' id='word_1_304' title='bbox 507 3499 607 3550; x_wconf 84' lang='lat' dir='ltr'>reterre</span> <span class='ocrx_word' id='word_1_305' title='bbox 625 3498 660 3549; x_wconf 86' lang='lat' dir='ltr'>nd</span> <span class='ocrx_word' id='word_1_306' title='bbox 696 3498 772 3558; x_wconf 82' lang='lat' dir='ltr'>ringii</span> <span class='ocrx_word' id='word_1_307' title='bbox 794 3509 868 3560; x_wconf 88' lang='lat' dir='ltr'>susp.</span> <span class='ocrx_word' id='word_1_308' title='bbox 883 3499 971 3560; x_wconf 73' lang='lat' dir='ltr'>timot</span> <span class='ocrx_word' id='word_1_309' title='bbox 987 3509 1073 3559; x_wconf 84' lang='lat' dir='ltr'>neque</span> <span class='ocrx_word' id='word_1_310' title='bbox 1092 3510 1221 3561; x_wconf 83' lang='lat' dir='ltr'>supervu-</span> 
     </span>
     <span class='ocr_line' id='line_1_35' title="bbox 134 3568 1219 3638; baseline -0.003 -12"><span class='ocrx_word' id='word_1_311' title='bbox 134 3574 293 3638; x_wconf 79' lang='lat' dir='ltr'>sequentis,</span> <span class='ocrx_word' id='word_1_312' title='bbox 327 3585 396 3636; x_wconf 78' lang='lat' dir='ltr'>quae</span> <span class='ocrx_word' id='word_1_313' title='bbox 421 3587 503 3638; x_wconf 83' lang='lat' dir='ltr'>purvu</span> <span class='ocrx_word' id='word_1_314' title='bbox 530 3572 581 3624; x_wconf 92' lang='lat' dir='ltr'>dici</span> <span class='ocrx_word' id='word_1_315' title='bbox 607 3586 661 3624; x_wconf 91' lang='lat' dir='ltr'>non</span> <span class='ocrx_word' id='word_1_316' title='bbox 697 3583 780 3621; x_wconf 84' lang='lat' dir='ltr'>neuen</span> <span class='ocrx_word' id='word_1_317' title='bbox 797 3572 839 3620; x_wconf 89' lang='lat' dir='ltr'>est</span> <span class='ocrx_word' id='word_1_318' title='bbox 848 3582 880 3618; x_wconf 82' lang='lat' dir='ltr'>ec</span> <span class='ocrx_word' id='word_1_319' title='bbox 891 3568 969 3620; x_wconf 89' lang='lat' dir='ltr'>lectio</span> <span class='ocrx_word' id='word_1_320' title='bbox 983 3572 1062 3622; x_wconf 87' lang='lat' dir='ltr'>unius</span> <span class='ocrx_word' id='word_1_321' title='bbox 1073 3572 1141 3621; x_wconf 79' lang='lat' dir='ltr'>Fene</span> <span class='ocrx_word' id='word_1_322' title='bbox 1154 3573 1219 3624; x_wconf 90' lang='lat' dir='ltr'>Cod.</span> 
     </span>
     <span class='ocr_line' id='line_1_36' title="bbox 133 3643 1222 3712; baseline 0.001 -14"><span class='ocrx_word' id='word_1_323' title='bbox 133 3649 266 3712; x_wconf 79' lang='lat' dir='ltr'>poteraut.</span> <span class='ocrx_word' id='word_1_324' title='bbox 697 3647 769 3696; x_wconf 77' lang='grc'><strong>444444</strong></span> <span class='ocrx_word' id='word_1_325' title='bbox 785 3644 905 3706; x_wconf 72' lang='lat' dir='ltr'>inseruerat</span> <span class='ocrx_word' id='word_1_326' title='bbox 921 3643 1061 3696; x_wconf 79' lang='lat' dir='ltr'>manifesto</span> <span class='ocrx_word' id='word_1_327' title='bbox 1079 3659 1111 3696; x_wconf 84' lang='lat' dir='ltr'>er</span> <span class='ocrx_word' id='word_1_328' title='bbox 1122 3645 1222 3709; x_wconf 73' lang='lat' dir='ltr'>glosse-</span> 
     </span>
     <span class='ocr_line' id='line_1_37' title="bbox 697 3717 1220 3784; baseline 0.002 -14"><span class='ocrx_word' id='word_1_329' title='bbox 697 3718 1015 3782; x_wconf 66' lang='lat' dir='ltr'>meteone—corrector]</span> <span class='ocrx_word' id='word_1_330' title='bbox 1025 3717 1073 3769; x_wconf 78' lang='lat' dir='ltr'>Alii</span> <span class='ocrx_word' id='word_1_331' title='bbox 1082 3726 1220 3784; x_wconf 74' lang='lat' dir='ltr'>correptor,</span> 
     </span>
    </p>

    <p class='ocr_par' dir='ltr' id='par_1_13' title="bbox 133 3792 1224 4302">
     <span class='ocr_line' id='line_1_38' title="bbox 166 3792 1222 3861; baseline 0.001 -15"><span class='ocrx_word' id='word_1_332' title='bbox 166 3795 290 3846; x_wconf 76' lang='grc'><strong>436-434.</strong></span> <span class='ocrx_word' id='word_1_333' title='bbox 313 3796 418 3860; x_wconf 65' lang='lat' dir='ltr'>mot]</span> <span class='ocrx_word' id='word_1_334' title='bbox 438 3796 549 3847; x_wconf 74' lang='lat' dir='ltr'>normal</span> <span class='ocrx_word' id='word_1_335' title='bbox 565 3809 662 3861; x_wconf 89' lang='lat' dir='ltr'>puero-</span> <span class='ocrx_word' id='word_1_336' title='bbox 698 3793 916 3858; x_wconf 54' lang='lat' dir='ltr'>«reprehensore</span> <span class='ocrx_word' id='word_1_337' title='bbox 926 3793 979 3844; x_wconf 89' lang='lat' dir='ltr'>Sed</span> <span class='ocrx_word' id='word_1_338' title='bbox 988 3792 1051 3844; x_wconf 89' lang='lat' dir='ltr'>illud</span> <span class='ocrx_word' id='word_1_339' title='bbox 1059 3795 1222 3860; x_wconf 85' lang='lat' dir='ltr'>potiuscpus</span> 
     </span>
     <span class='ocr_line' id='line_1_39' title="bbox 133 3867 1221 3932; baseline -0.003 -12"><span class='ocrx_word' id='word_1_340' title='bbox 133 3883 195 3920; x_wconf 89' lang='lat' dir='ltr'>rum</span> <span class='ocrx_word' id='word_1_341' title='bbox 213 3883 294 3930; x_wconf 58' lang='lat' dir='ltr'>orep·</span> <span class='ocrx_word' id='word_1_342' title='bbox 312 3873 342 3920; x_wconf 89' lang='lat' dir='ltr'>ut</span> <span class='ocrx_word' id='word_1_343' title='bbox 358 3871 394 3920; x_wconf 80' lang='lat' dir='ltr'>eit</span> <span class='ocrx_word' id='word_1_344' title='bbox 405 3869 511 3930; x_wconf 82' lang='lat' dir='ltr'>Quintil.</span> <span class='ocrx_word' id='word_1_345' title='bbox 527 3871 567 3930; x_wconf 89' lang='grc'>44,</span> <span class='ocrx_word' id='word_1_346' title='bbox 580 3871 605 3931; x_wconf 90' lang='grc'><strong>3,</strong></span> <span class='ocrx_word' id='word_1_347' title='bbox 618 3871 658 3920; x_wconf 87' lang='grc'>34.</span> <span class='ocrx_word' id='word_1_348' title='bbox 698 3870 746 3928; x_wconf 88' lang='lat' dir='ltr'>est,</span> <span class='ocrx_word' id='word_1_349' title='bbox 757 3871 787 3916; x_wconf 90' lang='lat' dir='ltr'>ut</span> <span class='ocrx_word' id='word_1_350' title='bbox 795 3867 942 3932; x_wconf 67' lang='grc'><strong>4444494444</strong></span> <span class='ocrx_word' id='word_1_351' title='bbox 949 3868 1088 3932; x_wconf 75' lang='lat' dir='ltr'>asperius,</span> <span class='ocrx_word' id='word_1_352' title='bbox 1098 3867 1124 3918; x_wconf 91' lang='lat' dir='ltr'>id</span> <span class='ocrx_word' id='word_1_353' title='bbox 1134 3871 1185 3930; x_wconf 83' lang='lat' dir='ltr'>est,</span> <span class='ocrx_word' id='word_1_354' title='bbox 1194 3870 1221 3918; x_wconf 88' lang='lat' dir='ltr'>iu</span> 
     </span>
     <span class='ocr_line' id='line_1_40' title="bbox 135 3939 1222 4008; baseline -0.004 -12"><span class='ocrx_word' id='word_1_355' title='bbox 135 3948 162 3996; x_wconf 87' lang='lat' dir='ltr'>et</span> <span class='ocrx_word' id='word_1_356' title='bbox 176 3939 212 3994; x_wconf 82' lang='grc' dir='ltr'>τὸ</span> <span class='ocrx_word' id='word_1_357' title='bbox 224 3940 321 4008; x_wconf 79' lang='grc' dir='ltr'><strong><em>στόμα</em></strong></span> <span class='ocrx_word' id='word_1_358' title='bbox 332 3940 465 3994; x_wconf 78' lang='grc' dir='ltr'>πλάττειν</span> <span class='ocrx_word' id='word_1_359' title='bbox 476 3943 549 3995; x_wconf 88' lang='lat' dir='ltr'>Pluto</span> <span class='ocrx_word' id='word_1_360' title='bbox 561 3944 659 4006; x_wconf 72' lang='lat' dir='ltr'>Crstyl.</span> <span class='ocrx_word' id='word_1_361' title='bbox 697 3941 888 3992; x_wconf 76' lang='lat' dir='ltr'>humanitatem</span> <span class='ocrx_word' id='word_1_362' title='bbox 905 3943 985 4005; x_wconf 85' lang='lat' dir='ltr'>etque</span> <span class='ocrx_word' id='word_1_363' title='bbox 1000 3943 1153 3992; x_wconf 78' lang='lat' dir='ltr'>comitatem</span> <span class='ocrx_word' id='word_1_364' title='bbox 1164 3954 1222 3992; x_wconf 92' lang='lat' dir='ltr'>mu-</span> 
     </span>
     <span class='ocr_line' id='line_1_41' title="bbox 134 4016 1222 4082; baseline -0.004 -12"><span class='ocrx_word' id='word_1_365' title='bbox 134 4031 161 4082; x_wconf 85' lang='lat' dir='ltr'>p.</span> <span class='ocrx_word' id='word_1_366' title='bbox 175 4016 234 4070; x_wconf 80' lang='lat' dir='ltr'>tlt.</span> <span class='ocrx_word' id='word_1_367' title='bbox 245 4019 293 4078; x_wconf 88' lang='lat' dir='ltr'>D.;</span> <span class='ocrx_word' id='word_1_368' title='bbox 312 4017 464 4070; x_wconf 76' lang='lat' dir='ltr'>ediscendis</span> <span class='ocrx_word' id='word_1_369' title='bbox 480 4019 552 4068; x_wconf 89' lang='lat' dir='ltr'>euim</span> <span class='ocrx_word' id='word_1_370' title='bbox 568 4021 662 4082; x_wconf 78' lang='lat' dir='ltr'>poeta-</span> <span class='ocrx_word' id='word_1_371' title='bbox 699 4018 785 4075; x_wconf 88' lang='lat' dir='ltr'>tetur,</span> <span class='ocrx_word' id='word_1_372' title='bbox 803 4028 885 4079; x_wconf 84' lang='lat' dir='ltr'>quum</span> <span class='ocrx_word' id='word_1_373' title='bbox 902 4019 932 4066; x_wconf 87' lang='lat' dir='ltr'>ut</span> <span class='ocrx_word' id='word_1_374' title='bbox 947 4017 1103 4078; x_wconf 76' lang='lat' dir='ltr'>corripiatur</span> <span class='ocrx_word' id='word_1_375' title='bbox 1119 4016 1222 4067; x_wconf 67' lang='lat' dir='ltr'>dumb-</span> 
     </span>
     <span class='ocr_line' id='line_1_42' title="bbox 134 4089 1220 4154; baseline -0.004 -12"><span class='ocrx_word' id='word_1_376' title='bbox 134 4104 196 4142; x_wconf 87' lang='lat' dir='ltr'>rum</span> <span class='ocrx_word' id='word_1_377' title='bbox 222 4090 288 4142; x_wconf 86' lang='lat' dir='ltr'>locis</span> <span class='ocrx_word' id='word_1_378' title='bbox 314 4093 341 4141; x_wconf 88' lang='lat' dir='ltr'>et</span> <span class='ocrx_word' id='word_1_379' title='bbox 365 4094 490 4144; x_wconf 80' lang='lat' dir='ltr'>accurate</span> <span class='ocrx_word' id='word_1_380' title='bbox 519 4091 662 4142; x_wconf 71' lang='lat' dir='ltr'>recitandis</span> <span class='ocrx_word' id='word_1_381' title='bbox 697 4093 750 4140; x_wconf 78' lang='lat' dir='ltr'>xat.</span> <span class='ocrx_word' id='word_1_382' title='bbox 773 4090 859 4140; x_wconf 77' lang='lat' dir='ltr'>Etiam</span> <span class='ocrx_word' id='word_1_383' title='bbox 875 4103 918 4154; x_wconf 84' lang='lat' dir='ltr'>up.</span> <span class='ocrx_word' id='word_1_384' title='bbox 936 4091 1066 4140; x_wconf 77' lang='lat' dir='ltr'>senecam</span> <span class='ocrx_word' id='word_1_385' title='bbox 1084 4089 1119 4139; x_wconf 88' lang='lat' dir='ltr'>de</span> <span class='ocrx_word' id='word_1_386' title='bbox 1136 4091 1177 4139; x_wconf 81' lang='lat' dir='ltr'>lru</span> <span class='ocrx_word' id='word_1_387' title='bbox 1195 4089 1220 4147; x_wconf 78' lang='lat'>2,</span> 
     </span>
     <span class='ocr_line' id='line_1_43' title="bbox 135 4163 1224 4236; baseline -0.004 -20"><span class='ocrx_word' id='word_1_388' title='bbox 135 4167 351 4236; x_wconf 75' lang='grc' dir='ltr'>γραμματισταὶ</span> <span class='ocrx_word' id='word_1_389' title='bbox 367 4166 576 4231; x_wconf 70' lang='lat' dir='ltr'>respectabant,</span> <span class='ocrx_word' id='word_1_390' title='bbox 596 4166 662 4216; x_wconf 87' lang='lat' dir='ltr'>utin</span> <span class='ocrx_word' id='word_1_391' title='bbox 700 4165 740 4225; x_wconf 94' lang='grc'><strong>40,</strong></span> <span class='ocrx_word' id='word_1_392' title='bbox 759 4163 783 4215; x_wconf 87' lang='grc'><strong>4.</strong></span> <span class='ocrx_word' id='word_1_393' title='bbox 803 4167 830 4212; x_wconf 90' lang='grc'>44</span> <span class='ocrx_word' id='word_1_394' title='bbox 846 4163 873 4224; x_wconf 85' lang='grc'><strong>3,</strong></span> <span class='ocrx_word' id='word_1_395' title='bbox 887 4163 933 4225; x_wconf 85' lang='grc'><strong>37,</strong></span> <span class='ocrx_word' id='word_1_396' title='bbox 947 4165 971 4214; x_wconf 89' lang='grc'>4.</span> <span class='ocrx_word' id='word_1_397' title='bbox 990 4177 1039 4227; x_wconf 89' lang='lat' dir='ltr'>pro</span> <span class='ocrx_word' id='word_1_398' title='bbox 1055 4167 1224 4225; x_wconf 68' lang='lat' dir='ltr'>correptorem</span> 
     </span>
     <span class='ocr_line' id='line_1_44' title="bbox 135 4236 1223 4302; baseline -0.005 -12"><span class='ocrx_word' id='word_1_399' title='bbox 135 4243 229 4292; x_wconf 82' lang='lat' dir='ltr'>tenere</span> <span class='ocrx_word' id='word_1_400' title='bbox 255 4241 308 4292; x_wconf 84' lang='lat' dir='ltr'>iem</span> <span class='ocrx_word' id='word_1_401' title='bbox 333 4242 419 4292; x_wconf 83' lang='lat' dir='ltr'>eetute</span> <span class='ocrx_word' id='word_1_402' title='bbox 438 4243 511 4293; x_wconf 86' lang='lat' dir='ltr'>esset</span> <span class='ocrx_word' id='word_1_403' title='bbox 527 4239 663 4290; x_wconf 78' lang='lat' dir='ltr'>obsoletius</span> <span class='ocrx_word' id='word_1_404' title='bbox 699 4251 770 4290; x_wconf 85' lang='lat' dir='ltr'>nunc</span> <span class='ocrx_word' id='word_1_405' title='bbox 782 4251 843 4288; x_wconf 90' lang='lat' dir='ltr'>cum</span> <span class='ocrx_word' id='word_1_406' title='bbox 855 4239 962 4302; x_wconf 85' lang='lat' dir='ltr'>optimis</span> <span class='ocrx_word' id='word_1_407' title='bbox 974 4236 1049 4287; x_wconf 88' lang='lat' dir='ltr'>libris</span> <span class='ocrx_word' id='word_1_408' title='bbox 1061 4236 1155 4300; x_wconf 75' lang='lat' dir='ltr'>legitur</span> <span class='ocrx_word' id='word_1_409' title='bbox 1164 4249 1223 4285; x_wconf 87' lang='lat' dir='ltr'>cor-</span> 
     </span>
    </p>
   </div>
   <div class='ocr_carea' id='block_1_9' title="bbox 0 0 1478 4892">
    <p class='ocr_par' dir='ltr' id='par_1_14' title="bbox 0 0 1478 4892">
     <span class='ocr_line' id='line_1_45' title="bbox 0 0 1478 4892; baseline 0 0"><span class='ocrx_word' id='word_1_410' title='bbox 0 0 1478 4892; x_wconf 95' lang='lat' dir='ltr'> </span> 
     </span>
    </p>
   </div>
  </div>
 </body>
</html>
