2925 4892
522 389 582 440 uro.
601 391 619 440 ι.
654 389 753 442 urrsr.
773 393 793 441 r.
1144 393 1207 459 387

159 545 190 611 Si
212 565 276 611 nou
300 555 362 621 est,
387 545 470 611 iurat
491 544 575 614 bene
597 545 675 614 solis
696 567 771 614 esse
792 549 926 616 maritis.

158 669 227 747 Quo
250 675 378 734 teneam
400 665 506 733 voltus
529 676 703 735 mutantem
726 669 844 736 Protea
865 669 980 736 nodo?
1162 673 1207 737 90

157 788 241 868 Quid
263 788 412 876 pauper?
433 786 527 856 llide:
551 798 651 856 motat
673 791 867 869 coenacula,
891 791 1007 865 lectos,

156 909 291 984 Balnea,
315 919 480 986 tonsores
504 907 664 978 conducto
687 911 816 998 navigio
838 933 946 1000 aeque

155 1033 296 1098 Nauseat
316 1051 355 1098 ae
379 1029 541 1118 locuples,
566 1017 666 1118 quem
688 1031 778 1100 ducit
799 1033 891 1120 priva
913 1035 1062 1104 triremis.

180 1173 221 1222 93.
242 1175 285 1236 ac]
301 1179 329 1222 at
347 1173 372 1222 d.

119 1301 144 1311 -
163 1275 223 1327 bene
234 1301 250 1312 -
261 1277 323 1338 esse]
341 1277 400 1326 Vid.
420 1277 454 1326 ad
476 1277 525 1328 Od.
539 1276 572 1340 ¹ll,
596 1277 640 1336 to,
680 1278 859 1328 constantiam
874 1291 954 1330 suam
970 1281 1109 1344 patefacit,
1133 1283 1206 1344 quod

117 1347 154 1399 li,
179 1377 207 1386 —
235 1350 334 1415 Ρνοιοα]
361 1352 484 1401 Βοοηιθε
510 1351 536 1401 in
554 1349 641 1400 Orellii
680 1351 737 1401 sine
755 1351 851 1403 idonea
864 1367 945 1404 causa
956 1355 1038 1405 modo
1055 1357 1107 1416 his,
1125 1356 1207 1408 modo

117 1423 211 1487 Opnso.
225 1428 297 1474 seut.
312 1426 330 1474 l.
343 1437 370 1488 p.
385 1423 429 1474 ⁴6:
448 1419 477 1474 Ὁ
492 1423 547 1490 μὲν
558 1422 642 1494 Πρω-
679 1422 728 1475 illis
747 1425 831 1476 utitur
845 1425 949 1479 balneis
965 1429 1079 1492 publicis
1096 1445 1129 1481 ac
1146 1435 1207 1482 ton·

116 1493 175 1560 τεύς
193 1495 230 1568 τῇ
247 1495 367 1569 μορφῇ,
386 1493 403 1549 ὁ
420 1496 451 1549 δὲ
468 1494 642 1561 ἀπαίδευτος
680 1500 796 1550 strinia.»
817 1527 844 1537 -
863 1503 983 1552 conducto
999 1504 1113 1568 naotpto]
1134 1508 1208 1556 «Na-

116 1569 147 1642 τῇ
163 1571 255 1642 ψυχῇ
275 1574 341 1644 παρ’
363 1567 487 1624 ἕκαστον
506 1569 642 1623 ἀλλοιοῦ-
679 1585 742 1623 vem
754 1575 889 1627 mterdum
901 1576 1035 1639 conducit,
1049 1578 1205 1643 locupletes.

117 1660 167 1696 roc.
185 1646 255 1698 Plat.
268 1648 417 1712 Euthyphr.
429 1661 456 1711 p.
471 1649 510 1698 tt.
526 1649 556 1699 D.
568 1661 574 1696 ε
587 1641 641 1698 οὐκ
679 1648 724 1710 qui
741 1649 865 1714 proprius
881 1649 997 1711 nunant,
1016 1653 1042 1702 io
1060 1666 1093 1703 eo
1111 1651 1206 1704 saltem

116 1715 239 1786 ἀφετέος
264 1717 303 1783 εἳ,
329 1715 465 1793 ὥσπερὸ
490 1719 640 1794 Πρωτεύς,
679 1720 878 1783 aemulatum,
909 1726 938 1774 ut
964 1726 1019 1790 ipse
1045 1739 1153 1791 quoque
1179 1729 1206 1779 ln

116 1798 178 1868 πρὶν
192 1792 336 1866 dariam.
360 1797 500 1848 Conlsat.
514 1798 544 1857 2,
558 1799 585 1858 3,
599 1799 640 1848 Ἡ.
679 1793 770 1846 locum
794 1795 911 1861 aliquem
938 1811 1099 1860 amoenum,
1126 1800 1207 1853 veluti

145 1872 232 1922 ut-eo.
254 1873 319 1934 Quid
327 1871 452 1936 pauperi]
466 1871 558 1934 «Quid,
569 1872 642 1936 quod
679 1870 769 1930 Baias,
787 1871 913 1933 vehatur,
932 1885 994 1924 cum
1012 1887 1045 1925 eo
1062 1877 1153 1926 tamen
1170 1879 1209 1926 in-

115 1945 153 1998 rel
165 1959 304 2012 pauperes
314 1947 386 1996 haud
396 1947 482 1998 minus
491 1949 642 1998 inconstan·
680 1945 839 2006 commodo,
859 1949 890 1996 ut
905 1959 992 2010 aeque
1005 1951 1086 2012 atque
1099 1949 1132 2000 illi
1144 1965 1208 2000 nart-

116 2024 152 2072 tes
169 2025 234 2072 sunt
251 2022 276 2071 in
291 2023 345 2070 toto
357 2023 427 2072 vitae
441 2025 547 2080 tenore,
560 2035 642 2085 quam
678 2023 742 2079 stol,
770 2021 878 2084 propria
903 2021 1110 2086 significatione,
1135 2040 1206 2076 aaa·

114 2093 302 2160 locupletem»
328 2119 355 2130 —
381 2096 452 2158 litde]
480 2099 564 2147 Pravo
592 2096 641 2146 ista
679 2089 759 2157 τιᾷν,
785 2094 941 2145 secarunt
966 2097 1042 2146 sein.
1081 2100 1110 2149 lu
1135 2099 1206 2152 hune

114 2170 304 2234 pauperiorum
323 2168 451 2222 sedulitas
468 2171 494 2220 in
513 2171 641 2220 mutando
680 2167 941 2232 corporisingmtam
950 2171 1139 2224 allectumexit
1151 2179 1208 2224 tan-

114 2256 222 2308 aemper
250 2246 323 2294 victu
351 2243 476 2309 cultuque
504 2257 558 2294 non
584 2245 641 2294 sine
680 2241 744 2292 dem
760 2244 867 2306 utrique
884 2249 992 2308 sperata
1012 2247 1113 2299 itineris
1130 2248 1208 2298 volu-

113 2319 219 2383 propria
231 2317 354 2368 molestia
364 2317 568 2376 elaborantium.
580 2332 641 2370 cum
678 2318 752 2379 pias,
772 2319 848 2368 cuias
865 2322 980 2383 uterque
992 2335 1079 2385 aequo
1096 2337 1159 2372 mox
1171 2325 1208 2374 at-

114 2393 146 2442 ad
162 2395 249 2442 uitam
266 2377 432 2442 tolerandam
450 2391 525 2456 longe
544 2391 593 2443 alia
610 2394 642 2445 iis
680 2390 908 2443 flnitnrrastidio.»
927 2393 984 2446 Noli
995 2401 1087 2448 autem
1097 2399 1207 2462 propter

115 2468 214 2530 agenda
236 2469 342 2526 essent,
370 2465 494 2528 ridicula,
522 2469 552 2517 ut
577 2481 643 2517 con·
679 2467 772 2516 nescio
790 2481 857 2531 quas
875 2467 984 2521 delicias
1000 2484 1025 2521 v.
1044 2472 1207 2522 numennu-

114 2547 274 2594 sentaneum
293 2545 348 2603 est,
373 2543 458 2592 videri
475 2541 558 2592 dehet
574 2542 643 2592 divi·
680 2541 820 2604 torquem
839 2544 948 2606 propria
970 2545 1150 2609 interpretari,
1177 2551 1207 2598 ut

115 2618 182 2669 tibus
194 2619 280 2668 etiam
292 2614 354 2677 illis,
373 2618 418 2680 qui
433 2617 564 2680 pecuniae
577 2629 642 2668 suae
681 2614 865 2664 tantummodo
894 2617 1037 2678 significet:
1069 2618 1204 2680 «fastidit,

16 2731 17 2760 3
115 2690 257 2744 illudentes
283 2703 370 2755 aeque
396 2692 578 2742 inconstanter
603 2693 643 2742 vi·
681 2689 739 2751 lpse
756 2687 806 2738 sibi
824 2687 970 2753 displicet.»
992 2690 1044 2740 Cir.
1058 2693 1139 2742 edam
1151 2692 1211 2742 Plu·

16 2779 17 2784 ¹
115 2773 186 2820 nunt.
224 2769 272 2818 Est
288 2767 381 2829 igitur:
411 2767 457 2816 «Et
475 2769 518 2828 tu,
537 2769 642 2818 Maece·
681 2763 767 2811 tarem
784 2761 1105 2826 locumuostrisimilem‚
1124 2767 1207 2816 lama

116 2855 175 2904 nas,
194 2841 397 2904 etquicunque
416 2841 483 2891 hoec
494 2839 579 2904 leget,
598 2840 643 2890 ha·
682 2834 939 2898 emmunitatem,
958 2838 992 2888 de
1010 2839 1106 2902 Tranq.
1125 2841 1206 2890 nniml

116 2915 172 2976 bet,
191 2929 245 2968 cur
261 2913 642 2965 rideatocet.Bentleianoilli
681 2909 747 2958 od:
775 2901 872 2981 ὥσπερ
895 2911 926 2960 οἱ
945 2909 1033 2963 δειλοὶ
1050 2917 1099 2964 καὶ
1119 2930 1206 2966 ναυ-

16 2965 18 3050 ξ
115 2991 185 3040 alden
201 2996 231 3040 at
253 2987 328 3039 loeus
350 2991 391 3040 est
411 2990 499 3052 polius
516 2990 542 3039 in
560 2989 640 3039 actio-
680 2981 822 3047 τιῶντες
839 2980 927 3052 ἐντῷ
944 2985 1038 3049 πλεῖν,
1056 2985 1119 3040 εἶτα
1133 2983 1207 3059 ῥᾷον

117 3063 192 3115 uibus
211 3066 241 3114 et
263 3064 365 3113 eventis
388 3063 540 3128 improvisis
562 3063 642 3126 alque
681 3056 812 3125 orepavor
828 3057 950 3126 διάξειν,
974 3059 1025 3114 ἐὰν
1041 3067 1083 3127 εἰς
1098 3063 1207 3131 γαῦλον

117 3137 319 3188 admirationem
337 3135 524 3186 excitantibus.
540 3163 567 3172 —
585 3149 643 3186 coo-
681 3132 711 3198 ἐξ
722 3129 849 3199 ἀκάτου,
862 3140 912 3188 καὶ
924 3135 1010 3189 πάλιν
1020 3137 1071 3190 ἐὰν
1080 3144 1120 3203 εἰς
1132 3137 1208 3211 τριή-

117 3213 217 3275 nocam]
227 3213 313 3261 Varro
322 3211 350 3260 L.
361 3212 456 3274 L.5.p.
466 3212 523 3261 tot.
534 3213 642 3275 speon:
680 3225 717 3281 ρη
734 3210 910 3276 μεταβῶσιν,
929 3208 1014 3265 οὐδὲν
1028 3218 1206 3284 περαίνουσι,

119 3289 160 3338 aa
175 3287 333 3347 emebant,
353 3286 554 3336 coenaculum
573 3286 643 3336 voci-
679 3282 735 3350 τὴν
755 3283 847 3351 χολὴν
868 3289 918 3338 καὶ
935 3284 988 3352 τὴν
1008 3286 1115 3340 δειλίαν
1132 3305 1208 3354 συμ-

118 3363 210 3413 tadant.
224 3387 264 3400 --
280 3362 444 3422 Posteaquam
467 3361 494 3410 tn
517 3362 644 3422 ammom
680 3363 893 3433 μεταφέροντες
917 3361 1041 3424 ἑαυτοῖς.
1077 3365 1208 3414 Huiusce-

116 3447 187 3502 parte
197 3440 326 3490 coenitare
342 3442 491 3500 romanat,
509 3439 645 3500 repedanda
682 3435 754 3486 modi
776 3439 868 3486 autem
885 3437 1014 3500 imagines
1035 3436 1145 3487 minime
1167 3438 1207 3487 la-

119 3515 203 3564 dornas
224 3515 345 3563 aninmo
366 3511 542 3563 coenacula
566 3513 643 3563 (licta¹
681 3509 827 3562 stidiebant
837 3511 952 3574 antiqui,
972 3511 1009 3560 uti
1026 3508 1110 3574 liquet
1119 3509 1162 3560 vel
1174 3525 1207 3561 en

120 3588 290 3651 (coemoulrnn
306 3589 421 3650 maerim
436 3585 513 3651 Apul.
532 3588 595 3638 Met.
613 3587 642 3648 9,
681 3586 741 3649 ipso
758 3585 865 3635 Horatio
876 3583 960 3647 Epod.
974 3585 1004 3646 9,
1017 3585 1064 3635 35:
1087 3583 1128 3633 Vel
1141 3587 1208 3646 qaod

120 3662 168 3730 to.)
196 3662 268 3714 Talia
283 3665 375 3714 autem
391 3661 529 3712 coenacula
543 3662 645 3712 matto-
679 3662 797 3725 ttamen
816 3671 939 3708 maneam
962 3659 1108 3721 (vomitum)
1132 3664 1208 3710 coe'r-

120 3740 160 3788 n'o
175 3739 293 3802 (sueton.
306 3735 393 3788 Vitell.
406 3737 441 3801 7.)
458 3735 646 3786 conducebant
681 3731 1079 3796 ceaaitettrenootrcaenoanl
1088 3734 1206 3799 -prioaJ

122 3811 241 3864 homines
258 3813 404 3862 tenuiores.
433 3813 524 3862 iuven.
538 3811 566 3872 3,
579 3812 643 3862 tot:
683 3809 742 3858 nuni
750 3807 884 3872 propria·
898 3808 1005 3858 «Prinos
1013 3808 1208 3873 privasquenn·

124 3887 225 3937 Ultimas
249 3887 360 3948 ardebit,
387 3900 461 3948 quern
484 3887 569 3951 tepntla
592 3886 646 3936 sola
683 3882 1207 3948 liquidicebantprosingulis.Obquam

122 3965 205 4011 tuetur
218 3963 239 4012 A
254 3962 357 4025 plavia,
378 3962 464 4012 ntolles
480 3961 523 4011 ali
539 3962 647 4012 reddant
683 3971 793 4009 oaumm
809 3961 838 4009 et
849 3959 957 4020 privata
976 3959 1114 4021 dicuutur,
1138 3972 1208 4023 quae

122 4047 170 4084 ooa
194 4036 329 4087 adaniae.
367 4035 407 4088 Cl.
429 4037 532 4087 Becker
558 4035 646 4086 Gallias
674 4034 979 4097 ¹uniuscuiusquesuut3
996 4033 1209 4096 hincetpn'vito-

124 4109 174 4171 led,
188 4109 240 4176 alt.)
259 4113 279 4161 l.
292 4125 319 4176 p.
334 4111 373 4163 ll.
395 4139 423 4148 -
442 4112 524 4177 laetos]
547 4113 574 4160 et
596 4124 646 4161 eu·
681 4109 778 4172 pann.»
795 4110 897 4159 fueras.
920 4108 959 4160 Cl.
972 4110 1026 4159 Sat.
1039 4110 1067 4170 2,
1081 4110 1110 4169 a,
1124 4109 1163 4158 tl.
1178 4135 1205 4144 -

124 4183 203 4234 biculi
227 4189 254 4236 et
279 4185 390 4236 triclinii,
416 4213 443 4222 —-
469 4186 574 4251 Balnea]
602 4185 645 4234 rin
682 4184 799 4249 trirmtis]
817 4197 867 4248 pro
879 4182 996 4248 qualibet
1013 4197 1081 4234 nave
1095 4183 1205 4233 maiore.

125 4259 175 4309 boc
193 4273 298 4326 quoque
314 4261 485 4312 vitiositatem
503 4265 583 4324 atque
605 4261 647 4310 in·
684 4259 738 4310 Cio.
751 4259 827 4309 llern
841 4260 936 4310 Accua.
949 4261 978 4317 a,
993 4258 1036 4319 ta,
1054 4256 1098 4309 tt:
1117 4268 1209 4306 nonen
