<?xml version="1.0" encoding="UTF-8"?>
<!DOCTYPE html PUBLIC "-//W3C//DTD XHTML 1.0 Transitional//EN"
    "http://www.w3.org/TR/xhtml1/DTD/xhtml1-transitional.dtd">
<html xmlns="http://www.w3.org/1999/xhtml" xml:lang="en" lang="en">
 <head>
  <title>
</title>
<meta http-equiv="Content-Type" content="text/html;charset=utf-8" />
  <meta name='ocr-system' content='tesseract 3.04.00' />
  <meta name='ocr-capabilities' content='ocr_page ocr_carea ocr_par ocr_line ocrx_word'/>
</head>
<body>
  <div class='ocr_page' id='page_1' title='image "./qhoratiusflaccu03baitgoog/qhoratiusflaccu03baitgoog_0586.png"; bbox 0 0 2925 4892; ppageno 0'>
   <div class='ocr_carea' id='block_1_1' title="bbox 256 345 985 448">
    <p class='ocr_par' dir='ltr' id='par_1_1' title="bbox 256 345 985 448">
     <span class='ocr_line' id='line_1_1' title="bbox 256 345 985 448; baseline -0.025 -33"><span class='ocrx_word' id='word_1_1' title='bbox 256 349 318 414; x_wconf 72' lang='lat'>592</span> <span class='ocrx_word' id='word_1_2' title='bbox 616 347 746 448; x_wconf 63' lang='lat' dir='ltr'>qemun</span> <span class='ocrx_word' id='word_1_3' title='bbox 763 345 985 399; x_wconf 81' lang='lat' dir='ltr'>nrrsromaou</span> 
     </span>
    </p>
   </div>
   <div class='ocr_carea' id='block_1_2' title="bbox 300 499 1347 1075">
    <p class='ocr_par' dir='ltr' id='par_1_2' title="bbox 300 499 1156 592">
     <span class='ocr_line' id='line_1_2' title="bbox 300 499 1156 592; baseline -0.009 -20"><span class='ocrx_word' id='word_1_4' title='bbox 300 507 376 572; x_wconf 88' lang='lat' dir='ltr'>Post</span> <span class='ocrx_word' id='word_1_5' title='bbox 397 503 537 592; x_wconf 79' lang='lat' dir='ltr'>ingentia</span> <span class='ocrx_word' id='word_1_6' title='bbox 560 502 642 570; x_wconf 86' lang='lat' dir='ltr'>lacta</span> <span class='ocrx_word' id='word_1_7' title='bbox 663 501 801 568; x_wconf 89' lang='lat' dir='ltr'>deorum</span> <span class='ocrx_word' id='word_1_8' title='bbox 824 502 857 566; x_wconf 87' lang='lat' dir='ltr'>in</span> <span class='ocrx_word' id='word_1_9' title='bbox 877 499 997 588; x_wconf 87' lang='lat' dir='ltr'>templa</span> <span class='ocrx_word' id='word_1_10' title='bbox 1017 499 1156 586; x_wconf 77' lang='lat' dir='ltr'>recepti,</span> 
     </span>
    </p>

    <p class='ocr_par' dir='ltr' id='par_1_3' title="bbox 300 619 1286 950">
     <span class='ocr_line' id='line_1_3' title="bbox 300 619 1286 708; baseline -0.006 -18"><span class='ocrx_word' id='word_1_11' title='bbox 300 627 383 692; x_wconf 86' lang='lat' dir='ltr'>Dum</span> <span class='ocrx_word' id='word_1_12' title='bbox 405 635 508 692; x_wconf 90' lang='lat' dir='ltr'>terras</span> <span class='ocrx_word' id='word_1_13' title='bbox 531 621 764 708; x_wconf 81' lang='lat' dir='ltr'>hominumque</span> <span class='ocrx_word' id='word_1_14' title='bbox 786 621 896 688; x_wconf 85' lang='lat' dir='ltr'>colunt</span> <span class='ocrx_word' id='word_1_15' title='bbox 916 641 1037 708; x_wconf 79' lang='lat' dir='ltr'>genus,</span> <span class='ocrx_word' id='word_1_16' title='bbox 1059 640 1177 706; x_wconf 88' lang='lat' dir='ltr'>aspera</span> <span class='ocrx_word' id='word_1_17' title='bbox 1199 619 1286 686; x_wconf 88' lang='lat' dir='ltr'>bella</span> 
     </span>
     <span class='ocr_line' id='line_1_4' title="bbox 301 739 1162 834; baseline -0.012 -20"><span class='ocrx_word' id='word_1_18' title='bbox 301 747 517 834; x_wconf 86' lang='lat' dir='ltr'>Componunt‚</span> <span class='ocrx_word' id='word_1_19' title='bbox 542 764 638 832; x_wconf 82' lang='lat' dir='ltr'>agros</span> <span class='ocrx_word' id='word_1_20' title='bbox 660 743 836 830; x_wconf 80' lang='lat' dir='ltr'>assignant,</span> <span class='ocrx_word' id='word_1_21' title='bbox 860 740 981 829; x_wconf 88' lang='lat' dir='ltr'>oppida</span> <span class='ocrx_word' id='word_1_22' title='bbox 1002 739 1162 816; x_wconf 85' lang='lat' dir='ltr'>condunt,</span> 
     </span>
     <span class='ocr_line' id='line_1_5' title="bbox 300 861 1041 950; baseline -0.011 -16"><span class='ocrx_word' id='word_1_23' title='bbox 300 865 472 934; x_wconf 88' lang='lat' dir='ltr'>Plorevere</span> <span class='ocrx_word' id='word_1_24' title='bbox 496 865 563 932; x_wconf 91' lang='lat' dir='ltr'>suis</span> <span class='ocrx_word' id='word_1_25' title='bbox 585 885 649 930; x_wconf 90' lang='lat' dir='ltr'>non</span> <span class='ocrx_word' id='word_1_26' title='bbox 670 861 872 950; x_wconf 90' lang='lat' dir='ltr'>respondere</span> <span class='ocrx_word' id='word_1_27' title='bbox 897 861 1041 928; x_wconf 82' lang='lat' dir='ltr'>levorem</span> 
     </span>
    </p>

    <p class='ocr_par' dir='ltr' id='par_1_4' title="bbox 302 981 1347 1075">
     <span class='ocr_line' id='line_1_6' title="bbox 302 981 1347 1075; baseline -0.007 -20"><span class='ocrx_word' id='word_1_28' title='bbox 302 989 472 1075; x_wconf 78' lang='lat' dir='ltr'>Speratum</span> <span class='ocrx_word' id='word_1_29' title='bbox 495 985 625 1052; x_wconf 88' lang='lat' dir='ltr'>meritis.</span> <span class='ocrx_word' id='word_1_30' title='bbox 669 984 779 1050; x_wconf 90' lang='lat' dir='ltr'>Diram</span> <span class='ocrx_word' id='word_1_31' title='bbox 804 983 860 1070; x_wconf 86' lang='lat' dir='ltr'>qui</span> <span class='ocrx_word' id='word_1_32' title='bbox 882 981 1028 1050; x_wconf 80' lang='lat' dir='ltr'>contudit</span> <span class='ocrx_word' id='word_1_33' title='bbox 1048 981 1187 1071; x_wconf 82' lang='lat' dir='ltr'>hydram</span> <span class='ocrx_word' id='word_1_34' title='bbox 1310 984 1347 1048; x_wconf 85' lang='lat' dir='ltr'>to</span> 
     </span>
    </p>
   </div>
   <div class='ocr_carea' id='block_1_3' title="bbox 293 1150 1321 1514">
    <p class='ocr_par' dir='ltr' id='par_1_5' title="bbox 293 1150 1321 1514">
     <span class='ocr_line' id='line_1_7' title="bbox 325 1150 1320 1220; baseline -0.005 -12"><span class='ocrx_word' id='word_1_35' title='bbox 325 1157 349 1208; x_wconf 81' lang='lat' dir='ltr'>ti.</span> <span class='ocrx_word' id='word_1_36' title='bbox 366 1158 424 1220; x_wconf 78' lang='lat' dir='ltr'>[niu</span> <span class='ocrx_word' id='word_1_37' title='bbox 439 1153 572 1206; x_wconf 80' lang='lat' dir='ltr'>Bentleius</span> <span class='ocrx_word' id='word_1_38' title='bbox 589 1153 657 1202; x_wconf 86' lang='lat' dir='ltr'>coni.</span> <span class='ocrx_word' id='word_1_39' title='bbox 677 1164 764 1216; x_wconf 87' lang='lat' dir='ltr'>nuper</span> <span class='ocrx_word' id='word_1_40' title='bbox 780 1153 807 1202; x_wconf 93' lang='lat' dir='ltr'>in</span> <span class='ocrx_word' id='word_1_41' title='bbox 824 1150 952 1202; x_wconf 82' lang='lat' dir='ltr'>Selrmidii</span> <span class='ocrx_word' id='word_1_42' title='bbox 969 1151 1034 1201; x_wconf 82' lang='lat' dir='ltr'>cod.</span> <span class='ocrx_word' id='word_1_43' title='bbox 1052 1150 1173 1201; x_wconf 84' lang='lat' dir='ltr'>seeundo</span> <span class='ocrx_word' id='word_1_44' title='bbox 1191 1150 1320 1214; x_wconf 68' lang='lat' dir='ltr'>(Goeller</span> 
     </span>
     <span class='ocr_line' id='line_1_8' title="bbox 294 1224 1319 1295; baseline -0.008 -13"><span class='ocrx_word' id='word_1_45' title='bbox 294 1231 401 1295; x_wconf 85' lang='lat' dir='ltr'>bytano)</span> <span class='ocrx_word' id='word_1_46' title='bbox 419 1230 534 1292; x_wconf 88' lang='lat' dir='ltr'>reperta.</span> <span class='ocrx_word' id='word_1_47' title='bbox 550 1253 577 1262; x_wconf 91' lang='lat'>-</span> <span class='ocrx_word' id='word_1_48' title='bbox 595 1227 686 1276; x_wconf 76' lang='lat' dir='ltr'>revecti</span> <span class='ocrx_word' id='word_1_49' title='bbox 702 1239 772 1276; x_wconf 89' lang='lat' dir='ltr'>unns</span> <span class='ocrx_word' id='word_1_50' title='bbox 790 1225 867 1276; x_wconf 85' lang='lat' dir='ltr'>Fene.</span> <span class='ocrx_word' id='word_1_51' title='bbox 887 1225 945 1288; x_wconf 88' lang='lat' dir='ltr'>(Vp.</span> <span class='ocrx_word' id='word_1_52' title='bbox 958 1226 1000 1288; x_wconf 73' lang='lat' dir='ltr'>D.)</span> <span class='ocrx_word' id='word_1_53' title='bbox 1015 1249 1043 1262; x_wconf 93' lang='lat'>-</span> <span class='ocrx_word' id='word_1_54' title='bbox 1062 1225 1087 1274; x_wconf 79' lang='lat'>7.</span> <span class='ocrx_word' id='word_1_55' title='bbox 1106 1225 1169 1275; x_wconf 69' lang='lat' dir='ltr'>&amp;ert</span> <span class='ocrx_word' id='word_1_56' title='bbox 1185 1224 1230 1274; x_wconf 84' lang='lat' dir='ltr'>ed.</span> <span class='ocrx_word' id='word_1_57' title='bbox 1246 1253 1275 1262; x_wconf 91' lang='lat'>-</span> <span class='ocrx_word' id='word_1_58' title='bbox 1294 1226 1319 1276; x_wconf 82' lang='lat'>8.</span> 
     </span>
     <span class='ocr_line' id='line_1_9' title="bbox 294 1297 1321 1363; baseline -0.007 -8"><span class='ocrx_word' id='word_1_59' title='bbox 294 1303 360 1356; x_wconf 86' lang='lat' dir='ltr'>liele</span> <span class='ocrx_word' id='word_1_60' title='bbox 378 1305 404 1354; x_wconf 93' lang='lat' dir='ltr'>in</span> <span class='ocrx_word' id='word_1_61' title='bbox 417 1302 464 1353; x_wconf 84' lang='lat' dir='ltr'>Ed.</span> <span class='ocrx_word' id='word_1_62' title='bbox 477 1299 629 1352; x_wconf 90' lang='lat' dir='ltr'>Bentleiana</span> <span class='ocrx_word' id='word_1_63' title='bbox 641 1297 753 1363; x_wconf 93' lang='lat' dir='ltr'>aliisque</span> <span class='ocrx_word' id='word_1_64' title='bbox 765 1299 948 1361; x_wconf 73' lang='lat' dir='ltr'>distinguitur:</span> <span class='ocrx_word' id='word_1_65' title='bbox 966 1300 1035 1348; x_wconf 76' lang='lat' dir='ltr'>Darii</span> <span class='ocrx_word' id='word_1_66' title='bbox 1045 1323 1061 1334; x_wconf 92' lang='lat'>-</span> <span class='ocrx_word' id='word_1_67' title='bbox 1071 1323 1086 1334; x_wconf 94' lang='lat'><strong>·</strong></span> <span class='ocrx_word' id='word_1_68' title='bbox 1097 1324 1111 1335; x_wconf 93' lang='lat'><strong>·</strong></span> <span class='ocrx_word' id='word_1_69' title='bbox 1121 1299 1246 1356; x_wconf 60' lang='lat' dir='ltr'>condunt·</span> <span class='ocrx_word' id='word_1_70' title='bbox 1263 1299 1321 1348; x_wconf 77' lang='lat' dir='ltr'>Ple-</span> 
     </span>
     <span class='ocr_line' id='line_1_10' title="bbox 293 1372 1321 1437; baseline -0.002 -11"><span class='ocrx_word' id='word_1_71' title='bbox 293 1391 383 1428; x_wconf 86' lang='lat' dir='ltr'>rooere</span> <span class='ocrx_word' id='word_1_72' title='bbox 400 1379 452 1426; x_wconf 89' lang='lat' dir='ltr'>oet.</span> <span class='ocrx_word' id='word_1_73' title='bbox 474 1403 501 1411; x_wconf 94' lang='lat'>-</span> <span class='ocrx_word' id='word_1_74' title='bbox 521 1377 571 1425; x_wconf 82' lang='lat' dir='ltr'>Pro</span> <span class='ocrx_word' id='word_1_75' title='bbox 588 1375 697 1424; x_wconf 73' lang='lat' dir='ltr'>maduerit</span> <span class='ocrx_word' id='word_1_76' title='bbox 713 1373 823 1437; x_wconf 90' lang='lat' dir='ltr'>Cruquii</span> <span class='ocrx_word' id='word_1_77' title='bbox 840 1372 906 1422; x_wconf 89' lang='lat' dir='ltr'>Cod.</span> <span class='ocrx_word' id='word_1_78' title='bbox 925 1373 1040 1422; x_wconf 86' lang='lat' dir='ltr'>Tonsan.</span> <span class='ocrx_word' id='word_1_79' title='bbox 1056 1374 1173 1436; x_wconf 58' lang='lat' dir='ltr'>nantuel,</span> <span class='ocrx_word' id='word_1_80' title='bbox 1197 1372 1226 1422; x_wconf 92' lang='lat' dir='ltr'>id</span> <span class='ocrx_word' id='word_1_81' title='bbox 1247 1373 1321 1436; x_wconf 88' lang='lat' dir='ltr'>quod</span> 
     </span>
     <span class='ocr_line' id='line_1_11' title="bbox 294 1445 1244 1514; baseline -0.005 -14"><span class='ocrx_word' id='word_1_82' title='bbox 294 1453 452 1514; x_wconf 80' lang='lat' dir='ltr'>recepturus</span> <span class='ocrx_word' id='word_1_83' title='bbox 468 1451 527 1499; x_wconf 90' lang='lat' dir='ltr'>erat</span> <span class='ocrx_word' id='word_1_84' title='bbox 544 1447 768 1511; x_wconf 74' lang='lat' dir='ltr'>Cuninglramius,</span> <span class='ocrx_word' id='word_1_85' title='bbox 786 1445 835 1497; x_wconf 92' lang='lat' dir='ltr'>sed</span> <span class='ocrx_word' id='word_1_86' title='bbox 852 1445 992 1497; x_wconf 79' lang='lat' dir='ltr'>infeliciter</span> <span class='ocrx_word' id='word_1_87' title='bbox 1007 1459 1107 1511; x_wconf 81' lang='lat' dir='ltr'>operae</span> <span class='ocrx_word' id='word_1_88' title='bbox 1122 1446 1244 1511; x_wconf 68' lang='lat' dir='ltr'>(merit</span> 
     </span>
    </p>
   </div>
   <div class='ocr_carea' id='block_1_4' title="bbox 263 1594 1351 1664">
    <p class='ocr_par' dir='ltr' id='par_1_6' title="bbox 263 1594 1351 1664">
     <span class='ocr_line' id='line_1_12' title="bbox 263 1594 1351 1664; baseline -0.04 -9"><span class='ocrx_word' id='word_1_89' title='bbox 263 1603 349 1664; x_wconf 78' lang='lat' dir='ltr'>ipsam</span> <span class='ocrx_word' id='word_1_90' title='bbox 366 1599 466 1664; x_wconf 80' lang='lat' dir='ltr'>pergit.</span> <span class='ocrx_word' id='word_1_91' title='bbox 494 1597 543 1647; x_wconf 83' lang='lat' dir='ltr'>iras</span> <span class='ocrx_word' id='word_1_92' title='bbox 561 1596 706 1647; x_wconf 87' lang='lat' dir='ltr'>sententias</span> <span class='ocrx_word' id='word_1_93' title='bbox 723 1607 789 1659; x_wconf 87' lang='lat' dir='ltr'>pro-</span> <span class='ocrx_word' id='word_1_94' title='bbox 824 1609 885 1646; x_wconf 72' lang='lat' dir='ltr'>mm</span> <span class='ocrx_word' id='word_1_95' title='bbox 899 1597 927 1646; x_wconf 65' lang='lat' dir='ltr'>a„</span> <span class='ocrx_word' id='word_1_96' title='bbox 943 1595 1037 1658; x_wconf 57' lang='lat' dir='ltr'>mia</span> <span class='ocrx_word' id='word_1_97' title='bbox 1050 1595 1150 1659; x_wconf 59' lang='lat' dir='ltr'>,mul</span> <span class='ocrx_word' id='word_1_98' title='bbox 1168 1594 1220 1645; x_wconf 50' lang='lat' dir='ltr'>‘ab</span> <span class='ocrx_word' id='word_1_99' title='bbox 1236 1596 1351 1647; x_wconf 56' lang='lat' dir='ltr'>homiui,</span> 
     </span>
    </p>
   </div>
   <div class='ocr_carea' id='block_1_5' title="bbox 168 1669 1353 1740">
    <p class='ocr_par' dir='ltr' id='par_1_7' title="bbox 168 1669 1353 1740">
     <span class='ocr_line' id='line_1_13' title="bbox 168 1669 1353 1740; baseline -0.011 -13"><span class='ocrx_word' id='word_1_100' title='bbox 168 1728 171 1738; x_wconf 77' lang='grc'>,</span> <span class='ocrx_word' id='word_1_101' title='bbox 262 1687 378 1740; x_wconf 89' lang='lat' dir='ltr'>ponens:</span> <span class='ocrx_word' id='word_1_102' title='bbox 408 1675 524 1723; x_wconf 75' lang='lat' dir='ltr'>alleroes</span> <span class='ocrx_word' id='word_1_103' title='bbox 549 1669 582 1721; x_wconf 93' lang='lat' dir='ltr'>illi</span> <span class='ocrx_word' id='word_1_104' title='bbox 600 1671 700 1733; x_wconf 85' lang='lat' dir='ltr'>antiqui</span> <span class='ocrx_word' id='word_1_105' title='bbox 717 1669 788 1720; x_wconf 89' lang='lat' dir='ltr'>bene</span> <span class='ocrx_word' id='word_1_106' title='bbox 826 1670 914 1730; x_wconf 78' lang='lat' dir='ltr'>hus.»</span> <span class='ocrx_word' id='word_1_107' title='bbox 932 1669 1124 1733; x_wconf 76' lang='lat' dir='ltr'>significatione</span> <span class='ocrx_word' id='word_1_108' title='bbox 1140 1669 1275 1732; x_wconf 65' lang='lat' dir='ltr'>masupia</span> <span class='ocrx_word' id='word_1_109' title='bbox 1291 1683 1353 1733; x_wconf 81' lang='lat' dir='ltr'>pro·</span> 
     </span>
    </p>
   </div>
   <div class='ocr_carea' id='block_1_6' title="bbox 255 1742 1361 4252">
    <p class='ocr_par' dir='ltr' id='par_1_8' title="bbox 255 1742 1354 2036">
     <span class='ocr_line' id='line_1_14' title="bbox 263 1742 1354 1814; baseline -0.005 -14"><span class='ocrx_word' id='word_1_110' title='bbox 263 1751 298 1802; x_wconf 91' lang='lat' dir='ltr'>de</span> <span class='ocrx_word' id='word_1_111' title='bbox 310 1763 409 1814; x_wconf 80' lang='lat' dir='ltr'>genere</span> <span class='ocrx_word' id='word_1_112' title='bbox 422 1750 538 1799; x_wconf 90' lang='lat' dir='ltr'>humano</span> <span class='ocrx_word' id='word_1_113' title='bbox 548 1747 635 1797; x_wconf 86' lang='lat' dir='ltr'>meriti</span> <span class='ocrx_word' id='word_1_114' title='bbox 646 1749 707 1810; x_wconf 89' lang='lat' dir='ltr'>posi</span> <span class='ocrx_word' id='word_1_115' title='bbox 718 1758 788 1796; x_wconf 90' lang='lat' dir='ltr'>mor·</span> <span class='ocrx_word' id='word_1_116' title='bbox 827 1745 898 1808; x_wconf 74' lang='lat' dir='ltr'>pria,</span> <span class='ocrx_word' id='word_1_117' title='bbox 924 1757 992 1796; x_wconf 87' lang='lat' dir='ltr'>non:</span> <span class='ocrx_word' id='word_1_118' title='bbox 1023 1745 1072 1794; x_wconf 81' lang='lat' dir='ltr'>«in</span> <span class='ocrx_word' id='word_1_119' title='bbox 1096 1742 1232 1804; x_wconf 73' lang='lat' dir='ltr'>eadum,-</span> <span class='ocrx_word' id='word_1_120' title='bbox 1258 1747 1291 1794; x_wconf 92' lang='lat' dir='ltr'>ut</span> <span class='ocrx_word' id='word_1_121' title='bbox 1314 1746 1354 1794; x_wconf 88' lang='lat' dir='ltr'>est</span> 
     </span>
     <span class='ocr_line' id='line_1_15' title="bbox 264 1817 1352 1882; baseline -0.008 -7"><span class='ocrx_word' id='word_1_122' title='bbox 264 1828 318 1876; x_wconf 85' lang='lat' dir='ltr'>lem</span> <span class='ocrx_word' id='word_1_123' title='bbox 337 1825 447 1874; x_wconf 88' lang='lat' dir='ltr'>demum</span> <span class='ocrx_word' id='word_1_124' title='bbox 465 1821 499 1872; x_wconf 91' lang='lat' dir='ltr'>ab</span> <span class='ocrx_word' id='word_1_125' title='bbox 518 1820 683 1882; x_wconf 82' lang='lat' dir='ltr'>hominibus,</span> <span class='ocrx_word' id='word_1_126' title='bbox 711 1823 788 1870; x_wconf 88' lang='lat' dir='ltr'>antea</span> <span class='ocrx_word' id='word_1_127' title='bbox 827 1818 899 1882; x_wconf 92' lang='lat' dir='ltr'>apud</span> <span class='ocrx_word' id='word_1_128' title='bbox 915 1819 1031 1868; x_wconf 83' lang='lat' dir='ltr'>Ennium</span> <span class='ocrx_word' id='word_1_129' title='bbox 1054 1818 1147 1881; x_wconf 78' lang='lat' dir='ltr'>(Varro</span> <span class='ocrx_word' id='word_1_130' title='bbox 1164 1819 1192 1867; x_wconf 88' lang='lat' dir='ltr'>L.</span> <span class='ocrx_word' id='word_1_131' title='bbox 1213 1820 1241 1868; x_wconf 86' lang='lat' dir='ltr'>L.</span> <span class='ocrx_word' id='word_1_132' title='bbox 1261 1818 1288 1880; x_wconf 78' lang='grc'>’1,</span> <span class='ocrx_word' id='word_1_133' title='bbox 1305 1817 1352 1878; x_wconf 70' lang='lat' dir='ltr'>dl:</span> 
     </span>
     <span class='ocr_line' id='line_1_16' title="bbox 255 1892 1354 1962; baseline -0.005 -14"><span class='ocrx_word' id='word_1_134' title='bbox 255 1899 373 1962; x_wconf 80' lang='lat' dir='ltr'>invidis,</span> <span class='ocrx_word' id='word_1_135' title='bbox 393 1899 469 1948; x_wconf 91' lang='lat' dir='ltr'>iustis</span> <span class='ocrx_word' id='word_1_136' title='bbox 486 1895 634 1946; x_wconf 88' lang='lat' dir='ltr'>honoribus</span> <span class='ocrx_word' id='word_1_137' title='bbox 654 1895 743 1944; x_wconf 79' lang='lat' dir='ltr'>allecti</span> <span class='ocrx_word' id='word_1_138' title='bbox 757 1906 790 1942; x_wconf 85' lang='lat' dir='ltr'>ac</span> <span class='ocrx_word' id='word_1_139' title='bbox 829 1893 897 1942; x_wconf 80' lang='lat' dir='ltr'>Uest</span> <span class='ocrx_word' id='word_1_140' title='bbox 911 1894 971 1952; x_wconf 71' lang='lat' dir='ltr'>ortt,</span> <span class='ocrx_word' id='word_1_141' title='bbox 990 1905 1062 1954; x_wconf 77' lang='lat' dir='ltr'>queri</span> <span class='ocrx_word' id='word_1_142' title='bbox 1078 1897 1107 1942; x_wconf 81' lang='lat' dir='ltr'>tu</span> <span class='ocrx_word' id='word_1_143' title='bbox 1122 1893 1190 1943; x_wconf 83' lang='lat' dir='ltr'>tolles</span> <span class='ocrx_word' id='word_1_144' title='bbox 1206 1893 1235 1942; x_wconf 82' lang='lat' dir='ltr'>is</span> <span class='ocrx_word' id='word_1_145' title='bbox 1250 1892 1354 1943; x_wconf 66' lang='lat' dir='ltr'>onerum</span> 
     </span>
     <span class='ocr_line' id='line_1_17' title="bbox 263 1965 1016 2036; baseline -0.009 -13"><span class='ocrx_word' id='word_1_146' title='bbox 263 1985 313 2036; x_wconf 93' lang='lat' dir='ltr'>pro</span> <span class='ocrx_word' id='word_1_147' title='bbox 329 1973 371 2022; x_wconf 88' lang='lat' dir='ltr'>dis</span> <span class='ocrx_word' id='word_1_148' title='bbox 388 1969 450 2022; x_wconf 83' lang='lat' dir='ltr'>culti</span> <span class='ocrx_word' id='word_1_149' title='bbox 468 1971 542 2020; x_wconf 90' lang='lat' dir='ltr'>suni:</span> <span class='ocrx_word' id='word_1_150' title='bbox 567 1969 713 2032; x_wconf 87' lang='lat' dir='ltr'>sapientius</span> <span class='ocrx_word' id='word_1_151' title='bbox 729 1969 791 2030; x_wconf 91' lang='lat' dir='ltr'>qui·</span> <span class='ocrx_word' id='word_1_152' title='bbox 827 1968 891 2017; x_wconf 80' lang='lat' dir='ltr'>eseli</span> <span class='ocrx_word' id='word_1_153' title='bbox 909 1965 1016 2028; x_wconf 80' lang='lat' dir='ltr'>Terripln.</span> 
     </span>
    </p>

    <p class='ocr_par' dir='ltr' id='par_1_9' title="bbox 264 2041 1361 3880">
     <span class='ocr_line' id='line_1_18' title="bbox 264 2041 1355 2105; baseline -0.005 -8"><span class='ocrx_word' id='word_1_154' title='bbox 264 2047 326 2097; x_wconf 89' lang='lat' dir='ltr'>dem</span> <span class='ocrx_word' id='word_1_155' title='bbox 337 2048 372 2105; x_wconf 82' lang='lat' dir='ltr'>ie,</span> <span class='ocrx_word' id='word_1_156' title='bbox 386 2044 482 2095; x_wconf 87' lang='lat' dir='ltr'>invidia</span> <span class='ocrx_word' id='word_1_157' title='bbox 494 2044 633 2102; x_wconf 82' lang='lat' dir='ltr'>maiorem,</span> <span class='ocrx_word' id='word_1_158' title='bbox 647 2044 700 2092; x_wconf 91' lang='lat' dir='ltr'>iam</span> <span class='ocrx_word' id='word_1_159' title='bbox 709 2053 789 2100; x_wconf 83' lang='lat' dir='ltr'>nunc,</span> <span class='ocrx_word' id='word_1_160' title='bbox 860 2041 916 2090; x_wconf 78' lang='grc'><strong>7-9.</strong></span> <span class='ocrx_word' id='word_1_161' title='bbox 943 2043 1012 2090; x_wconf 75' lang='lat' dir='ltr'>Dran</span> <span class='ocrx_word' id='word_1_162' title='bbox 1022 2065 1059 2078; x_wconf 92' lang='lat'>-·</span> <span class='ocrx_word' id='word_1_163' title='bbox 1069 2042 1193 2102; x_wconf 66' lang='lat' dir='ltr'>maniat,</span> <span class='ocrx_word' id='word_1_164' title='bbox 1211 2041 1355 2104; x_wconf 70' lang='lat' dir='ltr'>meroem]</span> 
     </span>
     <span class='ocr_line' id='line_1_19' title="bbox 265 2113 1356 2180; baseline -0.004 -10"><span class='ocrx_word' id='word_1_165' title='bbox 265 2123 295 2170; x_wconf 91' lang='lat' dir='ltr'>ut</span> <span class='ocrx_word' id='word_1_166' title='bbox 312 2119 439 2176; x_wconf 86' lang='lat' dir='ltr'>mereris,</span> <span class='ocrx_word' id='word_1_167' title='bbox 457 2119 601 2166; x_wconf 84' lang='lat' dir='ltr'>veneratur</span> <span class='ocrx_word' id='word_1_168' title='bbox 617 2115 730 2180; x_wconf 90' lang='lat' dir='ltr'>populus</span> <span class='ocrx_word' id='word_1_169' title='bbox 742 2117 792 2165; x_wconf 86' lang='lat' dir='ltr'>lio-</span> <span class='ocrx_word' id='word_1_170' title='bbox 828 2115 872 2164; x_wconf 84' lang='lat' dir='ltr'>sio</span> <span class='ocrx_word' id='word_1_171' title='bbox 888 2115 1052 2177; x_wconf 74' lang='lat' dir='ltr'>iungendum</span> <span class='ocrx_word' id='word_1_172' title='bbox 1068 2117 1124 2173; x_wconf 88' lang='lat' dir='ltr'>est,</span> <span class='ocrx_word' id='word_1_173' title='bbox 1145 2127 1198 2165; x_wconf 92' lang='lat' dir='ltr'>non</span> <span class='ocrx_word' id='word_1_174' title='bbox 1216 2127 1282 2165; x_wconf 82' lang='lat' dir='ltr'>eum</span> <span class='ocrx_word' id='word_1_175' title='bbox 1300 2113 1356 2166; x_wconf 86' lang='lat' dir='ltr'>aliis</span> 
     </span>
     <span class='ocr_line' id='line_1_20' title="bbox 265 2187 1355 2253; baseline -0.005 -10"><span class='ocrx_word' id='word_1_176' title='bbox 265 2204 375 2248; x_wconf 85' lang='lat' dir='ltr'>manus;</span> <span class='ocrx_word' id='word_1_177' title='bbox 394 2191 443 2242; x_wconf 89' lang='lat' dir='ltr'>sed</span> <span class='ocrx_word' id='word_1_178' title='bbox 461 2190 532 2240; x_wconf 89' lang='lat' dir='ltr'>idem</span> <span class='ocrx_word' id='word_1_179' title='bbox 545 2191 571 2239; x_wconf 91' lang='lat' dir='ltr'>in</span> <span class='ocrx_word' id='word_1_180' title='bbox 583 2193 723 2253; x_wconf 79' lang='lat' dir='ltr'>poetarum</span> <span class='ocrx_word' id='word_1_181' title='bbox 735 2201 793 2239; x_wconf 88' lang='lat' dir='ltr'>me·</span> <span class='ocrx_word' id='word_1_182' title='bbox 828 2187 908 2252; x_wconf 87' lang='lat' dir='ltr'>piene</span> <span class='ocrx_word' id='word_1_183' title='bbox 929 2187 1145 2250; x_wconf 72' lang='lat' dir='ltr'>distinguendum</span> <span class='ocrx_word' id='word_1_184' title='bbox 1168 2191 1231 2253; x_wconf 86' lang='lat' dir='ltr'>post</span> <span class='ocrx_word' id='word_1_185' title='bbox 1246 2202 1275 2240; x_wconf 82' lang='lat' dir='ltr'>v.</span> <span class='ocrx_word' id='word_1_186' title='bbox 1294 2201 1355 2238; x_wconf 80' lang='lat' dir='ltr'>eos-</span> 
     </span>
     <span class='ocr_line' id='line_1_21' title="bbox 265 2261 1357 2317; baseline -0.005 0"><span class='ocrx_word' id='word_1_187' title='bbox 265 2268 320 2317; x_wconf 86' lang='lat' dir='ltr'>ritis</span> <span class='ocrx_word' id='word_1_188' title='bbox 339 2277 402 2315; x_wconf 87' lang='lat' dir='ltr'>vere</span> <span class='ocrx_word' id='word_1_189' title='bbox 419 2263 590 2314; x_wconf 75' lang='lat' dir='ltr'>aestimandis</span> <span class='ocrx_word' id='word_1_190' title='bbox 611 2264 699 2314; x_wconf 93' lang='lat' dir='ltr'>minus</span> <span class='ocrx_word' id='word_1_191' title='bbox 716 2265 791 2312; x_wconf 88' lang='lat' dir='ltr'>recto</span> <span class='ocrx_word' id='word_1_192' title='bbox 829 2263 898 2312; x_wconf 75' lang='lat' dir='ltr'>dreit.</span> <span class='ocrx_word' id='word_1_193' title='bbox 926 2263 982 2312; x_wconf 91' lang='lat' dir='ltr'>lioe</span> <span class='ocrx_word' id='word_1_194' title='bbox 999 2262 1071 2312; x_wconf 92' lang='lat' dir='ltr'>enim</span> <span class='ocrx_word' id='word_1_195' title='bbox 1083 2261 1162 2312; x_wconf 84' lang='lat' dir='ltr'>dicit:</span> <span class='ocrx_word' id='word_1_196' title='bbox 1182 2263 1275 2313; x_wconf 81' lang='lat' dir='ltr'>«Dum</span> <span class='ocrx_word' id='word_1_197' title='bbox 1285 2262 1357 2314; x_wconf 79' lang='lat' dir='ltr'>bene</span> 
     </span>
     <span class='ocr_line' id='line_1_22' title="bbox 266 2333 1358 2399; baseline -0.004 -9"><span class='ocrx_word' id='word_1_198' title='bbox 266 2339 362 2390; x_wconf 87' lang='lat' dir='ltr'>ludieio</span> <span class='ocrx_word' id='word_1_199' title='bbox 374 2338 412 2387; x_wconf 91' lang='lat' dir='ltr'>uti</span> <span class='ocrx_word' id='word_1_200' title='bbox 424 2336 588 2386; x_wconf 74' lang='lat' dir='ltr'>consuevit.»</span> <span class='ocrx_word' id='word_1_201' title='bbox 612 2335 650 2386; x_wconf 89' lang='lat' dir='ltr'>Cl.</span> <span class='ocrx_word' id='word_1_202' title='bbox 664 2335 712 2385; x_wconf 90' lang='lat' dir='ltr'>Od.</span> <span class='ocrx_word' id='word_1_203' title='bbox 726 2335 751 2395; x_wconf 87' lang='grc'>3,</span> <span class='ocrx_word' id='word_1_204' title='bbox 764 2335 790 2394; x_wconf 79' lang='lat'>3,</span> <span class='ocrx_word' id='word_1_205' title='bbox 830 2339 968 2387; x_wconf 87' lang='lat' dir='ltr'>merentur</span> <span class='ocrx_word' id='word_1_206' title='bbox 984 2335 1018 2385; x_wconf 88' lang='lat' dir='ltr'>de</span> <span class='ocrx_word' id='word_1_207' title='bbox 1036 2333 1201 2396; x_wconf 80' lang='lat' dir='ltr'>nominibus.</span> <span class='ocrx_word' id='word_1_208' title='bbox 1220 2349 1304 2399; x_wconf 73' lang='lat' dir='ltr'>aegre</span> <span class='ocrx_word' id='word_1_209' title='bbox 1318 2341 1358 2386; x_wconf 88' lang='lat' dir='ltr'>tu-</span> 
     </span>
     <span class='ocr_line' id='line_1_23' title="bbox 266 2407 1357 2477; baseline -0.003 -13"><span class='ocrx_word' id='word_1_210' title='bbox 266 2414 355 2477; x_wconf 80' lang='lat' dir='ltr'>9sqq.</span> <span class='ocrx_word' id='word_1_211' title='bbox 383 2412 446 2462; x_wconf 81' lang='lat' dir='ltr'>Mira</span> <span class='ocrx_word' id='word_1_212' title='bbox 472 2411 529 2459; x_wconf 85' lang='lat' dir='ltr'>arte</span> <span class='ocrx_word' id='word_1_213' title='bbox 547 2407 678 2460; x_wconf 83' lang='lat' dir='ltr'>vocabulo</span> <span class='ocrx_word' id='word_1_214' title='bbox 697 2409 792 2458; x_wconf 70' lang='lat' dir='ltr'>Caeam</span> <span class='ocrx_word' id='word_1_215' title='bbox 829 2409 885 2462; x_wconf 90' lang='lat' dir='ltr'>lere</span> <span class='ocrx_word' id='word_1_216' title='bbox 911 2423 1047 2474; x_wconf 79' lang='lat' dir='ltr'>saepeque</span> <span class='ocrx_word' id='word_1_217' title='bbox 1070 2411 1210 2473; x_wconf 84' lang='lat' dir='ltr'>eonquesti</span> <span class='ocrx_word' id='word_1_218' title='bbox 1236 2414 1303 2462; x_wconf 86' lang='lat' dir='ltr'>snut</span> <span class='ocrx_word' id='word_1_219' title='bbox 1323 2411 1357 2461; x_wconf 86' lang='lat' dir='ltr'>de</span> 
     </span>
     <span class='ocr_line' id='line_1_24' title="bbox 266 2483 1359 2549; baseline -0.001 -12"><span class='ocrx_word' id='word_1_220' title='bbox 266 2486 401 2549; x_wconf 83' lang='lat' dir='ltr'>subiungit</span> <span class='ocrx_word' id='word_1_221' title='bbox 412 2499 437 2534; x_wconf 87' lang='lat' dir='ltr'>v.</span> <span class='ocrx_word' id='word_1_222' title='bbox 451 2484 581 2542; x_wconf 62' lang='lat' dir='ltr'>liomolw</span> <span class='ocrx_word' id='word_1_223' title='bbox 595 2496 657 2534; x_wconf 93' lang='lat' dir='ltr'>nam</span> <span class='ocrx_word' id='word_1_224' title='bbox 670 2483 792 2532; x_wconf 81' lang='lat' dir='ltr'>Octavia-</span> <span class='ocrx_word' id='word_1_225' title='bbox 830 2485 931 2548; x_wconf 78' lang='lat' dir='ltr'>ingrate</span> <span class='ocrx_word' id='word_1_226' title='bbox 948 2483 1054 2534; x_wconf 90' lang='lat' dir='ltr'>illorum</span> <span class='ocrx_word' id='word_1_227' title='bbox 1070 2485 1174 2535; x_wconf 72' lang='lat' dir='ltr'>mmo»</span> <span class='ocrx_word' id='word_1_228' title='bbox 1186 2487 1240 2535; x_wconf 83' lang='lat' dir='ltr'>eet.</span> <span class='ocrx_word' id='word_1_229' title='bbox 1254 2513 1285 2522; x_wconf 97' lang='lat'>-</span> <span class='ocrx_word' id='word_1_230' title='bbox 1303 2487 1359 2536; x_wconf 79' lang='lat' dir='ltr'>Ter·</span> 
     </span>
     <span class='ocr_line' id='line_1_25' title="bbox 266 2555 1359 2622; baseline -0.001 -11"><span class='ocrx_word' id='word_1_231' title='bbox 266 2574 317 2612; x_wconf 90' lang='lat' dir='ltr'>nus</span> <span class='ocrx_word' id='word_1_232' title='bbox 334 2559 401 2610; x_wconf 86' lang='lat' dir='ltr'>alter</span> <span class='ocrx_word' id='word_1_233' title='bbox 418 2558 535 2609; x_wconf 78' lang='lat' dir='ltr'>liomelrte</span> <span class='ocrx_word' id='word_1_234' title='bbox 553 2557 613 2618; x_wconf 82' lang='lat' dir='ltr'>luit,</span> <span class='ocrx_word' id='word_1_235' title='bbox 637 2557 667 2606; x_wconf 90' lang='lat' dir='ltr'>ut</span> <span class='ocrx_word' id='word_1_236' title='bbox 684 2559 792 2607; x_wconf 84' lang='lat' dir='ltr'>senate-</span> <span class='ocrx_word' id='word_1_237' title='bbox 829 2573 874 2608; x_wconf 83' lang='lat' dir='ltr'>ros</span> <span class='ocrx_word' id='word_1_238' title='bbox 890 2555 1028 2609; x_wconf 84' lang='lat' dir='ltr'>coiere&#39;est</span> <span class='ocrx_word' id='word_1_239' title='bbox 1046 2559 1184 2622; x_wconf 76' lang='lat' dir='ltr'>«regiones</span> <span class='ocrx_word' id='word_1_240' title='bbox 1197 2557 1308 2610; x_wconf 88' lang='lat' dir='ltr'>steriles</span> <span class='ocrx_word' id='word_1_241' title='bbox 1318 2561 1359 2610; x_wconf 88' lang='lat' dir='ltr'>at·</span> 
     </span>
     <span class='ocr_line' id='line_1_26' title="bbox 266 2629 1359 2697; baseline -0.002 -11"><span class='ocrx_word' id='word_1_242' title='bbox 266 2648 311 2686; x_wconf 88' lang='lat' dir='ltr'>res</span> <span class='ocrx_word' id='word_1_243' title='bbox 328 2631 444 2685; x_wconf 92' lang='lat' dir='ltr'>nonnulli</span> <span class='ocrx_word' id='word_1_244' title='bbox 457 2645 518 2684; x_wconf 89' lang='lat' dir='ltr'>eum</span> <span class='ocrx_word' id='word_1_245' title='bbox 531 2629 719 2696; x_wconf 88' lang='lat' dir='ltr'>appellandum</span> <span class='ocrx_word' id='word_1_246' title='bbox 730 2643 793 2680; x_wconf 87' lang='lat' dir='ltr'>cen·</span> <span class='ocrx_word' id='word_1_247' title='bbox 830 2647 884 2696; x_wconf 89' lang='lat' dir='ltr'>que</span> <span class='ocrx_word' id='word_1_248' title='bbox 900 2646 1010 2697; x_wconf 86' lang='lat' dir='ltr'>asperos</span> <span class='ocrx_word' id='word_1_249' title='bbox 1029 2632 1129 2684; x_wconf 86' lang='lat' dir='ltr'>lertiles</span> <span class='ocrx_word' id='word_1_250' title='bbox 1144 2632 1296 2694; x_wconf 77' lang='lat' dir='ltr'>reddere»,</span> <span class='ocrx_word' id='word_1_251' title='bbox 1313 2634 1359 2684; x_wconf 84' lang='lat' dir='ltr'>lte-</span> 
     </span>
     <span class='ocr_line' id='line_1_27' title="bbox 267 2704 1359 2772; baseline -0.002 -12"><span class='ocrx_word' id='word_1_252' title='bbox 267 2711 387 2761; x_wconf 86' lang='lat' dir='ltr'>sueranl:</span> <span class='ocrx_word' id='word_1_253' title='bbox 415 2705 561 2772; x_wconf 87' lang='lat' dir='ltr'>praevaluit</span> <span class='ocrx_word' id='word_1_254' title='bbox 582 2708 671 2755; x_wconf 89' lang='lat' dir='ltr'>tamen</span> <span class='ocrx_word' id='word_1_255' title='bbox 688 2704 793 2768; x_wconf 79' lang='lat' dir='ltr'>Aupurti</span> <span class='ocrx_word' id='word_1_256' title='bbox 830 2708 927 2758; x_wconf 74' lang='lat' dir='ltr'>minius</span> <span class='ocrx_word' id='word_1_257' title='bbox 941 2720 1019 2770; x_wconf 71' lang='lat' dir='ltr'>pertita</span> <span class='ocrx_word' id='word_1_258' title='bbox 1035 2708 1128 2765; x_wconf 75' lang='lat' dir='ltr'>colem,</span> <span class='ocrx_word' id='word_1_259' title='bbox 1148 2706 1267 2757; x_wconf 76' lang='lat' dir='ltr'>«ardbus</span> <span class='ocrx_word' id='word_1_260' title='bbox 1279 2710 1310 2758; x_wconf 92' lang='lat' dir='ltr'>et</span> <span class='ocrx_word' id='word_1_261' title='bbox 1323 2706 1359 2758; x_wconf 92' lang='lat' dir='ltr'>le·</span> 
     </span>
     <span class='ocr_line' id='line_1_28' title="bbox 267 2778 1359 2846; baseline 0 -14"><span class='ocrx_word' id='word_1_262' title='bbox 267 2795 374 2833; x_wconf 85' lang='lat' dir='ltr'>nomen.</span> <span class='ocrx_word' id='word_1_263' title='bbox 387 2783 496 2832; x_wconf 87' lang='lat' dir='ltr'>sueton.</span> <span class='ocrx_word' id='word_1_264' title='bbox 507 2780 597 2830; x_wconf 80' lang='lat' dir='ltr'>Octav.</span> <span class='ocrx_word' id='word_1_265' title='bbox 608 2779 632 2828; x_wconf 79' lang='lat'>7.</span> <span class='ocrx_word' id='word_1_266' title='bbox 656 2779 705 2828; x_wconf 88' lang='lat' dir='ltr'>Dio</span> <span class='ocrx_word' id='word_1_267' title='bbox 715 2779 790 2828; x_wconf 84' lang='lat' dir='ltr'>Cass.</span> <span class='ocrx_word' id='word_1_268' title='bbox 830 2782 908 2846; x_wconf 60' lang='lat' dir='ltr'>mbos</span> <span class='ocrx_word' id='word_1_269' title='bbox 919 2778 1046 2832; x_wconf 82' lang='lat' dir='ltr'>mortales</span> <span class='ocrx_word' id='word_1_270' title='bbox 1056 2779 1174 2846; x_wconf 83' lang='lat' dir='ltr'>expolire</span> <span class='ocrx_word' id='word_1_271' title='bbox 1183 2800 1209 2842; x_wconf 78' lang='grc' dir='ltr'>,ι</span> <span class='ocrx_word' id='word_1_272' title='bbox 1227 2795 1310 2845; x_wconf 69' lang='lat' dir='ltr'>api-es</span> <span class='ocrx_word' id='word_1_273' title='bbox 1320 2796 1359 2832; x_wconf 78' lang='lat' dir='ltr'>et-</span> 
     </span>
     <span class='ocr_line' id='line_1_29' title="bbox 267 2847 1358 2922; baseline -0.001 -16"><span class='ocrx_word' id='word_1_274' title='bbox 267 2856 313 2913; x_wconf 76' lang='lat' dir='ltr'>ts.</span> <span class='ocrx_word' id='word_1_275' title='bbox 334 2856 377 2906; x_wconf 78' lang='lat' dir='ltr'>lt:</span> <span class='ocrx_word' id='word_1_276' title='bbox 401 2849 430 2903; x_wconf 93' lang='grc'>’0</span> <span class='ocrx_word' id='word_1_277' title='bbox 447 2853 561 2922; x_wconf 63' lang='grc' dir='ltr'><strong><em>Καῖσαρ</em></strong></span> <span class='ocrx_word' id='word_1_278' title='bbox 584 2847 721 2916; x_wconf 76' lang='grc' dir='ltr'>ἐπεθύμει</span> <span class='ocrx_word' id='word_1_279' title='bbox 738 2850 792 2916; x_wconf 73' lang='grc' dir='ltr'>μὲν</span> <span class='ocrx_word' id='word_1_280' title='bbox 830 2859 932 2920; x_wconf 77' lang='lat' dir='ltr'>eipnere</span> <span class='ocrx_word' id='word_1_281' title='bbox 954 2855 1108 2906; x_wconf 87' lang='lat' dir='ltr'>hominibus</span> <span class='ocrx_word' id='word_1_282' title='bbox 1124 2851 1260 2919; x_wconf 78' lang='grc' dir='ltr'><strong><em>νομάδων</em></strong></span> <span class='ocrx_word' id='word_1_283' title='bbox 1278 2851 1358 2922; x_wconf 79' lang='grc' dir='ltr'><em>ἁμα-</em></span> 
     </span>
     <span class='ocr_line' id='line_1_30' title="bbox 268 2919 1358 2997; baseline 0.002 -17"><span class='ocrx_word' id='word_1_284' title='bbox 268 2925 394 2997; x_wconf 76' lang='grc' dir='ltr'><strong><em>ῑσχυρῶς</em></strong></span> <span class='ocrx_word' id='word_1_285' title='bbox 407 2921 552 2991; x_wconf 77' lang='grc' dir='ltr'><strong><em>Ῥωμύλος</em></strong></span> <span class='ocrx_word' id='word_1_286' title='bbox 569 2919 791 2990; x_wconf 76' lang='grc' dir='ltr'><strong><em>ὀνομασθῆναι·</em></strong></span> <span class='ocrx_word' id='word_1_287' title='bbox 831 2929 938 2996; x_wconf 60' lang='lat' dir='ltr'>§odires</span> <span class='ocrx_word' id='word_1_288' title='bbox 954 2931 1036 2979; x_wconf 86' lang='lat' dir='ltr'>vitam</span> <span class='ocrx_word' id='word_1_289' title='bbox 1050 2932 1112 2979; x_wconf 90' lang='lat' dir='ltr'>ante</span> <span class='ocrx_word' id='word_1_290' title='bbox 1122 2928 1275 2992; x_wconf 80' lang='lat' dir='ltr'>agentibus,</span> <span class='ocrx_word' id='word_1_291' title='bbox 1295 2945 1358 2982; x_wconf 81' lang='lat' dir='ltr'>«eos</span> 
     </span>
     <span class='ocr_line' id='line_1_31' title="bbox 268 2993 1359 3065; baseline 0.002 -12"><span class='ocrx_word' id='word_1_292' title='bbox 268 3001 447 3065; x_wconf 73' lang='grc' dir='ltr'><strong><em>αἰσθόμενος</em></strong></span> <span class='ocrx_word' id='word_1_293' title='bbox 458 2998 490 3050; x_wconf 77' lang='lat' dir='ltr'>el</span> <span class='ocrx_word' id='word_1_294' title='bbox 501 2995 547 3048; x_wconf 83' lang='lat' dir='ltr'>du</span> <span class='ocrx_word' id='word_1_295' title='bbox 558 2993 749 3050; x_wconf 67' lang='grc' dir='ltr'>ὑποπτεύεται</span> <span class='ocrx_word' id='word_1_296' title='bbox 759 2999 793 3050; x_wconf 70' lang='lat' dir='ltr'>sn</span> <span class='ocrx_word' id='word_1_297' title='bbox 830 3017 914 3054; x_wconf 86' lang='lat' dir='ltr'>unum</span> <span class='ocrx_word' id='word_1_298' title='bbox 931 3004 957 3052; x_wconf 95' lang='lat' dir='ltr'>in</span> <span class='ocrx_word' id='word_1_299' title='bbox 974 3001 1063 3053; x_wconf 80' lang='lat' dir='ltr'>locum</span> <span class='ocrx_word' id='word_1_300' title='bbox 1080 3015 1257 3064; x_wconf 74' lang='lat' dir='ltr'>congregare,</span> <span class='ocrx_word' id='word_1_301' title='bbox 1276 3005 1359 3055; x_wconf 79' lang='lat' dir='ltr'>certis</span> 
     </span>
     <span class='ocr_line' id='line_1_32' title="bbox 267 3071 1359 3138; baseline -0.008 -1"><span class='ocrx_word' id='word_1_302' title='bbox 267 3071 373 3126; x_wconf 66' lang='grc' dir='ltr'>ῐθῦῐθῡ</span> <span class='ocrx_word' id='word_1_303' title='bbox 396 3071 448 3137; x_wconf 69' lang='lat' dir='ltr'>”lt</span> <span class='ocrx_word' id='word_1_304' title='bbox 464 3071 614 3135; x_wconf 70' lang='grc' dir='ltr'><strong><em>βασιλείας</em></strong></span> <span class='ocrx_word' id='word_1_305' title='bbox 631 3073 791 3138; x_wconf 72' lang='grc' dir='ltr'>ἐπιθυμεῖν,</span> <span class='ocrx_word' id='word_1_306' title='bbox 831 3076 941 3129; x_wconf 86' lang='lat' dir='ltr'>sedibus</span> <span class='ocrx_word' id='word_1_307' title='bbox 958 3076 1054 3126; x_wconf 79' lang='lat' dir='ltr'>datis.»</span> <span class='ocrx_word' id='word_1_308' title='bbox 1072 3077 1111 3128; x_wconf 90' lang='lat' dir='ltr'>Cl.</span> <span class='ocrx_word' id='word_1_309' title='bbox 1125 3074 1255 3127; x_wconf 85' lang='lat' dir='ltr'>illustrem</span> <span class='ocrx_word' id='word_1_310' title='bbox 1266 3076 1359 3128; x_wconf 83' lang='lat' dir='ltr'>lecum</span> 
     </span>
     <span class='ocr_line' id='line_1_33' title="bbox 269 3141 1360 3211; baseline 0.004 -11"><span class='ocrx_word' id='word_1_311' title='bbox 269 3143 361 3200; x_wconf 68' lang='grc' dir='ltr'><strong><em>οὐκέτ’</em></strong></span> <span class='ocrx_word' id='word_1_312' title='bbox 374 3141 703 3211; x_wconf 60' lang='lat' dir='ltr'>alleviamentum,</span> <span class='ocrx_word' id='word_1_313' title='bbox 718 3142 793 3198; x_wconf 75' lang='grc' dir='ltr'><strong><em>ἀλλὰ</em></strong></span> <span class='ocrx_word' id='word_1_314' title='bbox 832 3153 886 3203; x_wconf 85' lang='lat' dir='ltr'>cie.</span> <span class='ocrx_word' id='word_1_315' title='bbox 900 3151 934 3202; x_wconf 87' lang='lat' dir='ltr'>de</span> <span class='ocrx_word' id='word_1_316' title='bbox 950 3152 1053 3200; x_wconf 80' lang='lat' dir='ltr'>luvent.</span> <span class='ocrx_word' id='word_1_317' title='bbox 1070 3151 1099 3211; x_wconf 85' lang='lat' dir='ltr'>i,</span> <span class='ocrx_word' id='word_1_318' title='bbox 1117 3151 1142 3199; x_wconf 75' lang='lat'>2.</span> <span class='ocrx_word' id='word_1_319' title='bbox 1169 3147 1250 3200; x_wconf 90' lang='lat' dir='ltr'>Solita</span> <span class='ocrx_word' id='word_1_320' title='bbox 1265 3155 1360 3204; x_wconf 84' lang='lat' dir='ltr'>autem</span> 
     </span>
     <span class='ocr_line' id='line_1_34' title="bbox 269 3213 1361 3290; baseline -0.003 -15"><span class='ocrx_word' id='word_1_321' title='bbox 269 3217 449 3289; x_wconf 73' lang='grc' dir='ltr'><strong><em>Αὔγουστος,</em></strong></span> <span class='ocrx_word' id='word_1_322' title='bbox 475 3213 515 3283; x_wconf 79' lang='grc' dir='ltr'>ὥς</span> <span class='ocrx_word' id='word_1_323' title='bbox 539 3221 589 3270; x_wconf 66' lang='lat' dir='ltr'>eat</span> <span class='ocrx_word' id='word_1_324' title='bbox 615 3217 712 3271; x_wconf 77' lang='grc' dir='ltr'><strong><em>πλοῖόν</em></strong></span> <span class='ocrx_word' id='word_1_325' title='bbox 728 3216 794 3288; x_wconf 62' lang='grc' dir='ltr'>1ιῆ</span> <span class='ocrx_word' id='word_1_326' title='bbox 830 3227 857 3276; x_wconf 92' lang='lat' dir='ltr'>in</span> <span class='ocrx_word' id='word_1_327' title='bbox 878 3225 929 3276; x_wconf 86' lang='lat' dir='ltr'>hoo</span> <span class='ocrx_word' id='word_1_328' title='bbox 951 3237 981 3274; x_wconf 88' lang='lat' dir='ltr'>re</span> <span class='ocrx_word' id='word_1_329' title='bbox 1003 3221 1116 3274; x_wconf 78' lang='lat' dir='ltr'>formula</span> <span class='ocrx_word' id='word_1_330' title='bbox 1132 3237 1209 3287; x_wconf 76' lang='lat' dir='ltr'>apros</span> <span class='ocrx_word' id='word_1_331' title='bbox 1225 3227 1361 3290; x_wconf 69' lang='lat' dir='ltr'>anipm</span> 
     </span>
     <span class='ocr_line' id='line_1_35' title="bbox 269 3288 1360 3367; baseline 0 -17"><span class='ocrx_word' id='word_1_332' title='bbox 269 3293 343 3350; x_wconf 81' lang='grc' dir='ltr'>κατὰ</span> <span class='ocrx_word' id='word_1_333' title='bbox 365 3291 538 3367; x_wconf 72' lang='grc' dir='ltr'><strong><em>ἀνθρώπους</em></strong></span> <span class='ocrx_word' id='word_1_334' title='bbox 555 3288 610 3356; x_wconf 73' lang='grc' dir='ltr'>ὤν,</span> <span class='ocrx_word' id='word_1_335' title='bbox 636 3293 791 3363; x_wconf 71' lang='grc' dir='ltr'><strong><em>ἐπεκλήθη.</em></strong></span> <span class='ocrx_word' id='word_1_336' title='bbox 831 3313 896 3350; x_wconf 88' lang='lat' dir='ltr'>usus</span> <span class='ocrx_word' id='word_1_337' title='bbox 913 3299 977 3350; x_wconf 83' lang='lat' dir='ltr'>satis</span> <span class='ocrx_word' id='word_1_338' title='bbox 993 3297 1123 3361; x_wconf 75' lang='lat' dir='ltr'>signifieat</span> <span class='ocrx_word' id='word_1_339' title='bbox 1139 3298 1167 3348; x_wconf 90' lang='lat' dir='ltr'>id</span> <span class='ocrx_word' id='word_1_340' title='bbox 1184 3298 1221 3349; x_wconf 84' lang='lat' dir='ltr'>ab</span> <span class='ocrx_word' id='word_1_341' title='bbox 1238 3303 1360 3364; x_wconf 74' lang='lat' dir='ltr'>Auguste</span> 
     </span>
     <span class='ocr_line' id='line_1_36' title="bbox 270 3371 1360 3438; baseline 0.006 -18"><span class='ocrx_word' id='word_1_342' title='bbox 270 3399 298 3410; x_wconf 90' lang='lat'>--</span> <span class='ocrx_word' id='word_1_343' title='bbox 317 3373 373 3422; x_wconf 80' lang='lat' dir='ltr'>Post</span> <span class='ocrx_word' id='word_1_344' title='bbox 393 3372 505 3435; x_wconf 73' lang='lat' dir='ltr'>inperitis</span> <span class='ocrx_word' id='word_1_345' title='bbox 524 3371 595 3434; x_wconf 76' lang='lat' dir='ltr'>seete</span> <span class='ocrx_word' id='word_1_346' title='bbox 617 3371 678 3432; x_wconf 80' lang='lat' dir='ltr'>cet]</span> <span class='ocrx_word' id='word_1_347' title='bbox 712 3374 794 3422; x_wconf 77' lang='lat' dir='ltr'>«Post</span> <span class='ocrx_word' id='word_1_348' title='bbox 831 3386 939 3438; x_wconf 89' lang='lat' dir='ltr'>quoque</span> <span class='ocrx_word' id='word_1_349' title='bbox 961 3375 1104 3422; x_wconf 80' lang='lat' dir='ltr'>veteranos</span> <span class='ocrx_word' id='word_1_350' title='bbox 1128 3373 1307 3426; x_wconf 84' lang='lat' dir='ltr'>Caesarianos</span> <span class='ocrx_word' id='word_1_351' title='bbox 1329 3388 1360 3426; x_wconf 88' lang='lat' dir='ltr'>ac</span> 
     </span>
     <span class='ocr_line' id='line_1_37' title="bbox 269 3443 1360 3511; baseline 0.004 -14"><span class='ocrx_word' id='word_1_352' title='bbox 269 3459 313 3498; x_wconf 87' lang='lat' dir='ltr'>res</span> <span class='ocrx_word' id='word_1_353' title='bbox 331 3447 419 3510; x_wconf 80' lang='lat' dir='ltr'>gestes</span> <span class='ocrx_word' id='word_1_354' title='bbox 436 3445 531 3496; x_wconf 85' lang='lat' dir='ltr'>eximia</span> <span class='ocrx_word' id='word_1_355' title='bbox 543 3445 647 3496; x_wconf 82' lang='lat' dir='ltr'>virtutis</span> <span class='ocrx_word' id='word_1_356' title='bbox 665 3443 746 3508; x_wconf 80' lang='lat' dir='ltr'>gloria</span> <span class='ocrx_word' id='word_1_357' title='bbox 767 3447 793 3496; x_wconf 91' lang='lat' dir='ltr'>in</span> <span class='ocrx_word' id='word_1_358' title='bbox 830 3461 895 3498; x_wconf 89' lang='lat' dir='ltr'>snos</span> <span class='ocrx_word' id='word_1_359' title='bbox 902 3449 1090 3497; x_wconf 86' lang='lat' dir='ltr'>remunerante</span> <span class='ocrx_word' id='word_1_360' title='bbox 1098 3448 1293 3511; x_wconf 85' lang='lat' dir='ltr'>proprioverbi</span> <span class='ocrx_word' id='word_1_361' title='bbox 1301 3463 1360 3501; x_wconf 89' lang='lat' dir='ltr'>seu·</span> 
     </span>
     <span class='ocr_line' id='line_1_38' title="bbox 268 3517 1359 3586; baseline 0.003 -15"><span class='ocrx_word' id='word_1_362' title='bbox 268 3523 430 3586; x_wconf 84' lang='lat' dir='ltr'>perpetuum</span> <span class='ocrx_word' id='word_1_363' title='bbox 441 3517 630 3570; x_wconf 79' lang='lat' dir='ltr'>memorabiles</span> <span class='ocrx_word' id='word_1_364' title='bbox 643 3519 668 3569; x_wconf 90' lang='lat' dir='ltr'>in</span> <span class='ocrx_word' id='word_1_365' title='bbox 681 3519 794 3570; x_wconf 89' lang='lat' dir='ltr'>deorum</span> <span class='ocrx_word' id='word_1_366' title='bbox 830 3533 864 3571; x_wconf 89' lang='lat' dir='ltr'>sn</span> <span class='ocrx_word' id='word_1_367' title='bbox 881 3521 980 3570; x_wconf 83' lang='lat' dir='ltr'>laetum</span> <span class='ocrx_word' id='word_1_368' title='bbox 997 3533 1068 3572; x_wconf 88' lang='lat' dir='ltr'>esse.</span> <span class='ocrx_word' id='word_1_369' title='bbox 1084 3545 1112 3557; x_wconf 95' lang='lat'><em>-</em></span> <span class='ocrx_word' id='word_1_370' title='bbox 1130 3520 1250 3585; x_wconf 74' lang='lat' dir='ltr'>oondurt]</span> <span class='ocrx_word' id='word_1_371' title='bbox 1269 3525 1359 3574; x_wconf 80' lang='lat' dir='ltr'>Lectio</span> 
     </span>
     <span class='ocr_line' id='line_1_39' title="bbox 270 3592 1359 3658; baseline 0.002 -12"><span class='ocrx_word' id='word_1_372' title='bbox 270 3607 413 3646; x_wconf 90' lang='lat' dir='ltr'>numerum</span> <span class='ocrx_word' id='word_1_373' title='bbox 424 3593 525 3644; x_wconf 83' lang='lat' dir='ltr'>relati·</span> <span class='ocrx_word' id='word_1_374' title='bbox 540 3592 649 3644; x_wconf 90' lang='lat' dir='ltr'>Bentleii</span> <span class='ocrx_word' id='word_1_375' title='bbox 659 3594 795 3656; x_wconf 76' lang='lat' dir='ltr'>annisum</span> <span class='ocrx_word' id='word_1_376' title='bbox 829 3596 935 3658; x_wconf 63' lang='lat' dir='ltr'>firmant</span> <span class='ocrx_word' id='word_1_377' title='bbox 953 3607 987 3644; x_wconf 86' lang='lat' dir='ltr'>ex</span> <span class='ocrx_word' id='word_1_378' title='bbox 1007 3595 1039 3645; x_wconf 88' lang='lat' dir='ltr'>iis</span> <span class='ocrx_word' id='word_1_379' title='bbox 1061 3597 1117 3654; x_wconf 84' lang='lat' dir='ltr'>est.</span> <span class='ocrx_word' id='word_1_380' title='bbox 1142 3608 1213 3658; x_wconf 86' lang='lat' dir='ltr'>quae</span> <span class='ocrx_word' id='word_1_381' title='bbox 1229 3609 1288 3647; x_wconf 89' lang='lat' dir='ltr'>non</span> <span class='ocrx_word' id='word_1_382' title='bbox 1306 3599 1359 3648; x_wconf 67' lang='lat' dir='ltr'>mm</span> 
     </span>
     <span class='ocr_line' id='line_1_40' title="bbox 269 3666 1358 3732; baseline 0.003 -15"><span class='ocrx_word' id='word_1_383' title='bbox 269 3669 391 3718; x_wconf 87' lang='lat' dir='ltr'>lirmatur</span> <span class='ocrx_word' id='word_1_384' title='bbox 407 3667 524 3718; x_wconf 86' lang='lat' dir='ltr'>nuneab</span> <span class='ocrx_word' id='word_1_385' title='bbox 537 3666 728 3718; x_wconf 88' lang='lat' dir='ltr'>unoSohmidii</span> <span class='ocrx_word' id='word_1_386' title='bbox 741 3668 794 3718; x_wconf 87' lang='lat' dir='ltr'>Co-</span> <span class='ocrx_word' id='word_1_387' title='bbox 831 3666 1026 3732; x_wconf 85' lang='lat' dir='ltr'>interpolationi</span> <span class='ocrx_word' id='word_1_388' title='bbox 1056 3667 1176 3719; x_wconf 83' lang='lat' dir='ltr'>consulto</span> <span class='ocrx_word' id='word_1_389' title='bbox 1204 3673 1358 3732; x_wconf 81' lang='lat' dir='ltr'>quaesitae.</span> 
     </span>
     <span class='ocr_line' id='line_1_41' title="bbox 269 3736 1359 3810; baseline 0.003 -19"><span class='ocrx_word' id='word_1_390' title='bbox 269 3741 344 3800; x_wconf 84' lang='lat' dir='ltr'>dice,</span> <span class='ocrx_word' id='word_1_391' title='bbox 370 3741 420 3791; x_wconf 88' lang='lat' dir='ltr'>sed</span> <span class='ocrx_word' id='word_1_392' title='bbox 446 3753 533 3804; x_wconf 89' lang='lat' dir='ltr'>neque</span> <span class='ocrx_word' id='word_1_393' title='bbox 556 3743 647 3804; x_wconf 90' lang='lat' dir='ltr'>aptum</span> <span class='ocrx_word' id='word_1_394' title='bbox 665 3743 707 3792; x_wconf 87' lang='lat' dir='ltr'>est</span> <span class='ocrx_word' id='word_1_395' title='bbox 722 3742 794 3805; x_wconf 91' lang='lat' dir='ltr'>apud</span> <span class='ocrx_word' id='word_1_396' title='bbox 832 3755 915 3806; x_wconf 90' lang='lat' dir='ltr'>quam</span> <span class='ocrx_word' id='word_1_397' title='bbox 939 3755 1031 3792; x_wconf 88' lang='lat' dir='ltr'>merae</span> <span class='ocrx_word' id='word_1_398' title='bbox 1051 3736 1182 3810; x_wconf 62' lang='lat' dir='ltr'>&amp;Bleptq</span> <span class='ocrx_word' id='word_1_399' title='bbox 1198 3743 1243 3794; x_wconf 91' lang='lat' dir='ltr'>vel</span> <span class='ocrx_word' id='word_1_400' title='bbox 1261 3744 1359 3796; x_wconf 84' lang='lat' dir='ltr'>levitati</span> 
     </span>
     <span class='ocr_line' id='line_1_42' title="bbox 271 3813 973 3880; baseline -0.003 -14"><span class='ocrx_word' id='word_1_401' title='bbox 271 3815 408 3866; x_wconf 91' lang='lat' dir='ltr'>llorallum</span> <span class='ocrx_word' id='word_1_402' title='bbox 426 3814 539 3879; x_wconf 68' lang='lat' dir='ltr'>sutorum</span> <span class='ocrx_word' id='word_1_403' title='bbox 557 3813 689 3866; x_wconf 72' lang='grc' dir='ltr'>ἐπίθετον</span> <span class='ocrx_word' id='word_1_404' title='bbox 706 3817 794 3880; x_wconf 75' lang='lat' dir='ltr'>inpert-</span> <span class='ocrx_word' id='word_1_405' title='bbox 831 3817 973 3868; x_wconf 84' lang='lat' dir='ltr'>debentur.</span> 
     </span>
    </p>

    <p class='ocr_par' dir='ltr' id='par_1_10' title="bbox 269 3887 1360 4252">
     <span class='ocr_line' id='line_1_43' title="bbox 270 3887 1360 3958; baseline 0.004 -20"><span class='ocrx_word' id='word_1_406' title='bbox 270 3889 321 3948; x_wconf 84' lang='lat' dir='ltr'>tie,</span> <span class='ocrx_word' id='word_1_407' title='bbox 339 3899 390 3938; x_wconf 85' lang='lat' dir='ltr'>neo</span> <span class='ocrx_word' id='word_1_408' title='bbox 401 3887 496 3936; x_wconf 83' lang='lat' dir='ltr'>Bocchi</span> <span class='ocrx_word' id='word_1_409' title='bbox 509 3890 669 3950; x_wconf 87' lang='lat' dir='ltr'>praesertim</span> <span class='ocrx_word' id='word_1_410' title='bbox 679 3892 794 3940; x_wconf 84' lang='lat' dir='ltr'>mortem</span> <span class='ocrx_word' id='word_1_411' title='bbox 865 3889 953 3940; x_wconf 83' lang='lat' dir='ltr'>to-it.</span> <span class='ocrx_word' id='word_1_412' title='bbox 971 3891 1015 3952; x_wconf 77' lang='lat' dir='ltr'>qui</span> <span class='ocrx_word' id='word_1_413' title='bbox 1030 3893 1142 3942; x_wconf 78' lang='lat' dir='ltr'>coatsdtt</span> <span class='ocrx_word' id='word_1_414' title='bbox 1156 3892 1276 3958; x_wconf 70' lang='lat' dir='ltr'>marera]</span> <span class='ocrx_word' id='word_1_415' title='bbox 1295 3895 1360 3944; x_wconf 86' lang='lat' dir='ltr'>ller-</span> 
     </span>
     <span class='ocr_line' id='line_1_44' title="bbox 271 3957 1359 4033; baseline 0.006 -21"><span class='ocrx_word' id='word_1_416' title='bbox 271 3973 423 4012; x_wconf 88' lang='lat' dir='ltr'>memorare</span> <span class='ocrx_word' id='word_1_417' title='bbox 440 3963 544 4024; x_wconf 87' lang='lat' dir='ltr'>poterat</span> <span class='ocrx_word' id='word_1_418' title='bbox 560 3965 648 4025; x_wconf 82' lang='lat' dir='ltr'>poeta.</span> <span class='ocrx_word' id='word_1_419' title='bbox 673 3961 792 4012; x_wconf 73' lang='lat' dir='ltr'>Cillan</span> <span class='ocrx_word' id='word_1_420' title='bbox 832 3961 907 4014; x_wconf 84' lang='lat' dir='ltr'>eules</span> <span class='ocrx_word' id='word_1_421' title='bbox 923 3960 962 4029; x_wconf 76' lang='grc' dir='ltr'>τῷ</span> <span class='ocrx_word' id='word_1_422' title='bbox 974 3957 1092 4033; x_wconf 73' lang='grc' dir='ltr'><strong><em>ῥοπάλῳ</em></strong></span> <span class='ocrx_word' id='word_1_423' title='bbox 1102 3960 1155 4027; x_wconf 73' lang='grc' dir='ltr'>τὰς</span> <span class='ocrx_word' id='word_1_424' title='bbox 1165 3960 1359 4029; x_wconf 61' lang='lat' dir='ltr'>memeque</span> 
     </span>
     <span class='ocr_line' id='line_1_45' title="bbox 271 4031 1359 4103; baseline 0.006 -17"><span class='ocrx_word' id='word_1_425' title='bbox 271 4034 299 4095; x_wconf 79' lang='lat' dir='ltr'>l,</span> <span class='ocrx_word' id='word_1_426' title='bbox 320 4035 364 4094; x_wconf 66' lang='grc' dir='ltr'>η,</span> <span class='ocrx_word' id='word_1_427' title='bbox 385 4035 431 4085; x_wconf 84' lang='lat'>66:</span> <span class='ocrx_word' id='word_1_428' title='bbox 459 4035 494 4084; x_wconf 79' lang='lat' dir='ltr'>Ob</span> <span class='ocrx_word' id='word_1_429' title='bbox 509 4036 570 4086; x_wconf 81' lang='lat' dir='ltr'>lese</span> <span class='ocrx_word' id='word_1_430' title='bbox 587 4041 623 4086; x_wconf 90' lang='lat' dir='ltr'>tot</span> <span class='ocrx_word' id='word_1_431' title='bbox 643 4036 732 4098; x_wconf 80' lang='lat' dir='ltr'>[netu</span> <span class='ocrx_word' id='word_1_432' title='bbox 749 4038 795 4086; x_wconf 83' lang='lat' dir='ltr'>io·</span> <span class='ocrx_word' id='word_1_433' title='bbox 831 4031 1013 4102; x_wconf 73' lang='grc' dir='ltr'>τῆςῖκοψοο.</span> <span class='ocrx_word' id='word_1_434' title='bbox 1031 4037 1152 4103; x_wconf 77' lang='lat' dir='ltr'>Apollod.</span> <span class='ocrx_word' id='word_1_435' title='bbox 1165 4041 1239 4102; x_wconf 68' lang='grc' dir='ltr'>Μ,</span> <span class='ocrx_word' id='word_1_436' title='bbox 1254 4043 1280 4092; x_wconf 75' lang='lat'>2.</span> <span class='ocrx_word' id='word_1_437' title='bbox 1300 4045 1359 4092; x_wconf 68' lang='lat' dir='ltr'>Prtr</span> 
     </span>
     <span class='ocr_line' id='line_1_46' title="bbox 272 4107 1357 4179; baseline 0.006 -21"><span class='ocrx_word' id='word_1_438' title='bbox 272 4107 375 4171; x_wconf 75' lang='lat' dir='ltr'>peritia</span> <span class='ocrx_word' id='word_1_439' title='bbox 399 4109 507 4159; x_wconf 80' lang='lat' dir='ltr'>dictator</span> <span class='ocrx_word' id='word_1_440' title='bbox 527 4115 664 4172; x_wconf 79' lang='lat' dir='ltr'>perpetuet</span> <span class='ocrx_word' id='word_1_441' title='bbox 679 4115 703 4160; x_wconf 88' lang='lat' dir='ltr'>et</span> <span class='ocrx_word' id='word_1_442' title='bbox 718 4116 796 4173; x_wconf 85' lang='lat' dir='ltr'>puter</span> <span class='ocrx_word' id='word_1_443' title='bbox 832 4112 889 4174; x_wconf 86' lang='lat' dir='ltr'>prle</span> <span class='ocrx_word' id='word_1_444' title='bbox 901 4111 1234 4179; x_wconf 76' lang='lat' dir='ltr'>igitureeettrdttdlxitpre</span> <span class='ocrx_word' id='word_1_445' title='bbox 1243 4115 1357 4177; x_wconf 74' lang='lat' dir='ltr'>per-enit</span> 
     </span>
     <span class='ocr_line' id='line_1_47' title="bbox 269 4183 1358 4252; baseline 0.005 -19"><span class='ocrx_word' id='word_1_446' title='bbox 269 4183 372 4245; x_wconf 74' lang='lat' dir='ltr'>pntrtm</span> <span class='ocrx_word' id='word_1_447' title='bbox 396 4183 475 4234; x_wconf 74' lang='lat' dir='ltr'>dicier</span> <span class='ocrx_word' id='word_1_448' title='bbox 495 4183 667 4248; x_wconf 66' lang='lat' dir='ltr'>(sumtu).</span> <span class='ocrx_word' id='word_1_449' title='bbox 689 4211 715 4222; x_wconf 92' lang='lat'>-</span> <span class='ocrx_word' id='word_1_450' title='bbox 735 4186 795 4236; x_wconf 86' lang='lat' dir='ltr'>dee-</span> <span class='ocrx_word' id='word_1_451' title='bbox 832 4183 933 4236; x_wconf 78' lang='lat' dir='ltr'>ClOd.</span> <span class='ocrx_word' id='word_1_452' title='bbox 950 4185 980 4247; x_wconf 81' lang='lat' dir='ltr'>l,</span> <span class='ocrx_word' id='word_1_453' title='bbox 997 4186 1028 4248; x_wconf 83' lang='lat' dir='ltr'>l,</span> <span class='ocrx_word' id='word_1_454' title='bbox 1046 4187 1075 4237; x_wconf 80' lang='grc'>64</span> <span class='ocrx_word' id='word_1_455' title='bbox 1095 4199 1138 4250; x_wconf 92' lang='lat' dir='ltr'>sq.</span> <span class='ocrx_word' id='word_1_456' title='bbox 1159 4213 1187 4223; x_wconf 96' lang='lat'><em>-</em></span> <span class='ocrx_word' id='word_1_457' title='bbox 1204 4187 1358 4252; x_wconf 68' lang='lat' dir='ltr'>[med-ie-</span> 
     </span>
    </p>
   </div>
   <div class='ocr_carea' id='block_1_7' title="bbox 0 0 1485 4892">
    <p class='ocr_par' dir='ltr' id='par_1_11' title="bbox 0 0 1485 4892">
     <span class='ocr_line' id='line_1_48' title="bbox 0 0 1485 4892; baseline 0 0"><span class='ocrx_word' id='word_1_458' title='bbox 0 0 1485 4892; x_wconf 95' lang='lat' dir='ltr'> </span> 
     </span>
    </p>
   </div>
  </div>
 </body>
</html>
