2925 4892
251 352 313 420 tit
628 356 758 408 aonam
776 354 957 407 samalaud

293 514 387 593 Quae
407 532 516 600 nequa
537 513 571 579 in
591 511 676 579 aede
697 521 813 579 sonent
834 510 991 579 certantia
1012 509 1120 578 iudice
1142 512 1261 599 Tarpa,

294 636 362 702 Nec
384 634 520 700 redeant
540 634 658 700 iterum
680 642 779 721 etque
801 632 918 699 iterum
940 630 1117 719 spectanda
1141 632 1285 699 theatris.

294 757 413 843 Arguta
434 754 607 821 meretrice
630 763 723 842 potes
746 756 903 841 Davoque
927 752 1098 821 Chremeta
1302 754 1344 819 ao

294 875 451 943 illudente
473 895 587 943 senem
608 875 711 941 comis
732 876 857 962 garrire
878 875 1005 945 libellos
1291 884 1295 892 “

296 997 382 1065 Unus
403 997 566 1073 vivorum,
591 996 754 1077 Fundani3
777 997 878 1066 Pollio
901 1019 1016 1086 regum

317 1205 358 1255 38.
377 1217 422 1255 aec
438 1204 500 1255 LCt.
520 1202 655 1269 (marnys
667 1204 711 1253 «et
729 1202 806 1255 multi
822 1202 903 1266 alii»)
924 1231 952 1241 -
970 1204 1095 1255 cmmoda
1111 1216 1245 1269 superscr.
1259 1218 1305 1255 aec

284 1284 377 1403 ⁶0⁰th
392 1280 481 1417 aSliq-
504 1278 545 1329 39.
572 1282 686 1340 spectata
712 1276 921 1385 Coddsaliquot
942 1278 1067 1328 Pottierii.
1099 1306 1127 1314 —
1159 1277 1200 1329 il.
1230 1291 1310 1329 canes

252 1529 337 1591 ligura
354 1529 382 1578 in
398 1529 533 1593 triumpho
554 1532 671 1593 portata,
696 1526 780 1593 capil-
817 1542 864 1591 aaa
893 1528 1033 1592 Ctreoata]
1066 1540 1199 1593 personae
1229 1528 1346 1580 Andriae

252 1602 307 1653 litio
324 1602 409 1663 llavo,
435 1604 521 1665 gentis
538 1616 603 1653 suae
622 1602 723 1665 colore,
751 1605 780 1653 ut
818 1604 1000 1654 Terentianae.
1032 1629 1060 1641 -·
1095 1604 1216 1653 illudente
1245 1602 1345 1668 emen]

253 1680 295 1729 est
306 1677 381 1728 ovid.
393 1690 426 1726 ex
438 1677 559 1738 Ponto3,
572 1677 601 1739 l,
615 1678 678 1727 iti:
698 1678 781 1741 Squa-
818 1676 937 1729 Manilius
955 1679 982 1738 b,
1004 1676 1066 1728 474:
1094 1678 1195 1727 Comica
1216 1683 1347 1740 componet

252 1751 318 1802 tidas
337 1752 461 1802 immissos
484 1752 570 1815 [racto
591 1752 636 1801 aab
655 1753 781 1802 ananiae
817 1752 889 1801 tactis
900 1752 1133 1813 spectaculaludtr:
1149 1752 1348 1801 Ardeatesiaee-

150 1838 154 1844 ·
251 1827 334 1877 eines
357 1826 456 1877 Rhenus
479 1832 503 1877 et
527 1827 632 1889 infectas
656 1828 780 1890 scapulae
818 1831 1008 1888 aesrcptasqae
1022 1827 1148 1877 iaoowre
1159 1826 1258 1887 puellas
1273 1826 1349 1876 Eta-

249 1906 334 1963 portet
358 1916 447 1963 aquas.
481 1901 614 1953 attributo
639 1902 713 1951 certe
740 1901 781 1951 ta-
817 1913 927 1961 sosqae
949 1913 1037 1950 senes
1053 1901 1240 1964 opdaqaaper
1259 1902 1349 1951 mania

252 1980 320 2025 uren
340 1976 398 2039 ipse
420 1975 512 2024 Furius
529 1987 595 2024 usus
612 1975 683 2035 erat,
711 1986 779 2036 qua·
818 1987 909 2024 saeos.
930 2001 958 2011 -
977 1975 1061 2039 amab]
1082 1976 1187 2039 autpote
1204 1975 1285 2023 homo
1301 1988 1347 2023 ur-

252 2050 365 2113 propter
380 2049 407 2099 h.
425 2046 443 2097 l.
461 2047 572 2098 ridetur.
818 2048 904 2099 banus
933 2051 960 2098 et
985 2049 1123 2109 facetus,»
1150 2050 1195 2112 qui
1221 2047 1346 2099 adiectivi

287 2121 392 2172 37-39.
421 2119 493 2184 tado]
521 2121 654 2172 «missum
680 2120 780 2171 iaciens
818 2134 883 2173 usus
900 2135 985 2186 paene
997 2124 1119 2185 congruit
1130 2134 1192 2171 cum
1203 2120 1345 2182 adverbio,

254 2200 351 2261 poema
376 2195 516 2245 heroicum
545 2197 573 2245 et
599 2194 779 2258 tragoediam,
820 2196 959 2256 «comiter,
977 2196 1090 2247 facete.»
1117 2195 1346 2259 Aliiiunguntco-

252 2282 409 2331 sermones,
428 2268 562 2319 ludicram
578 2269 668 2333 poesis
685 2282 780 2332 genus,
817 2272 866 2319 mis
882 2270 985 2330 libellos,
1011 2273 1039 2319 nt
1055 2271 1131 2320 cornu
1147 2271 1181 2321 sit
1200 2272 1345 2321 accusativi

253 2358 305 2408 ego
323 2342 442 2395 excolo.»
472 2342 546 2393 coni.
566 2341 614 2393 Od.
631 2343 659 2403 l,
683 2343 730 2404 3²,
754 2343 779 2393 2.
819 2342 855 2408 pl.
868 2343 955 2395 fornia
971 2345 1117 2407 antiquior,
1138 2344 1284 2403 aurbanos,
1307 2344 1345 2395 ia·

256 2419 325 2468 —ie
341 2417 410 2481 aede]
430 2418 715 2478 «inaedellusarum,
735 2416 781 2467 uhi
820 2420 921 2469 cetos.»
949 2446 977 2455 -
1003 2419 1106 2481 partire
1130 2417 1236 2482 matos]
1263 2432 1345 2469 «ser-

254 2495 350 2559 poetae
379 2492 497 2542 carmina
525 2504 574 2541 sua
605 2488 780 2540 recitabant.»
818 2506 899 2544 mone
911 2492 1078 2557 quotidiano,
1097 2491 1211 2555 eleganti
1222 2491 1346 2555 quidem,

253 2571 348 2619 Poara.
361 2596 389 2603 -
399 2567 523 2617 certamin
536 2566 617 2616 iadice
630 2566 722 2629 Tarpa]
735 2568 780 2630 Sp.
819 2567 869 2619 sed
885 2566 961 2627 sacili,
980 2566 1018 2615 uti
1037 2566 1064 2615 ln
1083 2566 1284 2618 conscribendis
1306 2568 1349 2618 le-

253 2642 371 2693 Maecius
382 2642 467 2705 Tarpa
478 2640 527 2691 init
542 2653 665 2691 summus
676 2640 781 2692 illorum
820 2641 914 2693 bulis.»
935 2639 1151 2691 «Animadvertas
1163 2638 1242 2690 velim
1254 2642 1348 2704 aptam

254 2719 408 2781 temporum
425 2716 533 2767 criticus
551 2716 588 2778 (A.
601 2718 629 2765 P.
642 2715 720 2779 382),
739 2715 783 2766 eui
820 2714 966 2767 verborum
989 2714 1159 2764 varietatem:
1183 2715 1285 2777 panim
1304 2728 1350 2765 co-

255 2792 310 2842 iam
326 2805 343 2841 a
360 2792 409 2841 Cn.
421 2790 549 2854 Pompeio
566 2791 781 2853 linguanae.
821 2790 968 2849 moediam,
986 2800 1077 2838 canere
1097 2787 1273 2851 tragoediam,
1297 2790 1348 2840 da-

254 2867 313 2917 699.
341 2866 452 2928 (Ciead
470 2866 542 2915 Fam.
561 2866 590 2925 T,
610 2865 639 2925 l,
659 2867 687 2914 l:
712 2864 784 2915 achis
821 2877 876 2914 cere
893 2864 969 2926 epiea
987 2862 1132 2913 carmina.»
1161 2863 1279 2911 Damaso.

254 2945 339 2989 msera
352 2940 386 3002 (in
398 2938 509 2999 theatro)
521 2943 595 2987 aaut
605 2940 784 2999 eapepctieo·
853 2936 885 2989 la
896 2964 908 2974 -
918 2936 958 2988 ll.
986 2936 1114 3001 Tauriani]
1137 2936 1166 2986 C.
1185 2934 1347 2998 Fundanius,

255 3014 304 3074 da,
325 3026 391 3073 qaae
409 3012 453 3074 Sp.
468 3012 580 3061 Μαωίω
595 3012 782 3075 probavisset),
821 3011 1063 3075 praestantissimus
1104 3010 1185 3075 poete
1226 3010 1349 3060 comicus

256 3084 356 3137 Horatii
379 3087 502 3148 tempore
523 3098 539 3134 a
562 3084 677 3135 Caesare
703 3086 784 3135 Octa-
822 3086 905 3145 (cuius
922 3086 1012 3135 muron
1029 3097 1063 3133 ne
1080 3096 1150 3133 unus
1163 3083 1271 3146 quidem
1283 3096 1349 3132 ver-

257 3161 337 3211 viano
365 3172 427 3209 cum
455 3156 511 3208 aliis
534 3161 660 3222 quattuor
687 3159 784 3210 iudici·
821 3157 920 3209 siculus
945 3160 1068 3222 superest
1095 3170 1147 3207 nec
1172 3156 1348 3217 Quintilianus

256 3235 321 3294 bus,
339 3236 408 3284 teste
422 3234 638 3284 commentatore
655 3234 782 3298 cmquie·
821 3234 879 3282 eius
903 3230 946 3282 vel
972 3244 1024 3281 uno
1050 3231 1134 3281 verbo
1156 3232 1291 3294 meminit)
1321 3236 1349 3281 et

255 3323 304 3372 no,
331 3320 395 3358 cora
413 3306 615 3359 iudicandarum
631 3306 783 3358 tabularum
821 3307 981 3358 Maecenatis
992 3306 1094 3357 amicus
1108 3307 1169 3370 (Sat.
1183 3307 1212 3367 i,
1231 3307 1260 3367 8,
1283 3306 1347 3369 ts),

255 3398 288 3435 ac
306 3382 451 3432 mimorum
468 3382 612 3433 commisse
627 3385 693 3442 erat,
712 3395 782 3445 quae
821 3384 884 3432 tunc
893 3379 1040 3431 excellebat
1052 3382 1077 3430 in
1090 3380 1237 3431 comoediis
1248 3380 1282 3429 ad
1293 3382 1349 3431 lle-

255 3458 305 3510 nisi
327 3457 362 3507 ab
388 3457 419 3507 iis
443 3454 637 3521 probarentur,
669 3456 696 3506 in
721 3470 784 3507 sce·
820 3456 930 3517 nandri,
949 3454 1122 3515 Philemonis,
1141 3452 1238 3519 Diphili
1253 3466 1349 3505 exem-

255 3546 318 3583 nam
344 3546 397 3582 non
421 3529 619 3582 deferebantur.
657 3530 694 3581 Ea
717 3543 783 3581 cura
820 3530 863 3596 pla
880 3529 1088 3593 componendis,
1108 3530 1135 3579 in
1152 3528 1250 3592 quibus
1266 3542 1349 3592 prae-

255 3608 335 3657 antea
351 3604 588 3665 lucrataedilium3
615 3604 665 3655 sed
681 3606 783 3656 intere-
821 3607 914 3670 cipuee
932 3606 1022 3668 partes
1033 3606 1111 3653 erent
1121 3602 1276 3653 callidorum
1289 3615 1349 3653 me-

255 3683 298 3731 rat
322 3680 470 3741 Octaviani,
500 3694 535 3731 ne
560 3678 708 3743 quidquam
734 3692 783 3743 per
820 3676 1006 3728 retricularum
1027 3678 1231 3739 astutorumque
1253 3689 1350 3727 servo·

257 3755 355 3805 mimos
371 3754 530 3816 praesertim
547 3754 574 3803 in
586 3755 691 3804 civitate
704 3768 784 3803 «mra-
819 3764 880 3802 rum
897 3764 977 3801 senes
995 3751 1206 3813 emungentium.
1234 3751 1272 3814 (C.
1286 3750 1352 3799 svr-

256 3831 298 3876 cta
321 3827 514 3887 interpretante»
542 3827 637 3890 (Tacit.
663 3828 728 3878 llist.
751 3826 781 3889 Ξ,
820 3838 909 3877 nanrvs
926 3826 952 3875 in
969 3826 1086 3875 nummis
1104 3822 1170 3875 alius
1189 3826 1243 3885 est,
1266 3836 1351 3887 quee-

257 3899 309 3967 94.)
326 3898 433 3962 publice
452 3899 631 3962 proferretur,
658 3901 731 3965 quod
756 3902 782 3949 in
820 3902 876 3950 stor
902 3913 925 3949 a.
950 3912 977 3950 u.
997 3912 1020 3949 c.
1044 3898 1113 3960 62⁴..
1137 3911 1216 3949 socer
1240 3899 1275 3949 ll.
1296 3899 1350 3949 Te-

257 3972 341 4037 ipsius
357 3971 566 4023 dominationem
576 3986 609 4024 ac
621 3987 711 4026 mores
722 3988 783 4027 ma·
820 3975 897 4024 rentii
914 3972 1059 4035 Varronis.)
1081 3999 1107 4011 -
1128 3972 1213 4037 Pallio]
1236 3974 1266 4023 C.
1287 3972 1350 4023 Asi-

257 4046 327 4110 ligne
345 4045 499 4109 detorqueri
516 4048 617 4110 posset.
821 4049 880 4099 nius
893 4046 983 4110 Pollio,
994 4052 1093 4108 orator,
1103 4047 1256 4105 historicus,
1266 4048 1349 4109 poeta

289 4120 331 4172 le.
349 4121 391 4173 it.
409 4119 515 4184 ΔΓΜ]
528 4122 656 4182 «astuta-
669 4124 700 4171 ot
714 4122 781 4186 Epp.
822 4124 947 4187 tragicus.
982 4122 1041 4173 Vid.
1060 4122 1095 4173 ad
1112 4120 1159 4171 Od.
1179 4122 1210 4183 2,
1229 4121 1257 4179 l,
1276 4119 1301 4169 9.
1318 4147 1348 4157 -

258 4196 289 4257 t,
309 4194 354 4254 tl,
372 4193 419 4245 ti:
445 4194 501 4246 cato
517 4200 632 4259 mamm.
648 4224 676 4231 -
695 4197 784 4245 Daco-
821 4211 909 4260 repam
926 4198 1006 4248 Facto
1022 4196 1099 4261 coeit]
1124 4196 1188 4259 quia
1211 4191 1349 4256 tragoedia
