2925 4892
269 337 334 402 390
631 337 761 388 nouum
779 336 1001 388 ansnomnuu

314 497 395 564 Cum
416 496 461 561 sis
483 503 516 561 et
537 513 637 582 prave
661 501 786 559 sectum
807 490 1020 558 stomacheris
1040 492 1084 558 ob
1105 513 1248 580 unguem

314 619 361 683 De
385 629 415 684 te
438 614 624 705 pendentis,
648 624 680 682 te
702 613 906 702 respicientia
927 615 1033 681 amici.
1300 613 1357 679 t05

338 777 395 828 tot.
414 779 476 828 cum
492 778 538 836 atu
562 781 586 826 ot
605 788 686 838 prauo
701 781 794 825 acetum
809 775 974 824 stomacharis
990 787 1053 824 cum
1076 775 1169 838 paucis
1192 773 1280 823 codd.
1301 779 1327 826 et

305 851 371 904 Edd.
383 856 449 903 vett.
468 852 585 918 praeteri
597 851 725 902 ltirohuer
737 853 846 913 ουααιί.
860 850 949 900 Horat.
961 863 989 914 p.
1002 849 1044 898 36.
1060 875 1087 886 -
1101 849 1158 898 405.
1172 849 1328 910 ευερίείωίίε

304 929 338 978 de
356 929 386 979 N.
406 929 505 979 Heinaii
522 928 675 978 coniectura
693 924 836 976 oenuems.
1004 924 1009 932 '

270 1081 313 1117 vv.
326 1067 467 1118 mauiiesto
484 1065 599 1132 probant
615 1067 722 1130 poetam
742 1067 796 1114 iam
832 1063 927 1114 attinet
942 1063 976 1114 ot.
990 1063 1061 1126 virg.
1076 1065 1140 1112 Aen.
1155 1062 1203 1124 to,
1216 1063 1282 1114 aet:
1302 1065 1358 1114 Tun

270 1141 397 1194 tndaav.
411 1142 453 1194 at.
466 1155 529 1192 eum
546 1143 700 1198 Maecenate
712 1141 794 1205 loqui,
832 1143 908 1200 caput
931 1139 1029 1188 ονωιίίε
1052 1137 1206 1200 mucium
1230 1143 1255 1187 et
1282 1139 1357 1188 nata

272 1230 338 1278 non,
357 1219 387 1266 ut
403 1215 445 1266 alii
463 1217 512 1267 rati
529 1219 603 1274 aunt,
624 1228 685 1266 cum
697 1199 796 1280 popuio
828 1213 956 1274 parantis.

271 1293 390 1342 Romano
407 1287 448 1340 vel
467 1302 530 1340 cum
546 1302 660 1354 persona
679 1290 754 1349 flete,
780 1301 796 1338 e

271 1364 361 1415 medio
379 1362 477 1428 populo
494 1364 610 1427 arrepta.
865 1361 987 1412 too-toa.
1005 1360 1042 1410 Ad
1057 1360 1190 1426 ανιυυαυι]
1207 1363 1265 1412 sat.
1284 1363 1312 1424 t,
1328 1362 1356 1422 3,

306 1437 433 1490 uotiua
457 1437 797 1502 et--stomoeiurtsliteie-
833 1435 895 1486 ⁴37:
922 1437 960 1485 Νι
979 1435 1082 1498 maman
1099 1436 1204 1499 saeiom.
1232 1463 1261 1473 —
1285 1438 1357 1488 loca·

272 1515 315 1562 eta
333 1511 392 1562 tect.
405 1513 583 1574 είονυαοὴανίε,
608 1525 677 1576 quae
699 1513 796 1564 idonea
832 1513 889 1560 tur:
920 1510 992 1560 «sed
1016 1512 1047 1560 ut
1070 1508 1215 1572 aliquando
1241 1509 1359 1575 philoso-

271 1587 427 1638 auctoritata
456 1588 541 1649 caret,
575 1589 724 1638 sententiae
757 1588 797 1638 etc
833 1585 909 1648 phari
926 1584 1064 1647 desinam,
1091 1585 1243 1635 Stoicorum
1267 1582 1358 1656 παρά-

271 1661 422 1725 iungendae
439 1665 520 1726 etque
533 1661 705 1726 explicandae
717 1665 793 1712 aunt:
832 1655 919 1722 δοξον
935 1672 1027 1710 meum
1043 1659 1167 1710 faciam.»
1196 1661 1241 1710 sic
1259 1661 1359 1711 incon·

272 1739 455 1800 «Quamquam
473 1749 503 1788 ea
521 1749 612 1788 meum
633 1736 795 1802 praesidium
833 1732 952 1784 elusione
970 1735 1052 1783 etiem
1069 1734 1125 1784 Cic.
1139 1733 1173 1783 de
1185 1734 1262 1785 offic.
1277 1734 1357 1794 att,

272 1814 351 1875 atque
364 1811 480 1874 alioquin
498 1811 623 1862 exanimi
641 1812 677 1860 tui
690 1813 797 1862 senten-
833 1805 895 1858 tta:
913 1808 951 1858 Δδ
967 1821 1105 1869 maantam,
1122 1821 1155 1858 ae
1170 1822 1251 1872 αραιυ
1268 1810 1360 1859 dasia-

271 1886 307 1935 tia
325 1899 440 1950 maeque
459 1897 552 1946 causa,
572 1899 605 1936 ne
624 1886 750 1936 deridear
760 1885 796 1935 ab
831 1882 909 1944 υνδε,
931 1896 1086 1933 οουνυυυαυ
1102 1884 1178 1932 totius
1193 1885 1294 1947 ceneris
1314 1885 1359 1934 ito-

272 1959 342 2020 aiiia,
361 1973 440 2022 aegre
459 1959 526 2020 iens,
546 1959 567 2010 ai
585 1959 625 2010 vel
639 1961 664 2010 in
677 1973 706 2011 re
718 1959 798 2012 levis·
830 1958 928 2007 minum
943 1957 1141 2008 conciliationem
1156 1963 1179 2008 ct
1194 1960 1361 2010 consociatio-

271 2034 331 2084 aimi
348 2035 477 2084 momenti
495 2047 510 2083 a
524 2034 593 2084 vitae
605 2033 734 2097 elegantia
751 2049 797 2084 ne-
831 2031 985 2090 aemcotere,
997 2031 1072 2092 tueri,
1084 2033 1322 2084 maroneum.
1332 2059 1358 2070 -

272 2107 340 2157 cedo
361 2109 388 2157 et
410 2106 538 2157 decorem
561 2106 690 2171 negligo..
710 2135 740 2146 -
758 2110 797 2159 Da
830 2105 1014 2168 minor-ioue]
1032 2106 1358 2158 «sententiastotcorum

273 2181 445 2245 tenementis]
463 2195 667 2242 noneoaeuau‚
687 2185 797 2247 quoiia-
831 2181 861 2229 Ia
876 2180 922 2229 mc
937 2180 1038 2242 sapiam
1053 2181 1138 2230 minor
1154 2186 1189 2230 eat
1204 2181 1275 2242 icoo,
1300 2183 1361 2244 quic

272 2255 335 2306 dem
352 2253 443 2306 verbis
463 2259 584 2308 uteretur
608 2257 730 2310 adulator
753 2256 796 2307 vei
831 2255 965 2304 ntoritur.»
998 2258 1094 2304 acuon.
1128 2256 1257 2306 Ceterum
1283 2271 1360 2308 oom-

272 2331 415 2394 parasitua,
428 2331 488 2381 aed:
504 2333 564 2395 aqui
572 2330 655 2382 libane
665 2331 796 2383 electione
832 2341 914 2378 mune
926 2331 985 2378 emt
994 2325 1160 2400 παράδοξον
1169 2333 1196 2380 et
1207 2331 1359 2382 stoicorum

272 2417 337 2455 uaua
357 2407 418 2455 tuae
436 2405 563 2456 voluntati
583 2419 644 2458 sese
662 2407 796 2472 applicare
833 2406 861 2454 et
877 2403 990 2468 Epicuri.
1019 2402 1093 2453 Stob.
1107 2402 1162 2454 Eci.
1175 2405 1221 2468 ph.
1236 2405 1267 2465 δ,
1285 2407 1312 2456 Ἰ.
1332 2419 1357 2470 ρ.

271 2477 362 2531 studet
379 2482 455 2531 unice
472 2485 583 2545 propter
599 2484 722 2532 mutuum
740 2483 797 2533 ain·
833 2479 890 2530 tao.
904 2479 950 2530 Η.;
977 2473 1031 2544 τὴν
1049 2475 1108 2529 τῶν
1124 2473 1245 2546 ἀγαθῶν
1262 2475 1360 2531 ου’δαι·

272 2567 351 2606 cerae
369 2556 499 2606 amicitiae
517 2557 663 2612 iruotumu·
687 2571 726 2607 on
743 2557 797 2606 dtr
831 2555 938 2617 μονίαν
961 2551 1005 2619 μὴ
1030 2550 1177 2625 διαφέρειν
1201 2550 1255 2620 τῆς
1275 2556 1359 2618 θείας

272 2631 795 2696 ίιδυρουδ,αοα;υουδίναδίιδυ-
831 2621 1026 2694 εὐδαιμονίας,
1058 2626 1134 2694 μηδὲ
1166 2625 1222 2693 τὴν
1253 2623 1358 2700 ἀμερι-

270 2705 328 2768 ρίρ.
358 2707 451 2769 Neque
468 2719 579 2770 prorsus
596 2705 668 2756 idem
680 2707 722 2756 est
732 2704 794 2756 iliud
831 2705 920 2767 μνίαν
936 2697 954 2752 ὁ
970 2699 1145 2773 Χρύσιππός
1160 2719 1235 2769 φησι
1254 2701 1358 2766 διαφέ-

272 2779 326 2830 Cio.
340 2781 373 2830 ad
387 2783 457 2831 Fam.
471 2782 500 2842 6,
518 2782 564 2842 22,
583 2783 611 2832 δε
630 2782 797 2832 tacotmnitati
832 2793 892 2846 ρειν
914 2775 967 2843 τῆς
990 2773 1044 2829 τοῦ
1070 2774 1138 2842 Διὸς
1160 2773 1356 2845 εὐδαιμονίας.

270 2859 329 2904 tuae
345 2861 505 2916 tuommqoa,
527 2856 571 2915 qut
586 2869 620 2905 ευ
636 2860 659 2905 ta
672 2857 794 2918 pendent,
832 2853 981 2918 Simplicius
998 2855 1081 2918 Epict.
1100 2869 1127 2918 p.
1141 2855 1198 2905 tua.
1211 2856 1313 2907 Seium:
1339 2853 1357 2908 ὁ

269 2929 392 2978 consutae.
420 2929 496 2978 Silius
514 2929 559 2991 ⁴3,
578 2929 640 2980 504:
659 2931 797 2993 dequetuta
831 2925 929 2992 σοφὸς
953 2930 993 2991 εἰς
1018 2925 1072 2993 τὴν
1096 2925 1278 2999 ἑξῃρημένην
1305 2929 1358 2996 τῆς

266 3003 402 3063 pmdentta
418 3003 543 3052 Dardana
558 3005 631 3066 sctis,
651 3003 695 3054 ubi
713 3006 796 3068 signi·
831 3004 969 3068 γενέσεως
980 2998 1128 3074 ὑπεροχὴν
1139 3001 1191 3068 τῆς
1201 3002 1277 3070 ζωῆς
1288 2999 1357 3056 οἰνα-

269 3075 345 3134 fleat,
369 3076 448 3126 unius
471 3075 585 3128 salutem
606 3091 668 3128 cum
685 3079 795 3131 atterius
831 3079 939 3148 τρέχων
956 3072 991 3129 οὐ
1014 3075 1168 3142 συμπότης
1188 3074 1283 3142 μόνον
1298 3075 1356 3129 τῶν

269 3148 354 3200 saluto
363 3151 529 3201 necessitatis
537 3152 654 3214 quadam
663 3151 721 3216 iege
732 3167 796 3203 con·
830 3149 1014 3223 κρειττόνων,
1040 3145 1186 3202 ἀλλὰκαὶ
1202 3150 1356 3225 συνάρχων

268 3224 384 3274 iunctum
403 3237 474 3276 esse.
489 3251 516 3262 ·-
530 3228 723 3292 conspicientia]
736 3230 794 3278 «cui
830 3229 945 3293 γίνεται.
976 3229 1078 3279 Seneca
1096 3229 1178 3293 Epist.
1192 3229 1237 3278 73:
1256 3231 1356 3281 Soiedut

269 3299 295 3349 in
313 3299 389 3352 dictis
407 3299 545 3364 factisque,
565 3304 624 3352 tuos
642 3313 738 3354 sensus
759 3316 793 3353 ue
829 3303 932 3353 Sentius
948 3303 1146 3369 (Pythagoreus)
1160 3305 1256 3366 dicae,
1273 3307 1355 3356 Ιονευι

267 3387 384 3438 unquam
396 3373 496 3437 laedat,
514 3376 597 3427 immo
610 3378 639 3426 ut
649 3371 700 3427 ‘tibi
712 3377 795 3428 hone-
825 3376 885 3437 pm
899 3391 950 3427 noa
969 3391 1040 3440 peasa
1056 3393 1135 3442 quum
1150 3379 1243 3428 δουναι
1258 3381 1352 3429 aim.

267 3453 307 3500 ste
317 3451 487 3514 gratificetur,
497 3453 664 3516 propositum
674 3455 724 3512 est.
735 3455 794 3517 qut-
828 3450 928 3501 Aelian.
939 3453 969 3502 V.
981 3454 1012 3503 ii.
1023 3452 1047 3514 t,
1058 3453 1103 3502 ⁴3:
1113 3447 1286 3525 Ἐπίκουρος
1297 3449 1354 3505 ἕλε·

267 3538 319 3589 que
330 3526 409 3578 simul
426 3528 452 3578 in
469 3527 542 3578 omui
554 3527 624 3578 vitae
634 3527 791 3578 condicione
828 3541 877 3592 γον
887 3525 1010 3592 ἑτοίμως
1027 3521 1104 3586 ἔχειν
1119 3529 1170 3577 καί
1180 3525 1220 3596 τῷ
1230 3529 1278 3580 Διί
1289 3529 1352 3598 περί

267 3613 344 3664 spem
358 3615 436 3652 auam
453 3602 479 3652 in
496 3604 523 3652 te
534 3603 665 3666 reponit.»
692 3603 792 3654 Caesar
828 3599 1015 3666 εὐδαιμονίας
1038 3599 1271 3668 διαγωνίζεσθαι,
1294 3602 1352 3668 μά-

266 3673 377 3734 u.c.t,
397 3677 424 3724 t:
452 3676 491 3726 ain
508 3677 792 3740 Caesormnnapiciunt
827 3669 1140 3748 ζανέχωννιαὶὸδωρ.
1170 3679 1252 3739 Quid,
1279 3678 1351 3743 quod

265 3752 341 3808 αίουι
356 3749 409 3798 eim
427 3751 540 3814 qratiam
560 3755 705 3813 aequantur.
735 3754 789 3803 Liv.
827 3749 930 3814 longius
947 3751 1028 3803 etiam
1045 3763 1204 3816 progressus
1216 3755 1259 3802 est
1270 3753 1351 3814 chry·

264 3819 291 3880 ί,
312 3819 358 3882 id,
377 3821 404 3872 8:
431 3825 575 3886 praesidio,
600 3838 666 3887 quoe
681 3829 790 3889 ramico-
826 3826 920 3890 cippus
937 3826 1115 3879 contendens:
1142 3819 1229 3898 ἀρειῇ
1247 3841 1279 3878 τε
1294 3821 1350 3886 οὐχ

263 3899 320 3944 rent
336 3895 519 3958 inretrapido.
539 3898 605 3950 Nihil
618 3903 789 3967 autamopua
826 3895 975 3971 ὑπερέχειν
994 3897 1046 3951 τὸν
1067 3899 1123 3951 Δία
1147 3900 1199 3953 τοῦ
1225 3900 1347 3962 Δίωνος,

264 3969 363 4020 Heiuaii
374 3971 443 4020 coni.
457 3973 623 4035 montemnis,
644 3987 791 4027 «veneran-
825 3969 1006 4036 ὠφελεῖσθαί
1021 3989 1052 4025 τε
1069 3969 1180 4040 ὁμοίως
1195 3971 1243 4028 aii
1260 3970 1348 4040 ἀλλή-

263 4043 326 4104 tia‚·
345 4043 416 4106 quod
435 4045 523 4096 minua
539 4047 631 4112 utique
649 4051 691 4100 est
706 4063 788 4114 quam
826 4047 883 4100 λων
899 4045 951 4101 τὸν
961 4048 1016 4100 Δία
1033 4050 1083 4100 καί
1099 4045 1151 4102 τὸν
1167 4050 1278 4110 Δίωνα,
1294 4065 1347 4100 αο-

158 4185 162 4197 ,
261 4118 429 4182 praecedens
445 4132 470 4169 v.
480 4122 609 4182 pentoma
625 4135 658 4174 ac
669 4123 711 4175 vei
723 4137 789 4188 pro-
824 4120 903 4188 φοδς
927 4117 1027 4189 ὄντας,
1053 4117 1126 4176 ὅταν
1141 4119 1238 4195 ἕτερος
1262 4126 1346 4176 δατέ-

261 4195 353 4257 pterea
376 4191 491 4257 languet.
534 4197 611 4256 Quod
634 4197 669 4248 ud
691 4210 788 4251 sonum
823 4213 878 4272 ρου
903 4197 1032 4272 τυγχάνῃ
1057 4201 1242 4265 κινουμένου.
1271 4199 1343 4265 (Piut.
