2925 4892
275 359 338 426 648
644 361 774 414 uomnr
791 363 1011 416 srrsrouaaou

317 521 415 586 Recte
437 518 518 584 iacta
541 517 652 596 refert,
676 519 813 586 orientia
833 529 981 606 tempora
1001 519 1085 586 notis
1292 518 1343 584 tat
1426 550 1427 609 3

318 640 448 706 Instruit
470 639 639 727 exemplis,
664 639 794 727 inopem
816 639 938 706 solatur
959 650 992 706 et
1012 661 1155 728 aegrum.

319 761 423 828 Castis
444 782 517 829 oum
539 761 650 849 pueris
673 762 784 848 ignara
804 760 913 848 puella
933 761 1037 828 mariti

315 883 463 949 Disceret
483 881 569 948 unde
592 901 722 969 preces,
747 892 854 949 vatem
876 885 907 947 ni
929 884 1020 948 Musa
1041 882 1208 981 dedisset?

317 1004 424 1071 Poscit
446 1024 543 1091 opem
564 1001 683 1070 chorus
706 1012 739 1069 et
759 1003 943 1090 praesentia
964 1003 1096 1069 numina
1116 1003 1227 1079 sentit,

318 1125 483 1193 Caelestes
505 1125 655 1213 implorat
675 1145 778 1213 aquas
800 1124 897 1192 docta
917 1145 1017 1212 prece
1037 1124 1192 1200 blandus,
1293 1123 1344 1189 itt

316 1247 437 1314 Avertit
457 1245 603 1323 morbos,
628 1245 801 1312 metuenda
821 1246 966 1332 pericula
987 1245 1092 1333 pellit,

341 1406 397 1456 435.
424 1405 521 1470 equos]
547 1418 605 1468 opes
626 1403 751 1468 singulari
776 1418 869 1455 errore
885 1418 955 1456 unus
970 1405 1137 1456 Bersmanni.
1158 1431 1186 1442 -
1212 1406 1320 1468 ineplorot

308 1493 402 1542 wana,
429 1481 502 1530 docto
523 1493 599 1543 prece
623 1480 728 1530 blundus
751 1479 847 1529 Avertit
869 1479 969 1529 morbos
993 1479 1128 1542 distinguit
1152 1480 1282 1538 Bentleius
1296 1480 1320 1528 in

308 1556 384 1606 Curis
402 1555 560 1606 novissimis.
581 1582 609 1592 -
628 1553 685 1604 436.
705 1553 790 1618 pellit]
814 1554 878 1603 tollit
893 1567 963 1604 unus
980 1555 1149 1616 Bersmanni,
1176 1554 1319 1617 Cuniugba·
1426 1588 1427 1591 ,

308 1629 378 1681 mius
395 1629 555 1680 coniectura.

274 1775 409 1830 rectoratn,
428 1771 458 1818 ut
474 1766 597 1818 vocabuli
610 1773 740 1831 correptor
748 1769 800 1818 iam
838 1768 887 1817 est.
903 1794 930 1802 —
944 1766 1185 1830 Caelestes-equos]
1202 1766 1345 1832 «pluviam»

275 1843 345 1894 nulla
363 1845 396 1895 sit
412 1845 564 1894 auctoritas.
580 1871 607 1880 -
621 1844 728 1894 omenta
741 1847 801 1892 utn-
839 1840 878 1891 Ci.
897 1840 944 1891 Od.
957 1841 988 1902 3,
1001 1841 1045 1901 444,
1064 1842 1111 1891 ts:
1138 1855 1223 1903 oquae
1237 1841 1345 1893 dum.

271 1918 348 1982 pora]
358 1931 411 1968 nou
421 1920 475 1968 mm
486 1915 711 1980 «adolescentes»
719 1929 801 1980 (ιιιιιιιι
838 1916 893 1966 Liv.
904 1914 930 1976 4,
941 1915 986 1964 30:
999 1915 1258 1981 coelestes—desuem
1267 1929 1344 1977 nouae.
1426 1932 1427 1979 3

275 2005 373 2042 «unam
395 1991 533 2042 hominum
551 1993 666 2042 aewtem
683 1994 746 2055 post
761 1989 800 2040 al·
837 1991 863 2040 si
876 1989 983 2054 quando
992 1991 1091 2040 Romae
1099 2003 1187 2054 aquae
1198 1992 1282 2055 inopia
1289 1991 1345 2048 erat,
1426 1996 1427 2001 ’

274 2069 374 2124 teram,
400 2067 430 2114 ut
452 2067 538 2129 prima
562 2078 686 2129 quaeque
704 2067 799 2126 oritur,
837 2078 914 2116 sacra
940 2064 1147 2116 instituebantur
1173 2068 1229 2117 lovi
1252 2064 1345 2121 Plurim

275 2141 302 2189 in
318 2137 407 2190 lucem
424 2139 512 2189 editur
529 2153 560 2190 ac
573 2141 654 2203 priori
666 2140 799 2198 succedit;
837 2138 959 2201 aquilicia
976 2139 1061 2200 dicta,
1079 2141 1181 2204 quippe
1197 2141 1290 2205 quibus
1303 2141 1346 2189 im-

274 2213 315 2262 die
324 2214 472 2262 werdenden
482 2213 672 2263 eoeneum
690 2241 713 2252 ·-
726 2215 800 2276 nota]
837 2214 901 2265 bres
913 2213 989 2264 caclo
1000 2213 1175 2276 dicerentur,
1193 2212 1345 2279 nudipedalia

275 2285 439 2347 «veteribus,
459 2299 528 2350 quae
545 2285 579 2336 ab
591 2286 716 2338 omnibus
728 2286 801 2337 celc—
837 2286 999 2351 agebantur,
1026 2287 1126 2349 idest,
1155 2289 1265 2354 populus
1279 2287 1345 2339 nudis
1426 2334 1427 2351 ,

274 2359 416 2410 brunun-
439 2387 467 2398 -
490 2361 608 2426 oepmm]
633 2363 732 2412 usnimi
753 2367 801 2412 ae·
836 2361 951 2425 pedibus
968 2373 1096 2426 pompam
1114 2362 1233 2414 ducebat
1247 2377 1294 2427 per
1307 2364 1346 2413 ttr-
1426 2362 1427 2375 ¹

275 2446 366 2499 grum,
393 2433 559 2486 sollicitum.»
596 2435 662 2488 llale
683 2436 800 2488 nonnulli
837 2434 911 2487 bem.
925 2436 964 2487 Cf.
975 2437 1084 2487 Festum
1094 2438 1122 2486 iu
1130 2451 1156 2487 v.
1166 2438 1346 2498 semime
1426 2448 1427 2459 ¹

274 2510 384 2560 vertunt
419 2512 477 2560 deu
509 2512 671 2574 Krantten,
700 2514 800 2563 nocuus
836 2512 911 2560 docto
921 2509 1121 2575 precelleamur]
1134 2508 1347 2574 «blandesuppli-

274 2585 342 2635 Voss
359 2585 408 2636 dte
424 2587 645 2637 Schwermotlt.
837 2598 903 2635 cans
919 2585 961 2636 dis
974 2586 1105 2646 carmine,
1124 2587 1347 2650 quodpo'etaeum

307 2660 429 2710 ica-⁴38.
457 2661 537 2711 Coctia
554 2662 616 2726 cet]
633 2664 689 2712 lam
705 2663 801 2713 transit
838 2661 966 2720 doccia»
979 2661 1107 2710 dedocet
1116 2662 1292 2725 participium,
1303 2669 1347 2707 nou

275 2733 308 2783 ad
328 2735 483 2798 pottsisvim
499 2734 693 2799 utilitatemque
711 2737 738 2786 in
755 2749 800 2786 sa-
838 2734 1008 2784 adiectivum.
1023 2762 1052 2770 -
1069 2736 1168 2785 Aoum
1181 2734 1284 2797 morbos]
1298 2744 1347 2781 ma-

274 2809 328 2859 cris
344 2820 377 2858 ac
394 2807 573 2872 religionibus.
590 2835 616 2845 -
637 2811 801 2874 ignoro-mo-
836 2810 908 2858 xime
926 2807 1046 2873 Apolline
1062 2810 1202 2871 invocato;
1220 2809 1253 2860 cl.
1268 2807 1311 2858 0d.
1325 2806 1345 2859 4,

274 2883 326 2944 rto]
345 2880 467 2942 Siliusi,
486 2882 532 2933 68:
558 2885 624 2934 ilooc
641 2885 801 2948 tpnorootri
836 2883 882 2942 at,
900 2882 939 2931 43.
961 2909 989 2918 -
1007 2883 1147 2947 metuendo]
1168 2885 1346 2948 equippepu*

272 2969 402 3017 omenque
418 2958 522 3005 museto
532 2958 614 3007 cubui.
631 2985 658 2995 -
676 2961 751 3023 unde]
769 2974 799 3010 «a
836 2957 917 3007 tantm
942 2957 1116 3018 significata.»
1138 2983 1169 2994 -
1193 2957 1284 3021 Hane]
1306 2951 1345 3001 «dl

275 3041 358 3093 quo,a
376 3031 405 3078 ut
422 3028 469 3078 Od.
484 3030 508 3090 4,
522 3031 562 3090 ta,
577 3033 616 3080 47.
632 3057 659 3068 -
676 3035 799 3097 precede
836 3030 926 3092 interl,
945 3032 991 3082 Dis
1007 3033 1096 3094 pater,
1119 3034 1285 3097 Proserpina,
1301 3030 1346 3079 lle-

275 3103 363 3152 choris
380 3100 528 3166 puellarum
546 3105 572 3152 et
591 3117 737 3168 puerorum
754 3120 801 3170 pa·
836 3108 922 3164 cate‚»
934 3106 1045 3168 utVirg.
1059 3109 1105 3156 Ge.
1118 3106 1143 3166 4,
1156 3109 1220 3158 bitti:
1238 3106 1346 3169 Quom

275 3177 415 3226 trimoruua
427 3188 459 3225 ac
471 3177 655 3228 matrimorum
664 3181 798 3241 recitatas,
835 3180 943 3230 lienes
960 3179 1034 3241 (deos
1046 3180 1169 3242 interos),
1188 3177 1345 3244 qatoileteittt

275 3263 389 3316 quarum
407 3249 559 3313 exemplum
581 3251 666 3302 habes
684 3255 798 3306 Carmen
837 3253 966 3317 (superos)
983 3266 1043 3302 uoce
1057 3255 1184 3305 vocaret?
1204 3254 1342 3305 Etsicilen.

274 3324 408 3387 seculare,
427 3329 508 3389 atque
526 3327 578 3377 iam
596 3327 741 3390 antiquitus
757 3331 800 3380 Li·
837 3327 877 3386 ta,
890 3326 952 3377 646:
974 3327 1116 3378 Voaomtbi
1126 3331 1217 3379 Manet
1226 3329 1279 3377 litte
1287 3323 1342 3377 toti.

273 3401 308 3451 vii
331 3400 473 3452 Andronici
496 3414 618 3462 carmen,
646 3403 718 3466 quod
735 3417 800 3468 pro-
836 3402 956 3462 quoatcm
988 3401 1092 3464 saepem
1117 3416 1210 3452 ocean
1233 3402 1340 3452 cotem

274 3477 334 3540 pter
349 3476 422 3526 varia
439 3475 559 3540 prodigia
570 3477 686 3540 virgines
698 3480 740 3528 ter
751 3479 800 3528 no-
836 3476 927 3527 Manes
944 3476 1023 3539 igitur
1039 3477 1065 3526 b.
1078 3475 1095 3526 4,
1111 3479 1153 3527 die
1166 3473 1344 3527 omanem

273 3563 358 3600 venae
383 3563 433 3615 per
458 3550 555 3601 urbem
580 3555 675 3602 euntes
698 3554 798 3603 Dianae
835 3551 942 3608 lldcbte.
974 3549 1107 3614 Gargallo:
1135 3553 1212 3604 etone
1224 3545 1343 3612 plwwt'

274 3624 430 3673 cecinerunt
451 3637 521 3674 anuo
533 3639 560 3675 u.
573 3637 598 3674 c.
609 3624 666 3676 545.
679 3627 741 3688 (Liv.
755 3627 797 3687 st,
835 3626 930 3686 carmi,
948 3627 959 3673 t
974 3627 1057 3675 cenni
1067 3626 1146 3676 Plato.
1176 3628 1285 3688 Burgos:
1301 3621 1343 3671 ssot

273 3695 340 3757 dl),
359 3709 392 3746 ex
410 3699 498 3760 prisco
515 3699 624 3762 quidem
635 3713 711 3750 more
727 3699 799 3750 ltali—
835 3699 872 3748 lot
886 3713 970 3749 versos
982 3713 1033 3761 por
1047 3701 1135 3749 ultimo
1148 3713 1174 3749 se
1193 3700 1296 3762 optocoa
1305 3695 1343 3744 lai

273 3782 321 3828 co;
344 3771 383 3820 sic
402 3772 483 3821 etiam
501 3770 606 3822 Faleriis
623 3775 707 3844 χοροὶ
727 3788 799 3845 παρ-
836 3775 914 3824 diem
929 3775 969 3823 det
983 3774 1082 3824 Aemo
1098 3788 1112 3824 e
1130 3775 1169 3824 del
1185 3774 1285 3835 Olisipo.
1311 3768 1342 3816 De

273 3843 366 3893 θένων
383 3837 539 3909 ὑμνουσῶν
550 3839 699 3919 τὴνἫραν
710 3842 800 3914 ᾠδαῖς
836 3847 956 3899 Manibus
974 3851 1081 3913 proprie
1097 3847 1176 3899 dictis
1192 3846 1271 3899 nolim
1285 3840 1343 3904 cusi

273 3919 412 3988 πατρίοις.
439 3920 549 3982 Dionys,
567 3920 650 3972 Halic.
664 3923 693 3983 t,
712 3924 753 3972 at.
769 3951 797 3960 -
836 3923 908 3981 tare,
927 3923 977 3973 etsi
988 3924 1069 3972 certis
1080 3921 1253 3981 carminibus,
1265 3919 1290 3968 id
1300 3918 1341 3972 cal,

269 3993 422 4058 praesentio]
450 3995 592 4060 apropitia,
618 3995 798 4060 opitulantis.»
836 3994 964 4059 tormnlis,
977 3996 1122 4048 utebantur
1133 3998 1159 4048 in
1172 3990 1341 4049 moechandi

273 4067 313 4118 Cl.
327 4068 375 4118 cd.
389 4069 413 4130 4,
426 4069 468 4128 at.
481 4071 506 4120 2.
523 4097 550 4106 -
563 4071 643 4135 sentit]
656 4071 699 4120 Sic
710 4073 737 4122 ln
749 4073 799 4122 lio-
836 4069 1015 4133 denicalibus,
1034 4073 1061 4122 in
1072 4073 1208 4122 Lemuriis.
1227 4073 1254 4120 ln
1265 4067 1301 4117 uis
1311 4063 1341 4112 tt'r

272 4144 365 4208 ripidis
387 4145 497 4195 Bacchis
520 4159 546 4193 v.
563 4145 620 4195 584.
639 4146 738 4197 chorus
755 4143 797 4197 dei
835 4159 896 4210 gras
918 4145 992 4196 tabas
1015 4159 1062 4196 ore
1079 4147 1238 4211 accipientes
1253 4137 1341 4192 noemi-

273 4219 437 4279 praesentla,
465 4217 632 4285 ἐπιφανείᾳ,
658 4219 797 4283 perculsus
835 4219 1267 4283 queiccientesnovtesdicebant:
1283 4214 1340 4262 ilaec
