2925 4892
511 376 569 431 tia.
588 379 619 431 ll.
655 380 722 433 SAT.
741 380 795 433 vii.
1136 380 1198 445 333

153 534 245 601 Tollis
267 534 310 601 ad
333 544 417 601 astra
439 532 529 603 levis.
580 536 613 601 Si
636 556 797 625 nusquam
818 557 856 605 es
877 536 957 605 lorte
979 549 1113 605 vocatos

151 654 198 720 ld
219 675 369 731 coenam,
394 655 508 723 laudas
529 676 682 724 securum
704 656 777 723 olus
799 678 853 735 ao,
877 657 966 725 velut
986 679 1125 745 usquam
1154 660 1196 725 30

151 775 279 842 l'inctus
301 796 373 853 eas,
399 778 442 843 ita
464 787 494 843 te
516 776 641 844 felicem
663 776 746 844 diois
768 799 937 866 amesque,

149 896 243 975 Quod
267 918 427 985 nusquam
450 897 505 964 tibi
529 898 570 965 sit
591 897 778 986 potandum.
822 901 956 967 lusserit
979 899 1021 967 ad
1042 922 1079 967 se

148 1018 319 1085 Maecenas
341 1038 452 1085 serum
474 1017 535 1085 sub
558 1018 678 1085 lumina
700 1022 805 1107 prima
826 1023 939 1089 venire

149 1138 340 1205 Convivam:
364 1140 486 1205 Nemon
509 1138 617 1207 oleam
640 1140 700 1207 lert
720 1142 837 1208 ocius?
859 1144 979 1231 Ecquis

145 1258 264 1325 Audit?
287 1280 361 1326 cnm
383 1280 500 1347 magno
521 1259 662 1328 blateras
684 1260 826 1329 clamore
849 1260 1011 1353 iugisque?
1152 1270 1195 1334 35

145 1378 283 1447 llulvius
305 1391 338 1446 et
359 1400 493 1449 scurrae
516 1381 571 1449 tibi
594 1403 659 1448 non
680 1383 851 1451 reserenda
872 1387 993 1473 precati

166 1627 209 1677 344.
228 1638 307 1688 astque
318 1628 417 1677 Veneta
429 1626 501 1677 4844,
517 1654 544 1663 -
558 1628 598 1677 34.
612 1628 719 1679 40000404
729 1656 744 1667 -
755 1656 770 1666 ·
782 1632 937 1681 emicas?
956 1645 1025 1683 unos
1038 1634 1114 1682 Feae.
1131 1661 1156 1669 -

134 1701 175 1752 34.
188 1702 252 1763 seret
263 1700 386 1759 bricti
402 1703 440 1764 (ot
451 1715 509 1761 nos,
522 1704 567 1765 Sp,
580 1717 624 1768 yv,
638 1701 695 1753 «alii
707 1706 856 1767 quattuor»,
869 1704 1012 1766 Bentleius‚
1026 1706 1078 1756 itt.
1092 1734 1120 1741 -
1129 1719 1159 1755 en

133 1777 232 1837 quise.
254 1802 281 1813 -
300 1775 340 1826 35.
359 1776 473 1840 40040000
488 1776 581 1837 bSth,
600 1775 742 1837 Bentleius,
761 1779 793 1827 F:
811 1778 962 1842 4004400νο,
978 1778 1091 1841 samque
1103 1780 1157 1829 cti.

135 1878 163 1886 -
177 1850 219 1899 36.
234 1850 335 1901 liliosas
345 1852 435 1915 p,LCt.
455 1851 574 1914 (Mulvius
585 1850 647 1911 bSo,
660 1866 706 1911 κσ,
721 1850 864 1912 Bentleius,
878 1852 955 1914 riti.)

104 2071 256 2137 dispellnt.»
283 2098 311 2109 -
338 2074 383 2124 rac
408 2075 506 2124 luminu
527 2074 628 2140 004040]
666 2076 726 2137 quid
744 2076 873 2125 cinarus?
893 2079 953 2139 qaid
968 2076 1057 2127 ratis?
1076 2080 1137 2139 qaid
1154 2080 1193 2129 vir

105 2147 221 2197 llacrob.
237 2149 342 2197 Seium.
359 2150 387 2209 4,
405 2148 433 2199 3:
457 2150 489 2199 04
505 2152 550 2199 lior
567 2156 628 2200 tan·
666 2150 729 2199 tibi?
751 2149 841 2200 Talem
858 2154 949 2201 autem
961 2152 1130 2203 dominorum
1142 2154 1192 2203 lm-

100 2236 163 2283 pore
182 2222 204 2285 [a
223 2224 346 2286 vespera)
367 2224 472 2285 prima
492 2226 549 2287 sar:
566 2226 629 2274 dici-
666 2224 814 2287 potentium
833 2224 995 2275 iracundiam
1015 2228 1192 2277 vehemenler

103 2303 152 2346 tur.
188 2300 299 2347 Graeci:
329 2301 393 2368 περὶ
409 2296 521 2357 λύχνων
538 2293 626 2362 ἁφάς.
666 2298 855 2361 improbabant
872 2300 959 2348 Stoici.
989 2301 1091 2350 Arrian.
1105 2302 1189 2364 Epict.

104 2372 166 2421 «Est
183 2372 258 2435 quod
275 2372 438 2423 Censorinus
455 2388 478 2424 c.
495 2374 536 2425 44.
551 2377 630 2423 vocat
666 2372 690 2431 4,
704 2372 745 2431 48,
760 2372 804 2421 te:
817 2372 869 2437 μή,
882 2368 920 2421 ἄν
931 2372 1059 2442 βραδέως
1071 2368 1122 2423 τόν
1134 2372 1192 2425 ἐπί-

100 2446 186 2507 primo
201 2446 272 2509 face,
291 2446 361 2510 qnod
380 2450 517 2511 antiquam
532 2462 628 2498 vocem
665 2442 774 2510 δεσμον
799 2441 817 2495 ὁ
843 2452 910 2509 παῖς
935 2450 1024 2517 φέρῃ,
1050 2445 1191 2519 κραὺγαζε

13 2520 14 2523 ’
102 2519 192 2584 populi
215 2522 297 2571 luisse
320 2521 354 2571 ad
377 2522 521 2585 primordia
543 2524 628 2573 noctis
665 2522 715 2568 καὶ
732 2518 797 2568 aad
809 2524 859 2569 καὶ
875 2519 953 2586 λέγε,
972 2519 1083 2584 Πάντες
1098 2538 1136 2586 με
1146 2538 1191 2587 μι-

13 2632 14 2643 r
102 2595 279 2659 designanda,
299 2610 360 2645 cum
378 2596 441 2647 olim
458 2597 560 2647 lacibus
573 2600 629 2647 ute·
665 2591 762 2643 σοῦσι.
783 2620 810 2629 -
834 2593 956 2657 [wicque]
982 2599 1074 2657 «quasi
1098 2596 1190 2647 hostes

13 2712 15 2727 ‚
103 2674 207 2731 rentur,
235 2674 265 2720 ut
289 2671 428 2721 Homerica
449 2674 523 2721 aetas
539 2670 628 2739 δᾷδας
665 2670 691 2718 40
704 2670 921 2729 insequerentur,
940 2666 1080 2718 celerrime
1092 2671 1118 2718 te
1131 2682 1192 2733 pro-

102 2744 229 2794 habebal.
266 2747 361 2794 Postea
379 2745 479 2796 dictum
496 2746 629 2796 luminibus
664 2742 740 2805 ripis.
768 2740 905 2790 lucernam
930 2754 983 2790 non
1006 2744 1189 2804 exspectans·

102 2820 223 2878 0000404ος
238 2819 323 2869 serior
335 2818 449 2882 denique
462 2820 559 2870 locutio
572 2823 629 2870 erat
665 2814 749 2865 Plaut.
763 2817 842 2865 Poen.
855 2815 878 2875 4,
892 2816 917 2875 3,
932 2815 973 2863 ti:
992 2828 1104 2876 propera
1116 2820 1191 2876 atque

103 2892 237 2943 400ον440440
260 2894 324 2941 liora
349 2896 436 2942 notata
458 2906 473 2943 a
496 2894 627 2944 Lobeolrio
664 2887 714 2938 ati.
734 2891 786 2938 Aa.
799 2890 887 2952 444040.
907 2890 994 2951 Longe
1007 2888 1126 2939 festivius
1138 2890 1190 2940 hoc

103 2966 135 3016 ad
153 2968 234 3031 soph.
257 2968 329 3017 Alae.
353 2968 427 3017 285.»
456 2969 556 3018 Dissen.
586 2969 625 3019 Ci.
664 2975 747 3025 quam
771 2962 883 3013 aliorum
907 2963 1034 3027 furisque,
1065 2964 1137 3027 quod
1163 2968 1190 3014 et

104 3040 167 3104 Epp.
180 3042 209 3101 2,
229 3042 261 3099 Ξ,
279 3040 320 3091 98.
342 3064 369 3076 -
382 3042 477 3091 Neriton
489 3036 628 3098 cicumsert
664 3035 854 3103 ravrotoytav
871 3039 939 3102 sapit
955 3042 982 3088 et
999 3051 1014 3087 a
1032 3038 1116 3090 Codd.
1138 3040 1190 3089 mi-

13 3098 14 3121 ³
104 3113 177 3177 ocius]
205 3112 311 3163 «oleum
338 3114 475 3177 lucernae,
508 3128 561 3179 qua
589 3117 627 3165 uti
665 3126 758 3162 norem
775 3111 857 3163 hahet
873 3114 1066 3164 auctoritatem.
1102 3116 1189 3165 liece-

104 3186 154 3237 rclt
171 3190 302 3237 noctumo
319 3191 441 3253 tempore
460 3188 494 3239 ad
511 3190 627 3239 amioum
664 3187 703 3250 pit
723 3187 855 3250 Cruquins
875 3200 907 3236 ex
928 3187 1019 3237 Bland.
1038 3190 1187 3251 antiquiss..

104 3274 282 3326 properamus
302 3276 369 3313 non:
401 3276 470 3326 «qno
488 3266 583 3314 unctus
602 3265 628 3313 et
665 3259 714 3311 sed
731 3274 747 3310 c
767 3262 882 3311 Pottierii
904 3264 992 3323 viginti
1014 3262 1098 3311 Codd.
1119 3276 1189 3311 unus

105 3335 169 3386 lotus
197 3336 279 3387 abeat
308 3340 482 3387 coenatum.»
528 3339 626 3398 (Coun.
666 3335 804 3386 dumtaxat
833 3336 884 3385 hoc
913 3336 1034 3394 exhihet;
1067 3348 1189 3386 meorum

106 3410 191 3471 Caua.)
218 3411 262 3459 Sic
285 3410 409 3461 dominus
432 3409 561 3461 abalneo
584 3424 629 3461 re·
666 3408 761 3459 nullus.
797 3410 877 3459 Recte
905 3412 1007 3458 Acron:
1040 3410 1190 3472 «Expressit

105 3482 177 3534 diens
195 3484 330 3534 clamitat:
354 3478 454 3546 Οὐδεὶς
471 3486 551 3555 φέρει
569 3501 629 3547 φα·
665 3485 832 3535 velocitatem
850 3483 965 3533 hominis
986 3483 1133 3533 festinantis
1154 3483 1189 3531 ad

104 3562 176 3621 γεῖν,·
202 3559 272 3622 apud
298 3559 400 3609 Arriae.
422 3560 504 3621 Epict.
524 3560 555 3619 3,
579 3561 627 3621 46,
666 3571 804 3609 coenam.»
828 3557 918 3617 Adde,
938 3556 1010 3620 qood
1029 3556 1107 3606 lectio
1122 3557 1190 3621 40040

105 3633 153 3690 44.;
184 3634 229 3695 004
259 3631 334 3682 locus
358 3635 489 3683 monstrat
513 3636 629 3685 Graecos
666 3645 763 3683 novam
779 3631 862 3681 verbo
879 3631 1019 3680 blateroadi
1035 3631 1124 3681 adiicit
1140 3644 1190 3682 no-

105 3719 209 3769 000000
231 3707 256 3755 40
280 3706 378 3757 talibus
395 3708 529 3771 praesenti
546 3709 625 3758 inter·
665 3708 780 3766 tionem,
799 3705 881 3755 altera
899 3720 951 3755 non
970 3706 1042 3755 item.

104 3780 165 3830 dum
184 3794 247 3831 usos
265 3793 339 3839 esse,
368 3794 420 3830 non
443 3782 530 3831 tuturo
548 3781 629 3831 dum·
697 3781 786 3830 36-39.
812 3781 923 3829 Halotus
944 3780 1010 3844 eet]
1035 3781 1107 3830 «lam
1128 3779 1189 3844 iuga

105 3857 181 3903 40004,
211 3856 317 3903 Terent.
337 3855 443 3905 Phorm.
464 3856 491 3915 4,
509 3856 539 3914 4,
564 3856 626 3905 tos:
664 3857 723 3916 tua,
737 3854 829 3915 idest,
842 3866 972 3917 praeceps
984 3856 1045 3904 tuus
1056 3853 1144 3920 abitus
1156 3867 1188 3903 ex

104 3929 164 3977 44ον
185 3928 261 3976 leus!
290 3929 386 3978 Nemori
408 3930 455 3977 400
473 3928 579 3989 prodit?
597 3956 624 3964 -
664 3930 760 3991 domo,
779 3929 806 3977 in
824 3932 970 3988 causaest,
988 3930 1018 3977 ut
1034 3928 1145 3979 Mulvius
1162 3931 1189 3978 at

105 4000 218 4063 44040400]
229 4014 308 4051 rcum
317 4001 491 4065 trepidatione
500 4004 527 4051 et
538 4002 626 4052 lurore
664 4002 706 4053 alii
718 4015 841 4062 scurrae,
855 4003 899 4065 qui
911 4005 1040 4051 venerant
1051 4014 1099 4065 spe
1110 4000 1189 4052 illecti

105 4075 184 4125 verba
202 4076 317 4126 allatis.»
347 4077 451 4126 Festos:
473 4076 628 4126 Blaterare
664 4076 733 4135 lore,
753 4080 783 4126 04
797 4076 832 4125 ad
848 4088 960 4124 coenam
973 4088 1019 4125 eos
1034 4075 1187 4135 adhiberes,

105 4154 137 4197 est
157 4150 272 4199 44044004
292 4142 544 4212 praecautumque?
564 4152 628 4199 Var-
664 4164 748 4200 coena
774 4151 891 4200 frustrati
919 4150 990 4199 diras
1018 4148 1065 4199 tibi
1092 4151 1189 4212 impre-

106 4236 133 4271 ro
154 4224 225 4287 apud
246 4226 312 4274 Non.
336 4226 363 4285 4,
391 4225 452 4276 ⁴86:
484 4225 549 4287 Quid
574 4224 626 4275 est?
664 4226 766 4284 centur,
780 4236 847 4286 quas
859 4236 907 4274 nos
919 4222 1017 4275 servuli
1029 4222 1075 4273 tihi
1087 4222 1187 4274 reierre
