<?xml version="1.0" encoding="UTF-8"?>
<!DOCTYPE html PUBLIC "-//W3C//DTD XHTML 1.0 Transitional//EN"
    "http://www.w3.org/TR/xhtml1/DTD/xhtml1-transitional.dtd">
<html xmlns="http://www.w3.org/1999/xhtml" xml:lang="en" lang="en">
 <head>
  <title>
</title>
<meta http-equiv="Content-Type" content="text/html;charset=utf-8" />
  <meta name='ocr-system' content='tesseract 3.04.00' />
  <meta name='ocr-capabilities' content='ocr_page ocr_carea ocr_par ocr_line ocrx_word'/>
</head>
<body>
  <div class='ocr_page' id='page_1' title='image "./qhoratiusflaccu03baitgoog/qhoratiusflaccu03baitgoog_0320.png"; bbox 0 0 2925 4892; ppageno 0'>
   <div class='ocr_carea' id='block_1_1' title="bbox 286 364 993 431">
    <p class='ocr_par' dir='ltr' id='par_1_1' title="bbox 286 364 993 431">
     <span class='ocr_line' id='line_1_1' title="bbox 286 364 993 431; baseline -0.024 1"><span class='ocrx_word' id='word_1_1' title='bbox 286 364 350 431; x_wconf 85' lang='grc'><strong>348</strong></span> <span class='ocrx_word' id='word_1_2' title='bbox 666 366 795 415; x_wconf 86' lang='lat' dir='ltr'><strong>uomru</strong></span> <span class='ocrx_word' id='word_1_3' title='bbox 812 365 993 418; x_wconf 76' lang='lat' dir='ltr'><strong>sirmlauu</strong></span> 
     </span>
    </p>
   </div>
   <div class='ocr_carea' id='block_1_2' title="bbox 330 520 1378 1219">
    <p class='ocr_par' dir='ltr' id='par_1_2' title="bbox 330 520 1373 733">
     <span class='ocr_line' id='line_1_2' title="bbox 330 520 1373 609; baseline -0.004 -20"><span class='ocrx_word' id='word_1_4' title='bbox 330 522 481 589; x_wconf 81' lang='lat' dir='ltr'><strong>Matutino</strong></span> <span class='ocrx_word' id='word_1_5' title='bbox 502 541 617 609; x_wconf 88' lang='lat' dir='ltr'><strong>parum</strong></span> <span class='ocrx_word' id='word_1_6' title='bbox 638 530 751 587; x_wconf 85' lang='lat' dir='ltr'><strong>cautos</strong></span> <span class='ocrx_word' id='word_1_7' title='bbox 772 522 836 588; x_wconf 87' lang='lat' dir='ltr'><strong>iam</strong></span> <span class='ocrx_word' id='word_1_8' title='bbox 857 520 976 609; x_wconf 80' lang='lat' dir='ltr'>frigora</span> <span class='ocrx_word' id='word_1_9' title='bbox 998 520 1162 599; x_wconf 83' lang='lat' dir='ltr'><strong>mordent3</strong></span> <span class='ocrx_word' id='word_1_10' title='bbox 1333 521 1373 586; x_wconf 81' lang='grc'><strong>45</strong></span> 
     </span>
     <span class='ocr_line' id='line_1_3' title="bbox 330 640 1118 733; baseline -0.005 -22"><span class='ocrx_word' id='word_1_11' title='bbox 330 646 368 711; x_wconf 83' lang='lat' dir='ltr'><strong>lit</strong></span> <span class='ocrx_word' id='word_1_12' title='bbox 388 664 474 733; x_wconf 90' lang='lat' dir='ltr'><strong>quae</strong></span> <span class='ocrx_word' id='word_1_13' title='bbox 495 644 616 709; x_wconf 90' lang='lat' dir='ltr'><strong>rimosa</strong></span> <span class='ocrx_word' id='word_1_14' title='bbox 636 640 722 709; x_wconf 86' lang='lat' dir='ltr'><strong>bene</strong></span> <span class='ocrx_word' id='word_1_15' title='bbox 745 641 951 729; x_wconf 88' lang='lat' dir='ltr'><strong>deponuntur</strong></span> <span class='ocrx_word' id='word_1_16' title='bbox 973 642 1006 708; x_wconf 90' lang='lat' dir='ltr'><strong>in</strong></span> <span class='ocrx_word' id='word_1_17' title='bbox 1029 662 1118 709; x_wconf 89' lang='lat' dir='ltr'><strong>aure.</strong></span> 
     </span>
    </p>

    <p class='ocr_par' dir='ltr' id='par_1_3' title="bbox 330 762 1301 973">
     <span class='ocr_line' id='line_1_4' title="bbox 330 762 1301 851; baseline -0.002 -18"><span class='ocrx_word' id='word_1_18' title='bbox 330 768 392 833; x_wconf 87' lang='lat' dir='ltr'><strong>Per</strong></span> <span class='ocrx_word' id='word_1_19' title='bbox 412 775 513 831; x_wconf 92' lang='lat' dir='ltr'><strong>totum</strong></span> <span class='ocrx_word' id='word_1_20' title='bbox 535 764 597 831; x_wconf 86' lang='lat' dir='ltr'><strong>hoo</strong></span> <span class='ocrx_word' id='word_1_21' title='bbox 618 772 747 851; x_wconf 87' lang='lat' dir='ltr'><strong>tempus</strong></span> <span class='ocrx_word' id='word_1_22' title='bbox 770 762 948 830; x_wconf 76' lang='lat' dir='ltr'><strong>subiectior</strong></span> <span class='ocrx_word' id='word_1_23' title='bbox 969 764 1002 829; x_wconf 87' lang='lat' dir='ltr'><strong>in</strong></span> <span class='ocrx_word' id='word_1_24' title='bbox 1023 762 1112 830; x_wconf 91' lang='lat' dir='ltr'><strong>diem</strong></span> <span class='ocrx_word' id='word_1_25' title='bbox 1133 762 1301 831; x_wconf 89' lang='lat' dir='ltr'><strong>ethoram</strong></span> 
     </span>
     <span class='ocr_line' id='line_1_5' title="bbox 331 884 1093 973; baseline -0.003 -20"><span class='ocrx_word' id='word_1_26' title='bbox 331 887 473 954; x_wconf 86' lang='lat' dir='ltr'><strong>Invidiae</strong></span> <span class='ocrx_word' id='word_1_27' title='bbox 496 896 614 952; x_wconf 91' lang='lat' dir='ltr'><strong>noster.</strong></span> <span class='ocrx_word' id='word_1_28' title='bbox 659 884 768 952; x_wconf 91' lang='lat' dir='ltr'><strong>Ludos</strong></span> <span class='ocrx_word' id='word_1_29' title='bbox 789 894 991 973; x_wconf 85' lang='lat' dir='ltr'><strong>spectaverat</strong></span> <span class='ocrx_word' id='word_1_30' title='bbox 1010 906 1093 960; x_wconf 90' lang='lat' dir='ltr'><strong>una,</strong></span> 
     </span>
    </p>

    <p class='ocr_par' dir='ltr' id='par_1_4' title="bbox 330 1004 1132 1095">
     <span class='ocr_line' id='line_1_6' title="bbox 330 1004 1132 1095; baseline -0.002 -20"><span class='ocrx_word' id='word_1_31' title='bbox 330 1010 465 1075; x_wconf 82' lang='lat' dir='ltr'><strong>Luserat</strong></span> <span class='ocrx_word' id='word_1_32' title='bbox 486 1008 518 1072; x_wconf 92' lang='lat' dir='ltr'><strong>in</strong></span> <span class='ocrx_word' id='word_1_33' title='bbox 541 1008 678 1095; x_wconf 87' lang='lat' dir='ltr'><strong>Campo:</strong></span> <span class='ocrx_word' id='word_1_34' title='bbox 702 1008 862 1073; x_wconf 82' lang='lat' dir='ltr'>Fortunae</span> <span class='ocrx_word' id='word_1_35' title='bbox 884 1004 985 1081; x_wconf 86' lang='lat' dir='ltr'><strong>filius,</strong></span> <span class='ocrx_word' id='word_1_36' title='bbox 1009 1027 1132 1075; x_wconf 86' lang='lat' dir='ltr'><strong>omnes.</strong></span> 
     </span>
    </p>

    <p class='ocr_par' dir='ltr' id='par_1_5' title="bbox 330 1128 1378 1219">
     <span class='ocr_line' id='line_1_7' title="bbox 330 1128 1378 1219; baseline 0 -22"><span class='ocrx_word' id='word_1_37' title='bbox 330 1130 478 1219; x_wconf 81' lang='lat' dir='ltr'>Frigidus</span> <span class='ocrx_word' id='word_1_38' title='bbox 501 1149 520 1195; x_wconf 89' lang='lat' dir='ltr'><strong>a</strong></span> <span class='ocrx_word' id='word_1_39' title='bbox 542 1128 664 1195; x_wconf 80' lang='lat' dir='ltr'><strong>Rostris</strong></span> <span class='ocrx_word' id='word_1_40' title='bbox 686 1137 795 1194; x_wconf 86' lang='lat' dir='ltr'><strong>manat</strong></span> <span class='ocrx_word' id='word_1_41' title='bbox 814 1148 875 1215; x_wconf 88' lang='lat' dir='ltr'><strong>per</strong></span> <span class='ocrx_word' id='word_1_42' title='bbox 896 1128 1036 1215; x_wconf 86' lang='lat' dir='ltr'><strong>compita</strong></span> <span class='ocrx_word' id='word_1_43' title='bbox 1058 1148 1184 1195; x_wconf 89' lang='lat' dir='ltr'><strong>rumor:</strong></span> <span class='ocrx_word' id='word_1_44' title='bbox 1335 1134 1378 1197; x_wconf 80' lang='lat'><strong>50</strong></span> 
     </span>
    </p>
   </div>
   <div class='ocr_carea' id='block_1_3' title="bbox 322 1306 1348 1447">
    <p class='ocr_par' dir='ltr' id='par_1_6' title="bbox 322 1306 1348 1447">
     <span class='ocr_line' id='line_1_8' title="bbox 353 1306 1345 1371; baseline 0 -10"><span class='ocrx_word' id='word_1_45' title='bbox 353 1308 395 1361; x_wconf 85' lang='grc'><strong>48.</strong></span> <span class='ocrx_word' id='word_1_46' title='bbox 412 1308 538 1359; x_wconf 83' lang='lat' dir='ltr'><strong>Inuidiae:</strong></span> <span class='ocrx_word' id='word_1_47' title='bbox 556 1312 640 1357; x_wconf 77' lang='lat' dir='ltr'><strong>noster</strong></span> <span class='ocrx_word' id='word_1_48' title='bbox 655 1307 726 1357; x_wconf 75' lang='lat' dir='ltr'><strong>rudos</strong></span> <span class='ocrx_word' id='word_1_49' title='bbox 743 1306 907 1369; x_wconf 87' lang='lat' dir='ltr'><strong>distinguunt</strong></span> <span class='ocrx_word' id='word_1_50' title='bbox 923 1307 1068 1366; x_wconf 58' lang='lat' dir='ltr'><strong>soracti.</strong></span> <span class='ocrx_word' id='word_1_51' title='bbox 1083 1332 1112 1345; x_wconf 94' lang='lat'><em>-</em></span> <span class='ocrx_word' id='word_1_52' title='bbox 1125 1312 1273 1371; x_wconf 70' lang='lat' dir='ltr'><strong>meetwoit</strong></span> <span class='ocrx_word' id='word_1_53' title='bbox 1289 1310 1345 1362; x_wconf 91' lang='lat' dir='ltr'><strong>duo</strong></span> 
     </span>
     <span class='ocr_line' id='line_1_9' title="bbox 322 1378 1348 1447; baseline 0 -11"><span class='ocrx_word' id='word_1_54' title='bbox 322 1384 452 1445; x_wconf 75' lang='lat' dir='ltr'><strong>initiari,</strong></span> <span class='ocrx_word' id='word_1_55' title='bbox 472 1396 505 1433; x_wconf 81' lang='lat' dir='ltr'><strong>ex</strong></span> <span class='ocrx_word' id='word_1_56' title='bbox 521 1381 578 1435; x_wconf 89' lang='lat' dir='ltr'><strong>aliis</strong></span> <span class='ocrx_word' id='word_1_57' title='bbox 597 1378 645 1447; x_wconf 78' lang='grc' dir='ltr'><strong>(ξφ</strong></span> <span class='ocrx_word' id='word_1_58' title='bbox 663 1384 690 1431; x_wconf 89' lang='lat' dir='ltr'><strong>et</strong></span> <span class='ocrx_word' id='word_1_59' title='bbox 706 1381 897 1444; x_wconf 77' lang='lat' dir='ltr'><strong>Lambetlrano)</strong></span> <span class='ocrx_word' id='word_1_60' title='bbox 915 1380 1049 1432; x_wconf 83' lang='lat' dir='ltr'><strong>Bentleius</strong></span> <span class='ocrx_word' id='word_1_61' title='bbox 1066 1384 1094 1433; x_wconf 89' lang='lat' dir='ltr'><strong>et</strong></span> <span class='ocrx_word' id='word_1_62' title='bbox 1110 1385 1143 1435; x_wconf 87' lang='grc'><strong>44.</strong></span> <span class='ocrx_word' id='word_1_63' title='bbox 1164 1410 1193 1421; x_wconf 89' lang='grc'><strong>-</strong></span> <span class='ocrx_word' id='word_1_64' title='bbox 1212 1384 1253 1435; x_wconf 85' lang='grc'><strong>49.</strong></span> <span class='ocrx_word' id='word_1_65' title='bbox 1270 1386 1348 1437; x_wconf 76' lang='lat' dir='ltr'><strong>iore-</strong></span> 
     </span>
    </p>
   </div>
   <div class='ocr_carea' id='block_1_4' title="bbox 286 1537 1384 4293">
    <p class='ocr_par' dir='ltr' id='par_1_7' title="bbox 287 1537 1384 2957">
     <span class='ocr_line' id='line_1_10' title="bbox 290 1537 1380 1609; baseline 0 -14"><span class='ocrx_word' id='word_1_66' title='bbox 290 1547 336 1609; x_wconf 80' lang='lat' dir='ltr'><strong>lDe</strong></span> <span class='ocrx_word' id='word_1_67' title='bbox 357 1542 531 1607; x_wconf 76' lang='lat' dir='ltr'><strong>gladiatorum</strong></span> <span class='ocrx_word' id='word_1_68' title='bbox 556 1538 714 1604; x_wconf 84' lang='lat' dir='ltr'><strong>generibus,</strong></span> <span class='ocrx_word' id='word_1_69' title='bbox 742 1552 811 1603; x_wconf 87' lang='lat' dir='ltr'><strong>quae</strong></span> <span class='ocrx_word' id='word_1_70' title='bbox 849 1537 965 1601; x_wconf 85' lang='lat' dir='ltr'><strong>singulas</strong></span> <span class='ocrx_word' id='word_1_71' title='bbox 979 1539 1059 1590; x_wconf 86' lang='lat' dir='ltr'><strong>horas</strong></span> <span class='ocrx_word' id='word_1_72' title='bbox 1070 1541 1156 1603; x_wconf 85' lang='lat' dir='ltr'><strong>magis</strong></span> <span class='ocrx_word' id='word_1_73' title='bbox 1167 1542 1303 1605; x_wconf 83' lang='lat' dir='ltr'><strong>expositus</strong></span> <span class='ocrx_word' id='word_1_74' title='bbox 1314 1556 1380 1595; x_wconf 86' lang='lat' dir='ltr'><strong>sum</strong></span> 
     </span>
     <span class='ocr_line' id='line_1_11' title="bbox 287 1612 1382 1682; baseline -0.002 -12"><span class='ocrx_word' id='word_1_75' title='bbox 287 1620 421 1670; x_wconf 83' lang='lat' dir='ltr'><strong>varietatis</strong></span> <span class='ocrx_word' id='word_1_76' title='bbox 433 1631 514 1668; x_wconf 84' lang='lat' dir='ltr'><strong>causa</strong></span> <span class='ocrx_word' id='word_1_77' title='bbox 527 1614 764 1667; x_wconf 68' lang='lat' dir='ltr'><strong>committebantur</strong></span> <span class='ocrx_word' id='word_1_78' title='bbox 775 1616 814 1665; x_wconf 75' lang='lat' dir='ltr'><strong>at</strong></span> <span class='ocrx_word' id='word_1_79' title='bbox 848 1612 963 1664; x_wconf 78' lang='lat' dir='ltr'><strong>invidiae</strong></span> <span class='ocrx_word' id='word_1_80' title='bbox 981 1614 1119 1665; x_wconf 87' lang='lat' dir='ltr'><strong>hominum</strong></span> <span class='ocrx_word' id='word_1_81' title='bbox 1136 1620 1265 1667; x_wconf 87' lang='lat' dir='ltr'><strong>oontraoti</strong></span> <span class='ocrx_word' id='word_1_82' title='bbox 1282 1630 1314 1667; x_wconf 88' lang='lat' dir='ltr'><strong>so</strong></span> <span class='ocrx_word' id='word_1_83' title='bbox 1324 1632 1382 1682; x_wconf 84' lang='lat' dir='ltr'><strong>pu-</strong></span> 
     </span>
     <span class='ocr_line' id='line_1_12' title="bbox 288 1686 1379 1761; baseline -0.005 -16"><span class='ocrx_word' id='word_1_84' title='bbox 288 1708 341 1761; x_wconf 88' lang='lat' dir='ltr'><strong>que</strong></span> <span class='ocrx_word' id='word_1_85' title='bbox 369 1694 419 1747; x_wconf 83' lang='lat' dir='ltr'><strong>sibi</strong></span> <span class='ocrx_word' id='word_1_86' title='bbox 448 1694 562 1743; x_wconf 85' lang='lat' dir='ltr'><strong>invicem</strong></span> <span class='ocrx_word' id='word_1_87' title='bbox 592 1691 810 1757; x_wconf 86' lang='lat' dir='ltr'><strong>opponebantur,</strong></span> <span class='ocrx_word' id='word_1_88' title='bbox 849 1686 899 1739; x_wconf 87' lang='lat' dir='ltr'><strong>silli</strong></span> <span class='ocrx_word' id='word_1_89' title='bbox 916 1689 1023 1738; x_wconf 82' lang='lat' dir='ltr'><strong>animi.»</strong></span> <span class='ocrx_word' id='word_1_90' title='bbox 1044 1716 1071 1725; x_wconf 94' lang='lat'>-</span> <span class='ocrx_word' id='word_1_91' title='bbox 1089 1690 1117 1738; x_wconf 81' lang='lat' dir='ltr'><strong>in</strong></span> <span class='ocrx_word' id='word_1_92' title='bbox 1141 1692 1207 1741; x_wconf 83' lang='lat' dir='ltr'><strong>diem</strong></span> <span class='ocrx_word' id='word_1_93' title='bbox 1228 1697 1253 1743; x_wconf 83' lang='lat' dir='ltr'><strong>et</strong></span> <span class='ocrx_word' id='word_1_94' title='bbox 1275 1693 1379 1756; x_wconf 64' lang='grc'><strong>444444]</strong></span> 
     </span>
     <span class='ocr_line' id='line_1_13' title="bbox 287 1764 1381 1835; baseline -0.001 -16"><span class='ocrx_word' id='word_1_95' title='bbox 287 1769 407 1835; x_wconf 80' lang='lat' dir='ltr'><strong>perbene</strong></span> <span class='ocrx_word' id='word_1_96' title='bbox 426 1769 547 1831; x_wconf 83' lang='lat' dir='ltr'><strong>exposuit</strong></span> <span class='ocrx_word' id='word_1_97' title='bbox 568 1767 694 1817; x_wconf 84' lang='lat' dir='ltr'><strong>lleimioh</strong></span> <span class='ocrx_word' id='word_1_98' title='bbox 714 1765 749 1815; x_wconf 88' lang='lat' dir='ltr'><strong>ed</strong></span> <span class='ocrx_word' id='word_1_99' title='bbox 768 1767 813 1816; x_wconf 92' lang='lat' dir='ltr'><strong>lu·</strong></span> <span class='ocrx_word' id='word_1_100' title='bbox 851 1775 919 1813; x_wconf 79' lang='lat' dir='ltr'><strong>«von</strong></span> <span class='ocrx_word' id='word_1_101' title='bbox 936 1764 1005 1825; x_wconf 86' lang='lat' dir='ltr'><strong>Tage</strong></span> <span class='ocrx_word' id='word_1_102' title='bbox 1029 1776 1062 1814; x_wconf 88' lang='lat' dir='ltr'><strong>zu</strong></span> <span class='ocrx_word' id='word_1_103' title='bbox 1087 1765 1169 1827; x_wconf 83' lang='lat' dir='ltr'><strong>Tage,</strong></span> <span class='ocrx_word' id='word_1_104' title='bbox 1196 1780 1248 1818; x_wconf 87' lang='lat' dir='ltr'><strong>von</strong></span> <span class='ocrx_word' id='word_1_105' title='bbox 1273 1768 1381 1819; x_wconf 86' lang='lat' dir='ltr'><strong>Stunde</strong></span> 
     </span>
     <span class='ocr_line' id='line_1_14' title="bbox 287 1837 1381 1907; baseline 0 -14"><span class='ocrx_word' id='word_1_106' title='bbox 287 1859 349 1896; x_wconf 87' lang='lat' dir='ltr'><strong>ven.</strong></span> <span class='ocrx_word' id='word_1_107' title='bbox 362 1846 390 1894; x_wconf 86' lang='lat' dir='ltr'><strong>T.</strong></span> <span class='ocrx_word' id='word_1_108' title='bbox 405 1844 435 1892; x_wconf 94' lang='lat' dir='ltr'><strong>li.</strong></span> <span class='ocrx_word' id='word_1_109' title='bbox 450 1856 476 1907; x_wconf 87' lang='lat' dir='ltr'><strong>p.</strong></span> <span class='ocrx_word' id='word_1_110' title='bbox 490 1842 639 1903; x_wconf 83' lang='grc'><strong>339-344.)</strong></span> <span class='ocrx_word' id='word_1_111' title='bbox 675 1842 810 1901; x_wconf 85' lang='lat' dir='ltr'><strong>Ceterum,</strong></span> <span class='ocrx_word' id='word_1_112' title='bbox 850 1837 1026 1889; x_wconf 80' lang='lat' dir='ltr'><strong>zustunde.·</strong></span> <span class='ocrx_word' id='word_1_113' title='bbox 1046 1864 1074 1875; x_wconf 96' lang='lat'>-</span> <span class='ocrx_word' id='word_1_114' title='bbox 1093 1840 1185 1904; x_wconf 67' lang='lat' dir='ltr'><strong>norm]</strong></span> <span class='ocrx_word' id='word_1_115' title='bbox 1203 1844 1307 1893; x_wconf 88' lang='lat' dir='ltr'><strong>oomice</strong></span> <span class='ocrx_word' id='word_1_116' title='bbox 1327 1857 1381 1907; x_wconf 84' lang='lat' dir='ltr'><strong>pro</strong></span> 
     </span>
     <span class='ocr_line' id='line_1_15' title="bbox 288 1915 1381 1983; baseline 0.001 -14"><span class='ocrx_word' id='word_1_117' title='bbox 288 1920 310 1969; x_wconf 92' lang='lat' dir='ltr'><strong>si</strong></span> <span class='ocrx_word' id='word_1_118' title='bbox 323 1919 415 1977; x_wconf 84' lang='lat' dir='ltr'><strong>mavis,</strong></span> <span class='ocrx_word' id='word_1_119' title='bbox 430 1930 490 1966; x_wconf 88' lang='lat' dir='ltr'><strong>cum</strong></span> <span class='ocrx_word' id='word_1_120' title='bbox 501 1918 633 1966; x_wconf 86' lang='lat' dir='ltr'><strong>Diintzero</strong></span> <span class='ocrx_word' id='word_1_121' title='bbox 644 1915 814 1977; x_wconf 58' lang='lat' dir='ltr'><strong>iliram-por</strong></span> <span class='ocrx_word' id='word_1_122' title='bbox 850 1926 911 1976; x_wconf 78' lang='lat' dir='ltr'><strong>ego,</strong></span> <span class='ocrx_word' id='word_1_123' title='bbox 928 1926 1022 1963; x_wconf 78' lang='lat' dir='ltr'><strong>unser</strong></span> <span class='ocrx_word' id='word_1_124' title='bbox 1037 1916 1144 1977; x_wconf 74' lang='grc'><strong>44444,</strong></span> <span class='ocrx_word' id='word_1_125' title='bbox 1168 1918 1245 1981; x_wconf 87' lang='lat' dir='ltr'><strong>quasi</strong></span> <span class='ocrx_word' id='word_1_126' title='bbox 1263 1923 1381 1983; x_wconf 80' lang='lat' dir='ltr'><strong>excepto</strong></span> 
     </span>
     <span class='ocr_line' id='line_1_16' title="bbox 288 1986 1381 2057; baseline 0 -15"><span class='ocrx_word' id='word_1_127' title='bbox 288 2006 338 2057; x_wconf 87' lang='lat' dir='ltr'><strong>pro</strong></span> <span class='ocrx_word' id='word_1_128' title='bbox 346 1992 522 2041; x_wconf 86' lang='lat' dir='ltr'><strong>affirmatione</strong></span> <span class='ocrx_word' id='word_1_129' title='bbox 534 1990 648 2047; x_wconf 87' lang='lat' dir='ltr'><strong>habeto;</strong></span> <span class='ocrx_word' id='word_1_130' title='bbox 662 1990 710 2041; x_wconf 89' lang='lat' dir='ltr'><strong>sed</strong></span> <span class='ocrx_word' id='word_1_131' title='bbox 723 1993 814 2040; x_wconf 89' lang='lat' dir='ltr'><strong>actuo-</strong></span> <span class='ocrx_word' id='word_1_132' title='bbox 850 1986 981 2038; x_wconf 87' lang='lat' dir='ltr'><strong>vocabulo</strong></span> <span class='ocrx_word' id='word_1_133' title='bbox 1003 1994 1089 2039; x_wconf 74' lang='lat' dir='ltr'><strong>noster</strong></span> <span class='ocrx_word' id='word_1_134' title='bbox 1105 2002 1138 2039; x_wconf 89' lang='lat' dir='ltr'><strong>ex</strong></span> <span class='ocrx_word' id='word_1_135' title='bbox 1155 2004 1202 2040; x_wconf 91' lang='lat' dir='ltr'><strong>ore</strong></span> <span class='ocrx_word' id='word_1_136' title='bbox 1219 2004 1381 2054; x_wconf 80' lang='lat' dir='ltr'><strong>servorum,</strong></span> 
     </span>
     <span class='ocr_line' id='line_1_17' title="bbox 288 2060 1382 2128; baseline 0 -11"><span class='ocrx_word' id='word_1_137' title='bbox 288 2068 343 2117; x_wconf 86' lang='lat' dir='ltr'><strong>sior</strong></span> <span class='ocrx_word' id='word_1_138' title='bbox 357 2068 399 2117; x_wconf 90' lang='lat' dir='ltr'><strong>est</strong></span> <span class='ocrx_word' id='word_1_139' title='bbox 409 2066 592 2128; x_wconf 88' lang='lat' dir='ltr'><strong>interrogatio:</strong></span> <span class='ocrx_word' id='word_1_140' title='bbox 612 2066 682 2127; x_wconf 76' lang='lat' dir='ltr'><strong>«Ego</strong></span> <span class='ocrx_word' id='word_1_141' title='bbox 694 2077 747 2114; x_wconf 89' lang='lat' dir='ltr'><strong>non</strong></span> <span class='ocrx_word' id='word_1_142' title='bbox 759 2063 813 2116; x_wconf 87' lang='lat' dir='ltr'><strong>vidi</strong></span> <span class='ocrx_word' id='word_1_143' title='bbox 850 2060 877 2111; x_wconf 79' lang='lat' dir='ltr'><strong>li.</strong></span> <span class='ocrx_word' id='word_1_144' title='bbox 895 2060 911 2111; x_wconf 94' lang='lat' dir='ltr'><strong>l.</strong></span> <span class='ocrx_word' id='word_1_145' title='bbox 934 2075 966 2111; x_wconf 82' lang='lat' dir='ltr'><strong>ex</strong></span> <span class='ocrx_word' id='word_1_146' title='bbox 991 2075 1039 2112; x_wconf 91' lang='lat' dir='ltr'><strong>ore</strong></span> <span class='ocrx_word' id='word_1_147' title='bbox 1064 2062 1135 2125; x_wconf 81' lang='lat' dir='ltr'><strong>volgi</strong></span> <span class='ocrx_word' id='word_1_148' title='bbox 1160 2065 1300 2116; x_wconf 77' lang='lat' dir='ltr'><strong>Horatium</strong></span> <span class='ocrx_word' id='word_1_149' title='bbox 1326 2067 1382 2117; x_wconf 87' lang='lat' dir='ltr'><strong>sibi</strong></span> 
     </span>
     <span class='ocr_line' id='line_1_18' title="bbox 288 2136 1380 2202; baseline 0.002 -13"><span class='ocrx_word' id='word_1_150' title='bbox 288 2140 338 2191; x_wconf 87' lang='lat' dir='ltr'><strong>hos</strong></span> <span class='ocrx_word' id='word_1_151' title='bbox 355 2139 527 2202; x_wconf 75' lang='lat' dir='ltr'><strong>gladiatores,</strong></span> <span class='ocrx_word' id='word_1_152' title='bbox 547 2139 592 2202; x_wconf 90' lang='lat' dir='ltr'><strong>qui</strong></span> <span class='ocrx_word' id='word_1_153' title='bbox 610 2152 681 2190; x_wconf 87' lang='lat' dir='ltr'><strong>nuno</strong></span> <span class='ocrx_word' id='word_1_154' title='bbox 699 2138 814 2189; x_wconf 86' lang='lat' dir='ltr'><strong>homini·</strong></span> <span class='ocrx_word' id='word_1_155' title='bbox 851 2137 1036 2187; x_wconf 85' lang='lat' dir='ltr'><strong>consociantis.</strong></span> <span class='ocrx_word' id='word_1_156' title='bbox 1066 2136 1149 2188; x_wconf 86' lang='lat' dir='ltr'><strong>Plaut.</strong></span> <span class='ocrx_word' id='word_1_157' title='bbox 1163 2139 1229 2189; x_wconf 86' lang='lat' dir='ltr'><strong>liud.</strong></span> <span class='ocrx_word' id='word_1_158' title='bbox 1243 2139 1273 2201; x_wconf 87' lang='grc'><strong>4,</strong></span> <span class='ocrx_word' id='word_1_159' title='bbox 1286 2141 1316 2202; x_wconf 83' lang='grc'><strong>4,</strong></span> <span class='ocrx_word' id='word_1_160' title='bbox 1337 2143 1380 2192; x_wconf 76' lang='lat' dir='ltr'><strong>is.</strong></span> 
     </span>
     <span class='ocr_line' id='line_1_19' title="bbox 288 2212 1383 2277; baseline 0.002 -12"><span class='ocrx_word' id='word_1_161' title='bbox 288 2214 340 2265; x_wconf 88' lang='lat' dir='ltr'><strong>bus</strong></span> <span class='ocrx_word' id='word_1_162' title='bbox 358 2215 382 2265; x_wconf 87' lang='lat' dir='ltr'><strong>in</strong></span> <span class='ocrx_word' id='word_1_163' title='bbox 404 2227 451 2263; x_wconf 90' lang='lat' dir='ltr'><strong>ore</strong></span> <span class='ocrx_word' id='word_1_164' title='bbox 474 2216 548 2263; x_wconf 87' lang='lat' dir='ltr'><strong>sunt:</strong></span> <span class='ocrx_word' id='word_1_165' title='bbox 578 2216 620 2273; x_wconf 84' lang='lat' dir='ltr'><strong>tu,</strong></span> <span class='ocrx_word' id='word_1_166' title='bbox 648 2214 693 2276; x_wconf 87' lang='lat' dir='ltr'><strong>qui</strong></span> <span class='ocrx_word' id='word_1_167' title='bbox 719 2226 814 2264; x_wconf 87' lang='lat' dir='ltr'><strong>eorum</strong></span> <span class='ocrx_word' id='word_1_168' title='bbox 851 2213 1019 2262; x_wconf 73' lang='lat' dir='ltr'><strong>Daemones:</strong></span> <span class='ocrx_word' id='word_1_169' title='bbox 1037 2212 1139 2262; x_wconf 74' lang='lat' dir='ltr'><strong>mininie</strong></span> <span class='ocrx_word' id='word_1_170' title='bbox 1158 2214 1222 2263; x_wconf 76' lang='lat' dir='ltr'><strong>istuc</strong></span> <span class='ocrx_word' id='word_1_171' title='bbox 1236 2216 1315 2277; x_wconf 74' lang='lat' dir='ltr'><strong>saciet</strong></span> <span class='ocrx_word' id='word_1_172' title='bbox 1330 2231 1383 2267; x_wconf 79' lang='lat' dir='ltr'><strong>no-</strong></span> 
     </span>
     <span class='ocr_line' id='line_1_20' title="bbox 288 2286 1380 2355; baseline 0.002 -15"><span class='ocrx_word' id='word_1_173' title='bbox 288 2302 394 2355; x_wconf 85' lang='lat' dir='ltr'><strong>pugnae</strong></span> <span class='ocrx_word' id='word_1_174' title='bbox 412 2288 519 2349; x_wconf 82' lang='lat' dir='ltr'><strong>nituisti,</strong></span> <span class='ocrx_word' id='word_1_175' title='bbox 542 2286 585 2338; x_wconf 86' lang='lat' dir='ltr'><strong>dio</strong></span> <span class='ocrx_word' id='word_1_176' title='bbox 603 2287 682 2348; x_wconf 83' lang='lat' dir='ltr'><strong>milri,</strong></span> <span class='ocrx_word' id='word_1_177' title='bbox 700 2300 811 2350; x_wconf 80' lang='lat' dir='ltr'><strong>quaeso.</strong></span> <span class='ocrx_word' id='word_1_178' title='bbox 850 2286 1059 2336; x_wconf 72' lang='lat' dir='ltr'><strong>sterDuemooer.</strong></span> <span class='ocrx_word' id='word_1_179' title='bbox 1080 2287 1210 2351; x_wconf 83' lang='lat' dir='ltr'><strong>Amphitr.</strong></span> <span class='ocrx_word' id='word_1_180' title='bbox 1225 2291 1250 2349; x_wconf 97' lang='grc'><strong>4,</strong></span> <span class='ocrx_word' id='word_1_181' title='bbox 1269 2292 1294 2351; x_wconf 90' lang='grc'><strong>4,</strong></span> <span class='ocrx_word' id='word_1_182' title='bbox 1312 2291 1380 2342; x_wconf 75' lang='lat'><strong>242:</strong></span> 
     </span>
     <span class='ocr_line' id='line_1_21' title="bbox 289 2360 1383 2428; baseline 0.002 -15"><span class='ocrx_word' id='word_1_183' title='bbox 289 2376 323 2413; x_wconf 90' lang='lat' dir='ltr'><strong>an</strong></span> <span class='ocrx_word' id='word_1_184' title='bbox 341 2368 410 2413; x_wconf 78' lang='lat' dir='ltr'><strong>cet.»</strong></span> <span class='ocrx_word' id='word_1_185' title='bbox 440 2360 511 2411; x_wconf 85' lang='lat' dir='ltr'><strong>ilaec</strong></span> <span class='ocrx_word' id='word_1_186' title='bbox 528 2363 556 2411; x_wconf 91' lang='lat' dir='ltr'><strong>et</strong></span> <span class='ocrx_word' id='word_1_187' title='bbox 575 2360 636 2411; x_wconf 89' lang='lat' dir='ltr'><strong>talia</strong></span> <span class='ocrx_word' id='word_1_188' title='bbox 653 2364 758 2422; x_wconf 87' lang='lat' dir='ltr'><strong>autem,</strong></span> <span class='ocrx_word' id='word_1_189' title='bbox 784 2364 815 2411; x_wconf 91' lang='lat' dir='ltr'><strong>ut</strong></span> <span class='ocrx_word' id='word_1_190' title='bbox 852 2362 933 2412; x_wconf 82' lang='grc'><strong>44444.</strong></span> <span class='ocrx_word' id='word_1_191' title='bbox 959 2361 1383 2428; x_wconf 60' lang='lat' dir='ltr'><strong>rememorandum</strong></span> 
     </span>
     <span class='ocr_line' id='line_1_22' title="bbox 289 2434 1384 2501; baseline 0.004 -12"><span class='ocrx_word' id='word_1_192' title='bbox 289 2438 332 2497; x_wconf 87' lang='grc'><strong>444,</strong></span> <span class='ocrx_word' id='word_1_193' title='bbox 365 2437 545 2501; x_wconf 89' lang='lat' dir='ltr'><strong>potentiorum</strong></span> <span class='ocrx_word' id='word_1_194' title='bbox 573 2436 651 2486; x_wconf 89' lang='lat' dir='ltr'><strong>erant</strong></span> <span class='ocrx_word' id='word_1_195' title='bbox 683 2434 814 2498; x_wconf 83' lang='lat' dir='ltr'><strong>colloquia</strong></span> <span class='ocrx_word' id='word_1_196' title='bbox 849 2436 928 2499; x_wconf 78' lang='grc'><strong>[44444</strong></span> <span class='ocrx_word' id='word_1_197' title='bbox 943 2438 1006 2497; x_wconf 66' lang='lat' dir='ltr'><strong>ordo</strong></span> <span class='ocrx_word' id='word_1_198' title='bbox 1020 2438 1069 2487; x_wconf 74' lang='grc'><strong>4444</strong></span> <span class='ocrx_word' id='word_1_199' title='bbox 1084 2438 1167 2489; x_wconf 75' lang='lat' dir='ltr'><strong>Sosia.</strong></span> <span class='ocrx_word' id='word_1_200' title='bbox 1196 2440 1279 2491; x_wconf 80' lang='lat' dir='ltr'><strong>Sosis.</strong></span> <span class='ocrx_word' id='word_1_201' title='bbox 1308 2443 1384 2493; x_wconf 78' lang='lat' dir='ltr'><strong>cmo</strong></span> 
     </span>
     <span class='ocr_line' id='line_1_23' title="bbox 289 2510 1383 2579; baseline 0.001 -15"><span class='ocrx_word' id='word_1_202' title='bbox 289 2525 352 2564; x_wconf 86' lang='lat' dir='ltr'><strong>oum</strong></span> <span class='ocrx_word' id='word_1_203' title='bbox 370 2512 463 2561; x_wconf 83' lang='lat' dir='ltr'><strong>amieis</strong></span> <span class='ocrx_word' id='word_1_204' title='bbox 480 2510 616 2561; x_wconf 87' lang='lat' dir='ltr'><strong>secundae</strong></span> <span class='ocrx_word' id='word_1_205' title='bbox 634 2510 812 2561; x_wconf 85' lang='lat' dir='ltr'><strong>admissionis.</strong></span> <span class='ocrx_word' id='word_1_206' title='bbox 850 2511 972 2573; x_wconf 69' lang='grc'><strong>44444444</strong></span> <span class='ocrx_word' id='word_1_207' title='bbox 984 2525 1024 2561; x_wconf 80' lang='lat' dir='ltr'><strong>ms</strong></span> <span class='ocrx_word' id='word_1_208' title='bbox 1034 2511 1156 2562; x_wconf 70' lang='grc'><strong>4444444444</strong></span> <span class='ocrx_word' id='word_1_209' title='bbox 1165 2527 1306 2577; x_wconf 70' lang='lat' dir='ltr'><strong>nunquam</strong></span> <span class='ocrx_word' id='word_1_210' title='bbox 1318 2519 1383 2579; x_wconf 73' lang='lat' dir='ltr'><strong>quta</strong></span> 
     </span>
     <span class='ocr_line' id='line_1_24' title="bbox 289 2580 1384 2655; baseline 0.005 -19"><span class='ocrx_word' id='word_1_211' title='bbox 289 2587 392 2637; x_wconf 81' lang='lat' dir='ltr'><strong>Arrian.</strong></span> <span class='ocrx_word' id='word_1_212' title='bbox 414 2586 497 2649; x_wconf 87' lang='lat' dir='ltr'><strong>Epiot.</strong></span> <span class='ocrx_word' id='word_1_213' title='bbox 520 2585 549 2646; x_wconf 85' lang='grc'><strong>3,</strong></span> <span class='ocrx_word' id='word_1_214' title='bbox 575 2584 620 2645; x_wconf 84' lang='grc'><strong>46,</strong></span> <span class='ocrx_word' id='word_1_215' title='bbox 638 2585 671 2636; x_wconf 84' lang='lat' dir='ltr'><strong>l:</strong></span> <span class='ocrx_word' id='word_1_216' title='bbox 701 2584 736 2635; x_wconf 76' lang='grc' dir='ltr'><strong>Τί</strong></span> <span class='ocrx_word' id='word_1_217' title='bbox 759 2580 815 2655; x_wconf 74' lang='grc' dir='ltr'><strong>γὰρ</strong></span> <span class='ocrx_word' id='word_1_218' title='bbox 851 2591 962 2637; x_wconf 79' lang='lat' dir='ltr'><strong>noster</strong></span> <span class='ocrx_word' id='word_1_219' title='bbox 991 2588 1068 2637; x_wconf 67' lang='lat' dir='ltr'><strong>dem:</strong></span> <span class='ocrx_word' id='word_1_220' title='bbox 1104 2588 1156 2637; x_wconf 86' lang='lat' dir='ltr'><strong>Neo</strong></span> <span class='ocrx_word' id='word_1_221' title='bbox 1182 2588 1254 2639; x_wconf 79' lang='lat' dir='ltr'><strong>notis</strong></span> <span class='ocrx_word' id='word_1_222' title='bbox 1273 2597 1384 2652; x_wconf 79' lang='lat' dir='ltr'><strong>praetor</strong></span> 
     </span>
     <span class='ocr_line' id='line_1_25' title="bbox 289 2652 1381 2729; baseline 0.005 -18"><span class='ocrx_word' id='word_1_223' title='bbox 289 2656 436 2726; x_wconf 73' lang='grc' dir='ltr'><strong>ποιήσεις,</strong></span> <span class='ocrx_word' id='word_1_224' title='bbox 453 2652 492 2709; x_wconf 80' lang='grc' dir='ltr'><strong>ἄν</strong></span> <span class='ocrx_word' id='word_1_225' title='bbox 504 2660 567 2729; x_wconf 76' lang='grc' dir='ltr'><strong>περὶ</strong></span> <span class='ocrx_word' id='word_1_226' title='bbox 577 2656 757 2725; x_wconf 82' lang='grc' dir='ltr'>μονομάχων</span> <span class='ocrx_word' id='word_1_227' title='bbox 768 2658 815 2709; x_wconf 82' lang='grc' dir='ltr'><strong>λα-</strong></span> <span class='ocrx_word' id='word_1_228' title='bbox 850 2674 890 2712; x_wconf 81' lang='lat' dir='ltr'><strong>me</strong></span> <span class='ocrx_word' id='word_1_229' title='bbox 917 2662 1073 2725; x_wconf 65' lang='lat' dir='ltr'><strong>qaorum</strong></span> <span class='ocrx_word' id='word_1_230' title='bbox 1096 2664 1163 2715; x_wconf 73' lang='grc'><strong>44444</strong></span> <span class='ocrx_word' id='word_1_231' title='bbox 1183 2678 1268 2715; x_wconf 76' lang='lat' dir='ltr'><strong>seruos</strong></span> <span class='ocrx_word' id='word_1_232' title='bbox 1291 2666 1381 2717; x_wconf 78' lang='lat' dir='ltr'><strong>Sosio.</strong></span> 
     </span>
     <span class='ocr_line' id='line_1_26' title="bbox 288 2729 1384 2808; baseline 0.006 -22"><span class='ocrx_word' id='word_1_233' title='bbox 288 2730 335 2808; x_wconf 79' lang='grc' dir='ltr'><strong>λῇ,</strong></span> <span class='ocrx_word' id='word_1_234' title='bbox 347 2730 385 2785; x_wconf 83' lang='grc' dir='ltr'><strong>ἂν</strong></span> <span class='ocrx_word' id='word_1_235' title='bbox 397 2737 460 2806; x_wconf 76' lang='grc' dir='ltr'><strong>περὶ</strong></span> <span class='ocrx_word' id='word_1_236' title='bbox 473 2734 579 2797; x_wconf 68' lang='lat' dir='ltr'><strong>itiner,</strong></span> <span class='ocrx_word' id='word_1_237' title='bbox 597 2729 636 2785; x_wconf 71' lang='grc' dir='ltr'><strong>ἄν</strong></span> <span class='ocrx_word' id='word_1_238' title='bbox 647 2738 711 2807; x_wconf 73' lang='grc' dir='ltr'><strong>περὶ</strong></span> <span class='ocrx_word' id='word_1_239' title='bbox 722 2729 815 2800; x_wconf 68' lang='grc' dir='ltr'><strong><em>ἀθλη-</em></strong></span> <span class='ocrx_word' id='word_1_240' title='bbox 852 2734 919 2788; x_wconf 85' lang='grc'><strong>44444</strong></span> <span class='ocrx_word' id='word_1_241' title='bbox 937 2740 998 2787; x_wconf 88' lang='lat' dir='ltr'><strong>ante</strong></span> <span class='ocrx_word' id='word_1_242' title='bbox 1015 2736 1164 2789; x_wconf 86' lang='lat' dir='ltr'><strong>Bentleium</strong></span> <span class='ocrx_word' id='word_1_243' title='bbox 1181 2752 1276 2791; x_wconf 87' lang='lat' dir='ltr'><strong>omnes</strong></span> <span class='ocrx_word' id='word_1_244' title='bbox 1294 2744 1323 2791; x_wconf 88' lang='lat' dir='ltr'><strong>et</strong></span> <span class='ocrx_word' id='word_1_245' title='bbox 1333 2755 1384 2793; x_wconf 92' lang='lat' dir='ltr'><strong>re-</strong></span> 
     </span>
     <span class='ocr_line' id='line_1_27' title="bbox 288 2802 1382 2883; baseline 0.003 -21"><span class='ocrx_word' id='word_1_246' title='bbox 288 2809 359 2873; x_wconf 79' lang='grc' dir='ltr'><strong>τῶν,</strong></span> <span class='ocrx_word' id='word_1_247' title='bbox 385 2802 437 2871; x_wconf 79' lang='grc' dir='ltr'><strong>ἄν,</strong></span> <span class='ocrx_word' id='word_1_248' title='bbox 463 2805 498 2861; x_wconf 80' lang='grc' dir='ltr'><strong>τὸ</strong></span> <span class='ocrx_word' id='word_1_249' title='bbox 515 2804 558 2861; x_wconf 76' lang='grc' dir='ltr'><strong>ἔτι</strong></span> <span class='ocrx_word' id='word_1_250' title='bbox 574 2808 684 2863; x_wconf 79' lang='grc' dir='ltr'><em>τούτων</em></span> <span class='ocrx_word' id='word_1_251' title='bbox 700 2816 813 2881; x_wconf 76' lang='grc' dir='ltr'><strong>χεῖρον,</strong></span> <span class='ocrx_word' id='word_1_252' title='bbox 852 2813 985 2863; x_wconf 77' lang='lat' dir='ltr'><strong>candores</strong></span> <span class='ocrx_word' id='word_1_253' title='bbox 1016 2812 1134 2864; x_wconf 89' lang='lat' dir='ltr'><strong>nonnulli</strong></span> <span class='ocrx_word' id='word_1_254' title='bbox 1168 2814 1382 2883; x_wconf 81' lang='lat' dir='ltr'><strong>interpungunt:</strong></span> 
     </span>
     <span class='ocr_line' id='line_1_28' title="bbox 288 2878 1382 2957; baseline 0.005 -21"><span class='ocrx_word' id='word_1_255' title='bbox 288 2886 353 2957; x_wconf 75' lang='grc' dir='ltr'><strong>περὶ</strong></span> <span class='ocrx_word' id='word_1_256' title='bbox 370 2878 551 2955; x_wconf 73' lang='grc' dir='ltr'><strong>ἀνθρώπων,</strong></span> <span class='ocrx_word' id='word_1_257' title='bbox 850 2887 970 2937; x_wconf 79' lang='lat' dir='ltr'><strong>invidiae</strong></span> <span class='ocrx_word' id='word_1_258' title='bbox 1004 2886 1095 2937; x_wconf 74' lang='lat' dir='ltr'><strong>Noster</strong></span> <span class='ocrx_word' id='word_1_259' title='bbox 1119 2888 1190 2938; x_wconf 80' lang='lat' dir='ltr'><strong>ludos</strong></span> <span class='ocrx_word' id='word_1_260' title='bbox 1215 2892 1278 2950; x_wconf 82' lang='lat' dir='ltr'><strong>oet,</strong></span> <span class='ocrx_word' id='word_1_261' title='bbox 1306 2904 1382 2955; x_wconf 80' lang='lat' dir='ltr'><strong>qnae</strong></span> 
     </span>
    </p>

    <p class='ocr_par' dir='ltr' id='par_1_8' title="bbox 286 2958 1384 4293">
     <span class='ocr_line' id='line_1_29' title="bbox 321 2958 1384 3024; baseline 0.005 -13"><span class='ocrx_word' id='word_1_262' title='bbox 321 2959 410 3011; x_wconf 83' lang='grc'><strong>444-49.</strong></span> <span class='ocrx_word' id='word_1_263' title='bbox 434 2972 529 3021; x_wconf 76' lang='lat' dir='ltr'><strong>porum</strong></span> <span class='ocrx_word' id='word_1_264' title='bbox 549 2963 636 3009; x_wconf 78' lang='grc'><strong>444444</strong></span> <span class='ocrx_word' id='word_1_265' title='bbox 652 2958 714 3023; x_wconf 83' lang='lat' dir='ltr'><strong>oet]</strong></span> <span class='ocrx_word' id='word_1_266' title='bbox 733 2972 815 3023; x_wconf 84' lang='lat' dir='ltr'><strong>«pae-</strong></span> <span class='ocrx_word' id='word_1_267' title='bbox 851 2961 920 3012; x_wconf 88' lang='lat' dir='ltr'><strong>ratio</strong></span> <span class='ocrx_word' id='word_1_268' title='bbox 935 2961 1028 3024; x_wconf 86' lang='lat' dir='ltr'><strong>utique</strong></span> <span class='ocrx_word' id='word_1_269' title='bbox 1045 2962 1126 3012; x_wconf 92' lang='lat' dir='ltr'><strong>nimia</strong></span> <span class='ocrx_word' id='word_1_270' title='bbox 1146 2960 1279 3015; x_wconf 85' lang='lat' dir='ltr'><strong>brevitate</strong></span> <span class='ocrx_word' id='word_1_271' title='bbox 1299 2962 1384 3016; x_wconf 82' lang='lat' dir='ltr'><strong>labo-</strong></span> 
     </span>
     <span class='ocr_line' id='line_1_30' title="bbox 289 3032 1381 3101; baseline 0.005 -16"><span class='ocrx_word' id='word_1_272' title='bbox 289 3032 357 3085; x_wconf 90' lang='lat' dir='ltr'><strong>nulis</strong></span> <span class='ocrx_word' id='word_1_273' title='bbox 370 3037 397 3083; x_wconf 94' lang='lat' dir='ltr'><strong>et</strong></span> <span class='ocrx_word' id='word_1_274' title='bbox 412 3032 528 3083; x_wconf 81' lang='lat' dir='ltr'><strong>lacernis</strong></span> <span class='ocrx_word' id='word_1_275' title='bbox 546 3045 598 3083; x_wconf 88' lang='lat' dir='ltr'><strong>nou</strong></span> <span class='ocrx_word' id='word_1_276' title='bbox 616 3034 679 3083; x_wconf 84' lang='lat' dir='ltr'><strong>setis</strong></span> <span class='ocrx_word' id='word_1_277' title='bbox 698 3035 814 3085; x_wconf 91' lang='lat' dir='ltr'><strong>munitos</strong></span> <span class='ocrx_word' id='word_1_278' title='bbox 851 3036 906 3094; x_wconf 79' lang='lat' dir='ltr'><strong>rat;</strong></span> <span class='ocrx_word' id='word_1_279' title='bbox 933 3035 1059 3086; x_wconf 88' lang='lat' dir='ltr'><strong>nimirum</strong></span> <span class='ocrx_word' id='word_1_280' title='bbox 1080 3036 1206 3101; x_wconf 83' lang='lat' dir='ltr'><strong>supplere</strong></span> <span class='ocrx_word' id='word_1_281' title='bbox 1226 3042 1381 3101; x_wconf 86' lang='lat' dir='ltr'><strong>eoguntur:</strong></span> 
     </span>
     <span class='ocr_line' id='line_1_31' title="bbox 289 3106 1383 3175; baseline 0.003 -17"><span class='ocrx_word' id='word_1_282' title='bbox 289 3108 398 3159; x_wconf 85' lang='lat' dir='ltr'><strong>laedunt</strong></span> <span class='ocrx_word' id='word_1_283' title='bbox 423 3106 545 3169; x_wconf 81' lang='lat' dir='ltr'><strong>trigora.»</strong></span> <span class='ocrx_word' id='word_1_284' title='bbox 580 3106 815 3166; x_wconf 85' lang='lat' dir='ltr'><strong>Quemadmodum</strong></span> <span class='ocrx_word' id='word_1_285' title='bbox 852 3110 1383 3175; x_wconf 54' lang='lat' dir='ltr'><strong>«mixtimtnoidioeegoiaotussuma</strong></span> 
     </span>
     <span class='ocr_line' id='line_1_32' title="bbox 287 3181 1384 3249; baseline 0.005 -16"><span class='ocrx_word' id='word_1_286' title='bbox 287 3195 375 3241; x_wconf 70' lang='lat' dir='ltr'><strong>aeos,</strong></span> <span class='ocrx_word' id='word_1_287' title='bbox 394 3182 433 3232; x_wconf 90' lang='lat' dir='ltr'><strong>sio</strong></span> <span class='ocrx_word' id='word_1_288' title='bbox 450 3181 531 3231; x_wconf 89' lang='lat' dir='ltr'><strong>etiam</strong></span> <span class='ocrx_word' id='word_1_289' title='bbox 542 3182 702 3232; x_wconf 75' lang='lat' dir='ltr'><strong>mordendo</strong></span> <span class='ocrx_word' id='word_1_290' title='bbox 716 3182 814 3245; x_wconf 83' lang='lat' dir='ltr'><strong>frigore</strong></span> <span class='ocrx_word' id='word_1_291' title='bbox 851 3182 1024 3248; x_wconf 82' lang='lat' dir='ltr'><strong>Explioabant</strong></span> <span class='ocrx_word' id='word_1_292' title='bbox 1050 3187 1140 3235; x_wconf 88' lang='lat' dir='ltr'><strong>autem</strong></span> <span class='ocrx_word' id='word_1_293' title='bbox 1164 3184 1224 3236; x_wconf 86' lang='lat' dir='ltr'><strong>vel:</strong></span> <span class='ocrx_word' id='word_1_294' title='bbox 1254 3188 1277 3249; x_wconf 81' lang='grc'><strong>4)</strong></span> <span class='ocrx_word' id='word_1_295' title='bbox 1305 3188 1384 3239; x_wconf 77' lang='lat' dir='ltr'><strong>«lio-</strong></span> 
     </span>
     <span class='ocr_line' id='line_1_33' title="bbox 289 3254 1383 3325; baseline 0.005 -17"><span class='ocrx_word' id='word_1_296' title='bbox 289 3256 463 3320; x_wconf 87' lang='lat' dir='ltr'><strong>usurpahant.</strong></span> <span class='ocrx_word' id='word_1_297' title='bbox 494 3254 604 3305; x_wconf 83' lang='lat' dir='ltr'><strong>liertial</strong></span> <span class='ocrx_word' id='word_1_298' title='bbox 617 3256 647 3316; x_wconf 86' lang='lat'><strong>8,</strong></span> <span class='ocrx_word' id='word_1_299' title='bbox 667 3256 710 3317; x_wconf 87' lang='grc'><strong>44,</strong></span> <span class='ocrx_word' id='word_1_300' title='bbox 730 3258 760 3307; x_wconf 90' lang='lat' dir='ltr'><strong>l:</strong></span> <span class='ocrx_word' id='word_1_301' title='bbox 783 3271 815 3308; x_wconf 80' lang='lat' dir='ltr'><strong>na</strong></span> <span class='ocrx_word' id='word_1_302' title='bbox 851 3258 946 3319; x_wconf 85' lang='lat' dir='ltr'><strong>ratius,</strong></span> <span class='ocrx_word' id='word_1_303' title='bbox 969 3259 1091 3322; x_wconf 86' lang='lat' dir='ltr'><strong>inquiunt</strong></span> <span class='ocrx_word' id='word_1_304' title='bbox 1106 3259 1227 3310; x_wconf 77' lang='lat' dir='ltr'><strong>scribae»</strong></span> <span class='ocrx_word' id='word_1_305' title='bbox 1245 3262 1383 3325; x_wconf 83' lang='lat' dir='ltr'><strong>(preoerio</strong></span> 
     </span>
     <span class='ocr_line' id='line_1_34' title="bbox 289 3331 1384 3398; baseline 0.005 -16"><span class='ocrx_word' id='word_1_306' title='bbox 289 3360 303 3371; x_wconf 94' lang='lat'><em>-</em></span> <span class='ocrx_word' id='word_1_307' title='bbox 314 3358 329 3370; x_wconf 90' lang='lat'>-</span> <span class='ocrx_word' id='word_1_308' title='bbox 339 3334 455 3382; x_wconf 80' lang='lat' dir='ltr'><strong>Mordeat</strong></span> <span class='ocrx_word' id='word_1_309' title='bbox 471 3335 495 3381; x_wconf 82' lang='lat' dir='ltr'><strong>et</strong></span> <span class='ocrx_word' id='word_1_310' title='bbox 511 3331 729 3393; x_wconf 65' lang='lat' dir='ltr'><strong>immerseris</strong></span> <span class='ocrx_word' id='word_1_311' title='bbox 746 3346 814 3382; x_wconf 83' lang='lat' dir='ltr'><strong>auro</strong></span> <span class='ocrx_word' id='word_1_312' title='bbox 850 3335 941 3383; x_wconf 83' lang='lat' dir='ltr'><strong>tamen</strong></span> <span class='ocrx_word' id='word_1_313' title='bbox 958 3332 1011 3382; x_wconf 90' lang='lat' dir='ltr'><strong>huo</strong></span> <span class='ocrx_word' id='word_1_314' title='bbox 1036 3334 1179 3395; x_wconf 83' lang='lat' dir='ltr'><strong>arcessiti),</strong></span> <span class='ocrx_word' id='word_1_315' title='bbox 1207 3336 1269 3398; x_wconf 75' lang='lat' dir='ltr'><strong>«qui</strong></span> <span class='ocrx_word' id='word_1_316' title='bbox 1293 3339 1384 3387; x_wconf 83' lang='lat' dir='ltr'><strong>nostri</strong></span> 
     </span>
     <span class='ocr_line' id='line_1_35' title="bbox 288 3405 1381 3474; baseline 0.002 -15"><span class='ocrx_word' id='word_1_317' title='bbox 288 3421 382 3459; x_wconf 78' lang='lat' dir='ltr'><strong>mmor.</strong></span> <span class='ocrx_word' id='word_1_318' title='bbox 404 3410 501 3459; x_wconf 78' lang='lat' dir='ltr'><strong>Aestus</strong></span> <span class='ocrx_word' id='word_1_319' title='bbox 511 3408 626 3457; x_wconf 78' lang='lat' dir='ltr'><strong>mordere</strong></span> <span class='ocrx_word' id='word_1_320' title='bbox 637 3407 734 3458; x_wconf 86' lang='lat' dir='ltr'><strong>dicitur</strong></span> <span class='ocrx_word' id='word_1_321' title='bbox 744 3409 812 3473; x_wconf 77' lang='lat' dir='ltr'><strong>Eup.</strong></span> <span class='ocrx_word' id='word_1_322' title='bbox 851 3407 951 3457; x_wconf 89' lang='lat' dir='ltr'><strong>ordinis</strong></span> <span class='ocrx_word' id='word_1_323' title='bbox 968 3410 996 3456; x_wconf 91' lang='lat' dir='ltr'><strong>et</strong></span> <span class='ocrx_word' id='word_1_324' title='bbox 1020 3405 1072 3457; x_wconf 85' lang='lat' dir='ltr'><strong>loci</strong></span> <span class='ocrx_word' id='word_1_325' title='bbox 1097 3408 1199 3458; x_wconf 82' lang='lat' dir='ltr'><strong>iuerat·</strong></span> <span class='ocrx_word' id='word_1_326' title='bbox 1217 3411 1269 3459; x_wconf 90' lang='lat' dir='ltr'><strong>oet.</strong></span> <span class='ocrx_word' id='word_1_327' title='bbox 1288 3408 1331 3459; x_wconf 87' lang='lat' dir='ltr'><strong>vel</strong></span> <span class='ocrx_word' id='word_1_328' title='bbox 1354 3413 1381 3474; x_wconf 74' lang='lat'><strong>2)</strong></span> 
     </span>
     <span class='ocr_line' id='line_1_36' title="bbox 289 3482 1384 3546; baseline 0.002 -11"><span class='ocrx_word' id='word_1_329' title='bbox 289 3486 317 3545; x_wconf 91' lang='grc'><strong>4,</strong></span> <span class='ocrx_word' id='word_1_330' title='bbox 335 3486 366 3546; x_wconf 89' lang='grc'><strong>8,</strong></span> <span class='ocrx_word' id='word_1_331' title='bbox 385 3486 409 3534; x_wconf 77' lang='lat'><strong>5.</strong></span> <span class='ocrx_word' id='word_1_332' title='bbox 431 3510 458 3520; x_wconf 94' lang='lat'>-</span> <span class='ocrx_word' id='word_1_333' title='bbox 471 3482 575 3544; x_wconf 81' lang='lat' dir='ltr'><strong>rimoso]</strong></span> <span class='ocrx_word' id='word_1_334' title='bbox 594 3496 678 3546; x_wconf 79' lang='lat' dir='ltr'><strong>«quae</strong></span> <span class='ocrx_word' id='word_1_335' title='bbox 697 3482 760 3533; x_wconf 90' lang='lat' dir='ltr'><strong>nihil</strong></span> <span class='ocrx_word' id='word_1_336' title='bbox 772 3496 815 3534; x_wconf 88' lang='lat' dir='ltr'><strong>se·</strong></span> <span class='ocrx_word' id='word_1_337' title='bbox 852 3482 894 3530; x_wconf 77' lang='lat' dir='ltr'><strong>«si</strong></span> <span class='ocrx_word' id='word_1_338' title='bbox 917 3482 1009 3531; x_wconf 85' lang='lat' dir='ltr'><strong>noster</strong></span> <span class='ocrx_word' id='word_1_339' title='bbox 1030 3482 1133 3533; x_wconf 79' lang='lat' dir='ltr'><strong>amicus</strong></span> <span class='ocrx_word' id='word_1_340' title='bbox 1158 3483 1300 3533; x_wconf 70' lang='lat' dir='ltr'><strong>Maecenas</strong></span> <span class='ocrx_word' id='word_1_341' title='bbox 1323 3497 1384 3537; x_wconf 82' lang='lat' dir='ltr'><strong>una</strong></span> 
     </span>
     <span class='ocr_line' id='line_1_37' title="bbox 288 3552 1380 3620; baseline 0 -11"><span class='ocrx_word' id='word_1_342' title='bbox 288 3560 354 3609; x_wconf 88' lang='lat' dir='ltr'><strong>oreti</strong></span> <span class='ocrx_word' id='word_1_343' title='bbox 366 3559 477 3618; x_wconf 80' lang='lat' dir='ltr'><strong>retinet,</strong></span> <span class='ocrx_word' id='word_1_344' title='bbox 496 3556 545 3608; x_wconf 91' lang='lat' dir='ltr'><strong>sed</strong></span> <span class='ocrx_word' id='word_1_345' title='bbox 557 3558 583 3608; x_wconf 92' lang='lat' dir='ltr'><strong>in</strong></span> <span class='ocrx_word' id='word_1_346' title='bbox 596 3556 748 3608; x_wconf 89' lang='lat' dir='ltr'><strong>huiusmodi</strong></span> <span class='ocrx_word' id='word_1_347' title='bbox 758 3572 815 3608; x_wconf 88' lang='lat' dir='ltr'><strong>ser·</strong></span> <span class='ocrx_word' id='word_1_348' title='bbox 850 3567 960 3605; x_wconf 87' lang='lat' dir='ltr'><strong>mecum</strong></span> <span class='ocrx_word' id='word_1_349' title='bbox 987 3552 1065 3605; x_wconf 89' lang='lat' dir='ltr'><strong>ludos</strong></span> <span class='ocrx_word' id='word_1_350' title='bbox 1090 3559 1279 3620; x_wconf 79' lang='lat' dir='ltr'><strong>spectaverat»</strong></span> <span class='ocrx_word' id='word_1_351' title='bbox 1306 3564 1380 3619; x_wconf 85' lang='lat' dir='ltr'><strong>oet.;</strong></span> 
     </span>
     <span class='ocr_line' id='line_1_38' title="bbox 289 3630 1384 3695; baseline 0.003 -12"><span class='ocrx_word' id='word_1_352' title='bbox 289 3632 413 3683; x_wconf 86' lang='lat' dir='ltr'><strong>monibus</strong></span> <span class='ocrx_word' id='word_1_353' title='bbox 431 3644 495 3682; x_wconf 89' lang='lat' dir='ltr'><strong>sane</strong></span> <span class='ocrx_word' id='word_1_354' title='bbox 507 3632 565 3683; x_wconf 87' lang='lat' dir='ltr'><strong>sine</strong></span> <span class='ocrx_word' id='word_1_355' title='bbox 576 3630 630 3682; x_wconf 92' lang='lat' dir='ltr'><strong>ullo</strong></span> <span class='ocrx_word' id='word_1_356' title='bbox 642 3632 813 3683; x_wconf 85' lang='lat' dir='ltr'><strong>incommodo</strong></span> <span class='ocrx_word' id='word_1_357' title='bbox 851 3642 903 3692; x_wconf 89' lang='lat' dir='ltr'><strong>qua</strong></span> <span class='ocrx_word' id='word_1_358' title='bbox 922 3630 948 3679; x_wconf 90' lang='lat' dir='ltr'><strong>in</strong></span> <span class='ocrx_word' id='word_1_359' title='bbox 965 3630 1067 3680; x_wconf 85' lang='lat' dir='ltr'><strong>ratione</strong></span> <span class='ocrx_word' id='word_1_360' title='bbox 1083 3633 1149 3681; x_wconf 88' lang='lat' dir='ltr'><strong>satis</strong></span> <span class='ocrx_word' id='word_1_361' title='bbox 1166 3644 1295 3695; x_wconf 86' lang='lat' dir='ltr'><strong>pervorse</strong></span> <span class='ocrx_word' id='word_1_362' title='bbox 1307 3635 1384 3685; x_wconf 84' lang='lat' dir='ltr'><strong>lino-</strong></span> 
     </span>
     <span class='ocr_line' id='line_1_39' title="bbox 288 3703 1384 3770; baseline 0.004 -13"><span class='ocrx_word' id='word_1_363' title='bbox 288 3709 335 3757; x_wconf 89' lang='lat' dir='ltr'><strong>aut</strong></span> <span class='ocrx_word' id='word_1_364' title='bbox 355 3703 473 3770; x_wconf 83' lang='lat' dir='ltr'><strong>periculo</strong></span> <span class='ocrx_word' id='word_1_365' title='bbox 490 3703 630 3765; x_wconf 60' lang='lat' dir='ltr'><strong>alterium»</strong></span> <span class='ocrx_word' id='word_1_366' title='bbox 658 3719 692 3755; x_wconf 82' lang='lat' dir='ltr'><strong>ex</strong></span> <span class='ocrx_word' id='word_1_367' title='bbox 712 3707 814 3757; x_wconf 83' lang='lat' dir='ltr'><strong>Teren·</strong></span> <span class='ocrx_word' id='word_1_368' title='bbox 851 3717 932 3754; x_wconf 84' lang='lat' dir='ltr'><strong>cenas</strong></span> <span class='ocrx_word' id='word_1_369' title='bbox 944 3703 1033 3754; x_wconf 82' lang='lat' dir='ltr'><strong>evadit</strong></span> <span class='ocrx_word' id='word_1_370' title='bbox 1044 3707 1163 3757; x_wconf 84' lang='lat' dir='ltr'><strong>sectator</strong></span> <span class='ocrx_word' id='word_1_371' title='bbox 1174 3706 1281 3757; x_wconf 88' lang='lat' dir='ltr'><strong>lloratii.</strong></span> <span class='ocrx_word' id='word_1_372' title='bbox 1305 3707 1384 3761; x_wconf 82' lang='lat' dir='ltr'><strong>Plus·</strong></span> 
     </span>
     <span class='ocr_line' id='line_1_40' title="bbox 289 3777 1384 3849; baseline 0.003 -18"><span class='ocrx_word' id='word_1_373' title='bbox 289 3781 359 3831; x_wconf 85' lang='lat' dir='ltr'><strong>tiano</strong></span> <span class='ocrx_word' id='word_1_374' title='bbox 377 3777 420 3829; x_wconf 95' lang='lat' dir='ltr'><strong>illo</strong></span> <span class='ocrx_word' id='word_1_375' title='bbox 438 3779 503 3828; x_wconf 86' lang='lat' dir='ltr'><strong>Eun.</strong></span> <span class='ocrx_word' id='word_1_376' title='bbox 518 3780 545 3838; x_wconf 89' lang='grc'><strong>4,</strong></span> <span class='ocrx_word' id='word_1_377' title='bbox 564 3781 595 3849; x_wconf 74' lang='grc'><strong>4,</strong></span> <span class='ocrx_word' id='word_1_378' title='bbox 613 3781 657 3830; x_wconf 81' lang='lat' dir='ltr'><strong>as:</strong></span> <span class='ocrx_word' id='word_1_379' title='bbox 676 3780 765 3830; x_wconf 63' lang='grc'><strong>4444444</strong></span> <span class='ocrx_word' id='word_1_380' title='bbox 774 3782 814 3830; x_wconf 78' lang='lat' dir='ltr'><strong>ri·</strong></span> <span class='ocrx_word' id='word_1_381' title='bbox 850 3778 1052 3842; x_wconf 85' lang='lat' dir='ltr'><strong>quamperleota</strong></span> <span class='ocrx_word' id='word_1_382' title='bbox 1069 3780 1096 3829; x_wconf 90' lang='lat' dir='ltr'><strong>in</strong></span> <span class='ocrx_word' id='word_1_383' title='bbox 1107 3783 1256 3842; x_wconf 76' lang='lat' dir='ltr'><strong>spectauerit</strong></span> <span class='ocrx_word' id='word_1_384' title='bbox 1272 3784 1300 3831; x_wconf 85' lang='lat' dir='ltr'><strong>et</strong></span> <span class='ocrx_word' id='word_1_385' title='bbox 1316 3784 1384 3835; x_wconf 75' lang='grc'><strong>4444-</strong></span> 
     </span>
     <span class='ocr_line' id='line_1_41' title="bbox 286 3852 1382 3919; baseline 0.005 -15"><span class='ocrx_word' id='word_1_386' title='bbox 286 3866 469 3912; x_wconf 72' lang='lat' dir='ltr'><strong>morauasuro,</strong></span> <span class='ocrx_word' id='word_1_387' title='bbox 487 3852 534 3901; x_wconf 80' lang='lat' dir='ltr'><strong>too</strong></span> <span class='ocrx_word' id='word_1_388' title='bbox 546 3854 690 3914; x_wconf 75' lang='lat' dir='ltr'><strong>atqieiuoo</strong></span> <span class='ocrx_word' id='word_1_389' title='bbox 703 3856 812 3919; x_wconf 68' lang='lat' dir='ltr'><strong>pmfluo.</strong></span> <span class='ocrx_word' id='word_1_390' title='bbox 849 3853 884 3901; x_wconf 72' lang='lat' dir='ltr'><strong>rit</strong></span> <span class='ocrx_word' id='word_1_391' title='bbox 901 3854 1005 3903; x_wconf 89' lang='lat' dir='ltr'><strong>mutare</strong></span> <span class='ocrx_word' id='word_1_392' title='bbox 1023 3853 1087 3904; x_wconf 86' lang='lat' dir='ltr'><strong>nihil</strong></span> <span class='ocrx_word' id='word_1_393' title='bbox 1103 3854 1247 3915; x_wconf 88' lang='lat' dir='ltr'><strong>attinebat,</strong></span> <span class='ocrx_word' id='word_1_394' title='bbox 1266 3860 1382 3909; x_wconf 82' lang='lat' dir='ltr'><strong>comsit</strong></span> 
     </span>
     <span class='ocr_line' id='line_1_42' title="bbox 289 3926 1383 3993; baseline 0.005 -15"><span class='ocrx_word' id='word_1_395' title='bbox 289 3927 363 3979; x_wconf 90' lang='lat' dir='ltr'><strong>Conl.</strong></span> <span class='ocrx_word' id='word_1_396' title='bbox 378 3928 443 3989; x_wconf 82' lang='lat' dir='ltr'>Epp.</span> <span class='ocrx_word' id='word_1_397' title='bbox 459 3926 488 3986; x_wconf 88' lang='grc'><strong>4,</strong></span> <span class='ocrx_word' id='word_1_398' title='bbox 508 3926 553 3985; x_wconf 84' lang='grc'><strong>48,</strong></span> <span class='ocrx_word' id='word_1_399' title='bbox 572 3927 621 3976; x_wconf 83' lang='grc' dir='ltr'><strong>4οι</strong></span> <span class='ocrx_word' id='word_1_400' title='bbox 640 3929 691 3977; x_wconf 78' lang='lat' dir='ltr'><strong>Neo</strong></span> <span class='ocrx_word' id='word_1_401' title='bbox 706 3930 815 3978; x_wconf 77' lang='lat' dir='ltr'><strong>retinent</strong></span> <span class='ocrx_word' id='word_1_402' title='bbox 850 3926 924 3977; x_wconf 84' lang='lat' dir='ltr'><strong>reiut</strong></span> <span class='ocrx_word' id='word_1_403' title='bbox 944 3929 1050 3992; x_wconf 86' lang='lat' dir='ltr'><strong>species</strong></span> <span class='ocrx_word' id='word_1_404' title='bbox 1072 3930 1286 3993; x_wconf 76' lang='lat' dir='ltr'><strong>interrogationis</strong></span> <span class='ocrx_word' id='word_1_405' title='bbox 1302 3931 1383 3983; x_wconf 85' lang='lat' dir='ltr'><strong>dire-</strong></span> 
     </span>
     <span class='ocr_line' id='line_1_43' title="bbox 286 4001 1384 4068; baseline 0.005 -17"><span class='ocrx_word' id='word_1_406' title='bbox 286 4002 390 4065; x_wconf 75' lang='lat' dir='ltr'><strong>potutoo</strong></span> <span class='ocrx_word' id='word_1_407' title='bbox 405 4002 537 4049; x_wconf 79' lang='lat' dir='ltr'><strong>omnnirso</strong></span> <span class='ocrx_word' id='word_1_408' title='bbox 557 4001 662 4064; x_wconf 67' lang='lat' dir='ltr'><strong>fideliter</strong></span> <span class='ocrx_word' id='word_1_409' title='bbox 677 4015 762 4053; x_wconf 79' lang='lat' dir='ltr'><strong>ouras.</strong></span> <span class='ocrx_word' id='word_1_410' title='bbox 783 4030 811 4039; x_wconf 93' lang='lat'><strong>-·</strong></span> <span class='ocrx_word' id='word_1_411' title='bbox 850 4004 910 4053; x_wconf 88' lang='lat' dir='ltr'><strong>otae</strong></span> <span class='ocrx_word' id='word_1_412' title='bbox 938 4016 986 4066; x_wconf 85' lang='lat' dir='ltr'><strong>pro</strong></span> <span class='ocrx_word' id='word_1_413' title='bbox 1011 4004 1201 4068; x_wconf 74' lang='lat' dir='ltr'><strong>hypothetioo:</strong></span> <span class='ocrx_word' id='word_1_414' title='bbox 1229 4008 1251 4055; x_wconf 80' lang='lat' dir='ltr'><strong>ri</strong></span> <span class='ocrx_word' id='word_1_415' title='bbox 1275 4010 1384 4068; x_wconf 75' lang='lat' dir='ltr'><strong>quaeda</strong></span> 
     </span>
     <span class='ocr_line' id='line_1_44' title="bbox 287 4075 1382 4140; baseline 0.005 -14"><span class='ocrx_word' id='word_1_416' title='bbox 287 4076 334 4126; x_wconf 78' lang='lat' dir='ltr'><strong>Per</strong></span> <span class='ocrx_word' id='word_1_417' title='bbox 355 4080 434 4125; x_wconf 83' lang='lat' dir='ltr'><strong>totum</strong></span> <span class='ocrx_word' id='word_1_418' title='bbox 455 4075 518 4137; x_wconf 79' lang='lat' dir='ltr'><strong>oet]</strong></span> <span class='ocrx_word' id='word_1_419' title='bbox 537 4076 588 4125; x_wconf 77' lang='lat' dir='ltr'><strong>«Ex</strong></span> <span class='ocrx_word' id='word_1_420' title='bbox 611 4089 643 4127; x_wconf 87' lang='lat' dir='ltr'><strong>eo</strong></span> <span class='ocrx_word' id='word_1_421' title='bbox 663 4077 724 4127; x_wconf 90' lang='lat' dir='ltr'><strong>inde</strong></span> <span class='ocrx_word' id='word_1_422' title='bbox 743 4080 814 4128; x_wconf 81' lang='lat' dir='ltr'><strong>tem-</strong></span> <span class='ocrx_word' id='word_1_423' title='bbox 849 4081 989 4139; x_wconf 61' lang='lat' dir='ltr'><strong>ructarat,</strong></span> <span class='ocrx_word' id='word_1_424' title='bbox 1015 4083 1106 4140; x_wconf 78' lang='lat' dir='ltr'><strong>posteo</strong></span> <span class='ocrx_word' id='word_1_425' title='bbox 1132 4093 1216 4131; x_wconf 80' lang='grc'><strong>444444</strong></span> <span class='ocrx_word' id='word_1_426' title='bbox 1241 4080 1382 4131; x_wconf 72' lang='grc'><strong>44444444-</strong></span> 
     </span>
     <span class='ocr_line' id='line_1_45' title="bbox 287 4150 1380 4217; baseline 0.007 -18"><span class='ocrx_word' id='word_1_427' title='bbox 287 4162 366 4215; x_wconf 83' lang='lat' dir='ltr'><strong>pore,</strong></span> <span class='ocrx_word' id='word_1_428' title='bbox 386 4161 439 4213; x_wconf 86' lang='lat' dir='ltr'><strong>quo</strong></span> <span class='ocrx_word' id='word_1_429' title='bbox 458 4150 483 4199; x_wconf 93' lang='lat' dir='ltr'><strong>in</strong></span> <span class='ocrx_word' id='word_1_430' title='bbox 496 4150 812 4203; x_wconf 77' lang='lat' dir='ltr'><strong>Maecenatisamioitlam</strong></span> <span class='ocrx_word' id='word_1_431' title='bbox 850 4150 923 4210; x_wconf 78' lang='lat' dir='ltr'><strong>toot3</strong></span> <span class='ocrx_word' id='word_1_432' title='bbox 949 4166 1059 4216; x_wconf 85' lang='lat' dir='ltr'><strong>prorsus</strong></span> <span class='ocrx_word' id='word_1_433' title='bbox 1080 4155 1111 4203; x_wconf 87' lang='lat' dir='ltr'><strong>ut</strong></span> <span class='ocrx_word' id='word_1_434' title='bbox 1134 4155 1188 4205; x_wconf 82' lang='lat' dir='ltr'><strong>sat.</strong></span> <span class='ocrx_word' id='word_1_435' title='bbox 1209 4156 1240 4215; x_wconf 79' lang='lat'><strong>2,</strong></span> <span class='ocrx_word' id='word_1_436' title='bbox 1267 4156 1298 4217; x_wconf 85' lang='grc'><strong>4,</strong></span> <span class='ocrx_word' id='word_1_437' title='bbox 1325 4156 1380 4207; x_wconf 84' lang='lat' dir='ltr'><strong>ee:</strong></span> 
     </span>
     <span class='ocr_line' id='line_1_46' title="bbox 288 4224 1381 4293; baseline 0.005 -18"><span class='ocrx_word' id='word_1_438' title='bbox 288 4224 421 4275; x_wconf 87' lang='lat' dir='ltr'><strong>admissus</strong></span> <span class='ocrx_word' id='word_1_439' title='bbox 432 4236 508 4286; x_wconf 89' lang='lat' dir='ltr'><strong>sum,</strong></span> <span class='ocrx_word' id='word_1_440' title='bbox 528 4226 554 4275; x_wconf 90' lang='lat' dir='ltr'><strong>in</strong></span> <span class='ocrx_word' id='word_1_441' title='bbox 571 4224 629 4275; x_wconf 85' lang='lat' dir='ltr'><strong>dies</strong></span> <span class='ocrx_word' id='word_1_442' title='bbox 640 4238 672 4275; x_wconf 89' lang='lat' dir='ltr'><strong>ao</strong></span> <span class='ocrx_word' id='word_1_443' title='bbox 689 4239 774 4290; x_wconf 80' lang='lat' dir='ltr'><strong>propo</strong></span> <span class='ocrx_word' id='word_1_444' title='bbox 786 4228 812 4277; x_wconf 90' lang='lat' dir='ltr'><strong>in</strong></span> <span class='ocrx_word' id='word_1_445' title='bbox 848 4228 937 4277; x_wconf 73' lang='lat' dir='ltr'><strong>liourd</strong></span> <span class='ocrx_word' id='word_1_446' title='bbox 954 4228 1037 4292; x_wconf 84' lang='lat' dir='ltr'><strong>prosi</strong></span> <span class='ocrx_word' id='word_1_447' title='bbox 1053 4229 1162 4279; x_wconf 76' lang='lat' dir='ltr'><strong>evasisti</strong></span> <span class='ocrx_word' id='word_1_448' title='bbox 1192 4230 1232 4280; x_wconf 83' lang='lat' dir='ltr'><strong>ci.</strong></span> <span class='ocrx_word' id='word_1_449' title='bbox 1245 4231 1336 4291; x_wconf 80' lang='lat' dir='ltr'><strong>Sati,</strong></span> <span class='ocrx_word' id='word_1_450' title='bbox 1349 4232 1381 4293; x_wconf 83' lang='grc'><strong>3,</strong></span> 
     </span>
    </p>
   </div>
   <div class='ocr_carea' id='block_1_5' title="bbox 0 0 1472 4892">
    <p class='ocr_par' dir='ltr' id='par_1_9' title="bbox 0 0 1472 4892">
     <span class='ocr_line' id='line_1_47' title="bbox 0 0 1472 4892; baseline 0 0"><span class='ocrx_word' id='word_1_451' title='bbox 0 0 1472 4892; x_wconf 95' lang='lat' dir='ltr'><strong> </strong></span> 
     </span>
    </p>
   </div>
  </div>
 </body>
</html>
