2925 4892
556 318 615 369 Lib.
634 318 653 369 i.
690 321 757 371 SAT.
776 322 796 371 i.

173 474 386 539 Praeteritum
409 482 556 539 temnens
578 484 740 541 extremos
762 477 845 543 iuter
866 487 1005 545 euntem.

174 594 251 660 lude
274 593 324 671 lit,
349 605 385 659 ut
406 614 495 671 raro,
520 594 575 682 qui
599 616 635 661 so
657 596 778 662 vixisse
799 595 930 665 beatum

170 714 263 781 Dicat
285 726 318 780 et
340 724 454 781 exacto
477 724 646 781 contentus
669 726 815 803 tempore
837 719 901 784 vita

171 835 272 903 Cedat
295 836 340 901 uti
363 836 498 902 conviva
521 844 621 911 satur,
647 836 793 923 reperire
814 858 984 925 queamus.
1006 876 1049 889 -

170 958 237 1021 lam
260 955 340 1021 satis
362 966 421 1022 est.
465 958 512 1021 Ne
534 976 586 1023 me
609 956 747 1044 Crispini
769 958 888 1025 scrinia
907 959 985 1048 lippi
1156 962 1218 1030 l20

169 1076 372 1165 Compilasse
393 1086 505 1164 putes,
530 1076 665 1143 verbum
691 1098 755 1145 uon
777 1078 916 1167 amplius
937 1080 1064 1147 addam.

156 1255 337 1379 Hippalum
354 1254 399 1313 bd,
420 1256 535 1306 Potiierii
551 1254 687 1320 plerique,
707 1258 745 1307 Li.
767 1286 794 1295 —
814 1260 871 1309 iat.
889 1260 986 1323 lippara
1001 1274 1017 1309 s
1032 1262 1184 1313 coniectura

176 1342 212 1379 en
234 1342 303 1379 eins.

124 1488 185 1539 darn
203 1486 388 1550 loquacissimi
400 1499 512 1549 nomen,
531 1482 654 1559 quicips-
692 1503 755 1541 cum
779 1492 836 1555 ipse
863 1490 960 1541 eodem
984 1492 1048 1541 vitio
1069 1490 1214 1545 laboraret.

124 1560 248 1629 πέλαγος
265 1562 355 1613 dietus
372 1564 426 1619 esl;
449 1564 556 1628 scripsit
573 1565 653 1616 etiam
692 1566 832 1629 Nunquam
840 1566 966 1629 equidem
975 1565 1137 1617 crediderim
1146 1569 1217 1621 adso

124 1652 218 1689 versus
244 1638 280 1687 de
307 1638 381 1687 secla
408 1638 525 1688 Stoice.»
560 1640 651 1689 Senos.
691 1640 732 1688 sui
757 1637 871 1689 oblitam
895 1641 923 1689 et
944 1638 1037 1689 decori
1058 1641 1217 1692 inscientem

124 1715 237 1776 ineptus
254 1713 447 1773 consiscit,
466 1712 494 1773 3,
514 1712 570 1765 438.
598 1714 650 1765 Cir.
691 1710 786 1771 luisse,
813 1714 844 1761 at
867 1712 919 1761 boc
944 1713 1052 1763 laceret.
1076 1740 1092 1751 ·
1112 1740 1128 1751 ·
1148 1714 1217 1773 Quid

123 1790 174 1839 set
195 1790 225 1847 4,
244 1786 276 1847 4,
297 1786 337 1836 ii.
368 1787 398 1846 2,
421 1786 451 1847 7,
474 1786 514 1837 444.
536 1814 562 1823 -
582 1788 651 1852 lippi]
691 1788 775 1849 ergo?
791 1785 856 1836 mihi
872 1784 943 1837 nulla
960 1787 1071 1850 quidem
1086 1786 1218 1839 dubitatio

124 1863 189 1913 Cum
215 1863 274 1925 ipse
299 1874 407 1923 quoque
430 1860 553 1912 Horatius
570 1862 653 1913 iuter-
691 1862 745 1920 est,
773 1860 836 1924 quin
854 1860 993 1925 scripserit
1012 1862 1117 1923 lippam
1152 1862 1216 1913 Tam

123 1938 186 1987 dum
210 1936 303 2000 lippus
323 1936 387 1997 (Sal.
402 1936 431 1997 l,
455 1936 484 1995 5,
509 1936 540 1986 30
557 1938 585 1985 44
600 1935 652 1998 ta.)
691 1935 763 1985 enim
784 1934 837 1984 boc
856 1933 960 1985 urbane
980 1938 1008 1985 et
1029 1935 1115 1987 laceto
1133 1934 1168 1986 de
1185 1948 1216 1987 sa

124 2013 207 2069 esset,
228 2010 325 2061 festiva
342 2009 369 2057 h.
382 2007 399 2057 l.
417 2008 444 2059 ia
460 2012 548 2060 semet
564 2010 652 2075 ipsum
691 2006 798 2068 dixerit,
825 2022 907 2073 qnam
928 2010 963 2061 de
980 2010 1102 2075 Crispino
1119 2007 1215 2061 stolide

123 2086 205 2134 uenia
225 2082 360 2133 nonnullis
377 2084 565 2133 ususvidetur.
598 2084 650 2135 Cir.
691 2083 718 2131 et
735 2083 905 2135 inhumane.»
934 2083 987 2133 sed
1004 2097 1074 2148 quae
1095 2096 1155 2135 sors
1174 2087 1216 2135 est

123 2159 232 2209 omnino
260 2157 357 2207 iaoobs
386 2158 468 2207 Lecti.
496 2158 596 2209 Venus.
623 2171 651 2222 p.
691 2156 826 2207 interdum
846 2160 1061 2208 coniecturarum
1083 2158 1157 2209 baad
1173 2158 1215 2207 nl-

121 2233 257 2291 :toa-:tim
283 2232 330 2294 qui
353 2232 451 2281 lloralii
472 2236 592 2283 mentem
613 2234 652 2285 sic
691 2232 742 2281 mis
755 2229 884 2293 lelicium,
903 2236 933 2282 ui
943 2230 1011 2283 alius
1021 2232 1215 2296 superveniens

123 2306 250 2371 explicat:
271 2306 322 2354 «lis
338 2306 369 2355 isi
385 2306 450 2367 Zeil,
468 2308 526 2357 dass
541 2308 581 2357 ioli
591 2308 652 2371 aas·
690 2305 801 2355 easdem
818 2307 853 2355 iia
870 2306 1015 2370 approbet,
1036 2307 1066 2356 ιιι
1081 2304 1160 2369 longe
1171 2306 1215 2355 di-

122 2382 193 2442 ldre,
211 2394 257 2429 ian
274 2380 331 2429 dem
342 2379 537 2443 kurzsicltiipsn,
556 2382 653 2432 oadu-
688 2391 797 2429 versam
814 2380 1035 2442 significationem
1057 2380 1089 2431 iia
1105 2378 1214 2440 tribuat,

122 2470 168 2519 psa
183 2457 239 2505 rard
256 2455 325 2505 Geist
348 2454 434 2504 blddsu
456 2455 568 2517 Crispini,
596 2458 651 2507 dem
690 2467 770 2516 quarn
793 2455 912 2519 ipsarum
934 2456 1059 2505 auctores
1081 2454 1213 2513 leceraut,

123 2530 161 2579 icis
182 2544 211 2579 so
236 2529 314 2579 sciton
337 2542 386 2577 voa
410 2542 498 2579 amaea
522 2530 549 2579 ia
574 2536 652 2581 etwas
689 2528 732 2578 hio
749 2542 857 2591 quoque
874 2542 925 2579 asu
947 2530 1031 2588 venit,
1058 2532 1088 2579 ut
1111 2528 1160 2579 Od.
1181 2528 1213 2589 3,

122 2605 227 2667 plebis,
253 2604 322 2653 44444
344 2602 410 2653 dacii
428 2604 491 2653 noel
510 2606 537 2653 in
560 2604 651 2657 breiter
689 2602 735 2663 44,
754 2603 794 2652 444.
813 2601 1214 2666 inillispacllisiomviramaa-

123 2677 347 2741 Geselaodtziplseit
367 2676 447 2741 pleicb
468 2692 502 2727 su
522 2680 649 2731 werdoni.»
684 2678 809 2739 44444444,
828 2678 928 2725 etenim
942 2677 1070 2739 lleisigius
1087 2680 1122 2728 ita
1137 2680 1215 2727 Bent-

123 2752 222 2803 i'erum
240 2752 301 2802 fleri
318 2752 416 2815 potest,
435 2754 464 2802 ul
475 2752 509 2803 de
523 2752 590 2803 braii
601 2768 649 2805 sua
688 2751 731 2801 leii
742 2752 923 2800 coniecturam
937 2751 1119 2800 concinnavit:
1139 2751 1215 2799 «nri

123 2825 281 2892 lippitudine
299 2826 386 2876 hicne
398 2828 517 2889 cogitarit
530 2828 648 2892 quidem,
687 2826 734 2875 nia
755 2824 852 2887 lippiam
872 2823 1018 2887 conspicias
1040 2826 1082 2875 esi
1103 2823 1214 2874 «scrinia

123 2902 169 2951 sed
186 2904 293 2951 tentum
305 2900 339 2951 de
351 2901 467 2953 bominis
481 2902 571 2953 insulsi
582 2903 649 2953 lucie
688 2898 759 2949 male
781 2896 953 2962 compilare,»
971 2900 1001 2949 ut
1020 2898 1046 2948 in
1064 2898 1117 2947 Sal.
1136 2899 1164 2957 4,
1182 2896 1212 2958 3,

122 2979 146 3026 in
163 2976 281 3027 modum
302 2976 401 3027 misere
426 2975 564 3027 ridiculum
582 2978 650 3027 assi·
687 2974 728 3023 45.
748 2973 843 3034 lippam
855 2972 1040 3034 paruidsrsest
1052 2970 1137 3023 amala
1149 2984 1214 3037 per-

121 3052 173 3101 duo
200 3049 245 3100 illo
273 3049 344 3100 melo
369 3050 522 3115 deturpata,
550 3050 649 3101 «oculis
689 3048 804 3097 videre».
825 3047 1022 3110 «Lippusenim
1033 3049 1143 3112 putatur
1154 3060 1213 3097 rna·

121 3126 254 3183 humidis,
279 3124 397 3186 rabidis,
421 3125 532 3177 tortasse
551 3139 584 3175 ex
601 3138 648 3177 sua
686 3122 728 3173 lus
745 3123 788 3173 lua
798 3134 886 3172 esse.»
914 3122 1049 3185 Frequens
1060 3124 1151 3172 aulem
1162 3120 1214 3186 lip-

121 3200 185 3249 sede
214 3198 364 3264 propulsis,
392 3201 543 3251 continuato
569 3200 647 3259 lietu,
686 3197 813 3261 pitudinis
824 3196 924 3246 mentio
936 3196 1017 3247 etiam
1028 3196 1100 3261 apud
1112 3198 1214 3247 Aristo-

121 3274 294 3325 carbunculis
307 3276 335 3325 et
351 3272 485 3327 ulceribus
496 3276 541 3324 ani
553 3288 650 3338 super·
686 3272 816 3336 phanem,
835 3274 865 3320 ut
881 3272 946 3321 Rau.
965 3271 1013 3322 4444
1031 3274 1082 3321 cet.
1102 3269 1212 3322 Ridiculi

121 3348 310 3399 crescentibus
332 3351 378 3400 aui
401 3351 474 3401 cavis
494 3351 542 3399 aut
562 3348 650 3399 sordi·
687 3347 779 3397 nescio
796 3345 859 3409 quid
877 3346 903 3395 in
915 3346 968 3395 hoc
979 3346 1075 3395 morbo
1086 3343 1214 3395 videbant

121 3422 197 3483 dis,·
225 3422 365 3487 quomodo
390 3424 462 3473 varia
488 3422 650 3487 lippitudinis
687 3420 796 3482 antiqui,
816 3421 846 3469 ul
862 3420 889 3468 in
907 3417 1009 3468 calvitie
1021 3432 1054 3468 ac
1069 3417 1211 3469 similibus.

121 3511 220 3560 genera
232 3496 364 3547 describit
377 3496 471 3548 Celsus
482 3498 509 3557 6,
526 3498 549 3547 6.
569 3498 650 3549 etiam
690 3522 716 3530 -
729 3493 833 3557 4444444]
852 3493 951 3555 Lepide
969 3491 1099 3555 significat
1113 3491 1213 3553 crispi-

121 3572 171 3621 boc
189 3572 308 3623 docens:
334 3574 364 3635 pt
386 3585 418 3621 ea
438 3571 465 3619 in
481 3571 538 3621 aliis
554 3571 649 3633 brevis,
687 3579 752 3618 uum
764 3564 1213 3617 totascriuialibrorumasecon·

121 3647 146 3695 ia
166 3646 226 3697 aliia
248 3648 327 3711 lorapo
348 3650 372 3695 st
395 3658 460 3707 quaa
475 3646 520 3695 oin
536 3659 651 3707 anquam
687 3644 847 3705 scriptorum
874 3639 952 3705 plena
978 3639 1050 3690 domi
1074 3638 1212 3689 babuisse.

119 3721 234 3782 palatur.
273 3720 390 3770 Calidius
407 3720 498 3769 autem
516 3718 650 3771 Bentloius
688 3718 814 3767 Ceterum
832 3718 939 3779 podiam
956 3715 1113 3764 totanoslra
1128 3713 1213 3763 Satira

121 3796 224 3847 hatum
254 3808 306 3843 uon
336 3791 528 3843 declamatorio
551 3806 649 3857 genere
687 3788 750 3841 nihil
759 3788 830 3840 aliud
839 3790 926 3853 egisse
935 3790 985 3839 nisi
993 3787 1132 3838 utlaiuum
1141 3788 1213 3837 laune

122 3881 198 3919 usus:
218 3867 427 3931 «impudentis»,
447 3868 544 3931 inquit,
563 3868 650 3919 homi·
687 3866 839 3929 Crispinmn
851 3862 978 3914 imitando
993 3861 1125 3922 irrideret,
1142 3874 1213 3925 quaa

122 3942 161 3991 uis
178 3944 206 3992 el
223 3939 311 3992 stolidi
336 3954 398 3992 asse
421 3942 540 4003 videtur,
566 3943 649 3993 immo
685 3938 832 3990 liorstadtii
849 3938 937 4003 opinio
955 3936 1106 4000 estiPropr.
1120 3936 1211 3997 Gmm.

122 4018 258 4067 communi
268 4015 349 4081 plane
362 4028 446 4067 sensu
458 4016 582 4077 carentis,
595 4016 650 4067 Cri·
686 4014 806 4075 Scopam.
824 4012 918 4075 48444),
936 4013 977 4062 vir
988 4011 1158 4063 doctissimus
1169 4011 1212 4059 vix

123 4091 227 4153 spinum
249 4090 285 4141 ob
310 4088 497 4156 lippitudinem
514 4090 647 4151 deridere,
687 4088 813 4151 cuiquam
830 4085 1012 4151 persuadebit.
