2925 4892
276 381 339 448 l96
658 381 788 433 nunniti
805 378 986 432 stiinlnuit

319 541 482 606 lncuteret
501 535 650 603 violento.
694 535 761 604 Sed
782 535 835 602 bio
857 533 948 601 stilus
971 532 1058 600 haud
1080 543 1168 622 petet
1191 533 1273 600 ultro

319 662 524 746 Quemquam
545 657 739 723 animantem
763 665 795 722 et
816 677 868 722 me
891 654 989 722 veluti
1011 655 1172 722 custodiet
1193 656 1281 722 ensis
1324 657 1368 721 to

317 781 438 868 vagina
460 789 579 857 tectus3
603 797 704 865 quem
725 797 784 843 cur
806 774 1008 862 destringere
1032 797 1133 845 coner

317 904 416 968 Tutus
438 899 479 966 ab
501 898 623 965 infestis
646 896 846 964 latronibus?
868 897 897 964 Ο
921 907 1015 984 pater
1036 909 1069 964 et
1090 919 1147 966 rex

317 1023 476 1110 luppiter,
500 1031 535 1085 ut
556 1028 671 1107 pereat
691 1018 832 1106 positum
854 1017 1001 1104 rubigine
1025 1018 1138 1096 telum,

316 1145 383 1209 Nec
404 1143 577 1229 quisquam
599 1149 715 1206 noceat
736 1139 855 1226 cupido
876 1137 954 1205 mihi
976 1139 1081 1226 pacis!
1104 1143 1144 1205 nt
1164 1139 1233 1218 ille,

317 1263 379 1343 Qui
401 1283 453 1328 me
475 1259 840 1336 commorit-melius
864 1281 928 1325 nou
950 1260 1097 1347 tangere!
1121 1259 1239 1340 clamo,
1258 1299 1301 1312 -
1322 1264 1367 1328 45

343 1459 386 1509 ³9.
403 1459 465 1520 petit
483 1459 510 1507 S.
540 1480 568 1493 -
595 1457 637 1508 tt.
663 1457 812 1520 obteinpere
832 1468 859 1520 p,
883 1468 951 1506 corr.
974 1469 998 1506 c.
1023 1459 1050 1507 et
1067 1460 1086 1506 t.
1108 1485 1134 1494 -
1157 1457 1198 1508 ta.
1217 1459 1332 1523 mtipine

309 1533 459 1598 bscp,Lct:
480 1532 593 1596 rctipine
609 1530 755 1592 Bentleius,
779 1531 845 1582 int.
861 1557 889 1566 -
902 1529 943 1580 itt.
962 1532 1110 1582 commorati
1127 1532 1217 1584 Codex
1234 1535 1331 1597 Regius

307 1700 396 1753 asto.
423 1701 473 1750 Seri
487 1701 527 1750 tte
542 1700 613 1750 cira
628 1699 692 1764 cet]
710 1701 800 1763 oppo-
837 1710 904 1761 ques
913 1695 1026 1760 vellicat,
1040 1708 1197 1750 asseverare
1206 1701 1365 1764 neubquam

276 1777 375 1828 amur
383 1775 451 1826 haec
458 1775 551 1825 verbis
562 1776 659 1838 Sequor
669 1775 735 1824 tnnc
746 1775 798 1823 cet.
836 1773 950 1836 poteret.
965 1799 993 1808 -
1012 1775 1174 1838 cantantem]
1197 1787 1257 1837 gen.
1274 1787 1363 1826 masc.

276 1849 369 1914 (vil.)
387 1849 513 1900 «videtur
523 1847 611 1913 lepide
623 1849 700 1912 quasi
713 1851 800 1897 terro-
837 1847 918 1896 etiem
935 1846 1006 1910 apud
1018 1848 1073 1898 Cic.
1087 1847 1152 1898 Tim.
1166 1849 1193 1898 tt
1207 1861 1213 1896 ι
1231 1849 1270 1898 lto
1280 1850 1366 1900 ονῑαι-

274 1937 334 1974 rem
358 1924 490 1973 incutiens
513 1921 673 1973 adversariis
698 1921 800 1984 siguifi—
836 1927 878 1971 tar
894 1921 1045 1983 coenantes,
1070 1934 1132 1983 pecs
1152 1927 1176 1972 et
1194 1923 1263 1972 νλυοε
1284 1923 1366 1972 elath

275 2009 352 2050 casse
369 1996 419 2046 sibi
441 1996 561 2046 animum
581 2009 643 2048 esse
661 1998 755 2045 namra
772 1997 800 2046 et
835 2000 860 2044 et
875 1999 1031 2057 conennrptos
1047 1995 1104 2045 sinu
1119 1996 1254 2058 recipiatis.
1271 2023 1298 2032 -
1315 1997 1364 2046 de·

274 2071 374 2134 origine
386 2069 420 2119 ad
437 2069 623 2133 pugnandum,
643 2070 666 2120 si
677 2082 745 2133 opus
758 2082 800 2119 es-
834 2069 969 2133 strinpere]
996 2083 1046 2120 aex
1071 2071 1166 2134 vagina
1191 2069 1362 2120 extrahere.»

273 2147 329 2204 set,
348 2156 457 2206 semper
473 2145 614 2207 paretnm3
634 2143 732 2206 quippe
751 2154 799 2193 eo·
835 2143 906 2193 Lect.
917 2143 1066 2206 tantopere
1083 2142 1207 2207 praetulit
1226 2143 1363 2194 Heindor-

274 2229 335 2267 rum
351 2231 382 2268 se
399 2230 460 2268 esse
477 2220 648 2280 sauguinem,
672 2219 718 2281 qui
736 2216 798 2268 olim
835 2213 886 2266 lius
903 2215 1050 2279 explicans:
1073 2216 1243 2280 «stringendo
1260 2217 1363 2268 distra-

273 2291 418 2342 Veuusiam
435 2292 510 2342 missi
527 2294 619 2343 esseut
629 2291 664 2342 ad
675 2291 743 2342 lines
757 2304 800 2340 er-
834 2290 913 2340 here:
932 2304 988 2340 aar
1003 2292 1154 2341 einander
1170 2293 1285 2341 sieba-
1304 2291 1362 2342 Sed

273 2367 325 2417 mis
341 2365 468 2418 tutandos
482 2378 654 2430 pugnasque,
672 2367 694 2417 si
705 2378 751 2416 res
762 2367 799 2415 ita
835 2364 882 2414 cir.
902 2363 977 2415 Halm
994 2365 1029 2415 ad
1041 2367 1095 2416 Cic.
1110 2367 1176 2416 sest.
1187 2366 1234 2426 36,
1252 2365 1298 2416 76:
1318 2368 1363 2418 de·

183 2461 189 2473 *
273 2439 369 2500 terret,
397 2439 515 2502 quotidie
538 2440 682 2496 iucundas:
706 2442 749 2490 teet
771 2441 798 2489 in
833 2439 926 2488 strictis
940 2439 1032 2502 pinciis
1048 2445 1072 2491 et
1087 2441 1204 2490 mentia.
1226 2468 1253 2476 -
1274 2441 1361 2504 Tum]

272 2527 307 2564 co
328 2526 436 2578 quoque
456 2515 597 2565 retinuisse
619 2527 724 2566 morem
747 2527 798 2579 pa·
836 2512 916 2562 edum
948 2511 1014 2563 letro
1042 2512 1130 2564 nullm
1159 2527 1203 2564 me
1236 2514 1361 2574 intestat;

272 2590 358 2649 trum,
385 2587 483 2650 quibus
508 2586 671 2652 propulsatio
694 2590 798 2638 mutum
835 2586 1056 2648 cacuminat,
1084 2590 1147 2638 tuuc
1170 2587 1286 2650 gladium
1308 2589 1363 2639 de-

271 2661 389 2713 hostium
399 2661 525 2712 mandata
538 2662 644 2722 inisset,
663 2663 736 2725 quod
749 2675 798 2712 ue·
834 2660 987 2722 stringam.»
1002 2687 1030 2696 -
1044 2661 1064 2709 0
1075 2667 1151 2722 pater
1168 2662 1230 2726 cet]
1250 2662 1303 2712 Cic.
1323 2663 1361 2714 de

271 2737 373 2787 minem
390 2734 589 2799 uinopeteren
607 2734 798 2786 verumlaoes-
834 2735 898 2796 Rep.
924 2733 953 2794 l,
980 2733 1026 2792 36,
1053 2735 1099 2784 56:
1130 2734 1169 2798 (nt
1191 2735 1313 2800 iuppiter)
1337 2742 1362 2788 et

269 2811 345 2861 sltus.
379 2809 444 2859 iude
461 2821 527 2858 saue
544 2821 597 2858 non
613 2810 795 2871 mirumesse,
832 2819 881 2856 rear
897 2811 921 2855 et
937 2812 1015 2867 pater
1034 2807 1168 2860 baberetur
1188 2809 1306 2859 munima.
1328 2836 1359 2848 -

270 2883 294 2932 si
308 2883 351 2942 iis,
370 2895 440 2944 ques
453 2895 468 2930 a
480 2884 574 2932 nature
585 2881 637 2932 sibi
649 2885 797 2933 monstrata
832 2885 862 2929 ut
881 2880 983 2944 pereat]
1009 2880 1098 2932 Simile
1125 2881 1291 2946 aliquatenus
1317 2886 1362 2935 est

271 2958 375 3014 esseut,
389 2954 471 3004 armis
480 2968 510 3004 se
519 2953 686 3016 defenderet,
697 2968 795 3020 nempe
834 2952 987 3005 Callimachi
998 2954 1062 3005 illud
1073 2954 1167 3006 Bloml.
1180 2970 1208 3021 p.
1222 2957 1265 3006 32t
1279 2971 1285 3004 τ
1303 2955 1361 3010 Ζεῦ

270 3027 339 3089 stilo,
349 3027 528 3078 i.e.versibus
537 3027 677 3078 acerbiset
687 3031 795 3078 ameris.
834 3025 931 3096 πάτερ,
944 3023 984 3091 ὥς
992 3026 1139 3089 Χαλύβων
1150 3023 1208 3080 πᾶν
1217 3023 1362 3081 ἀπόλοιτο

269 3103 336 3152 ilinc
357 3098 447 3150 lucem
471 3102 606 3164 accipiunt
628 3103 712 3152 etiem
738 3101 793 3152 illa:
832 3101 924 3167 γένος,
942 3097 1070 3166 bleisa
1081 3097 1254 3154 ἀντέλλοντα
1264 3100 1361 3154 κακὸν

268 3176 386 3225 Laconas
400 3189 436 3224 an
451 3174 545 3236 Apatna
563 3188 668 3237 aiweps,
695 3176 795 3239 quibus
833 3171 927 3237 φυτὸν
952 3173 985 3225 οἵ
1005 3192 1056 3241 μιν
1080 3171 1192 3242 ἔφηναν
1215 3177 1358 3242 (chalybe).

269 3263 323 3300 nou
342 3248 430 3300 solum
450 3262 481 3300 se
498 3250 525 3299 iu
542 3249 685 3312 municipio
702 3252 796 3300 netum
833 3250 870 3299 Ex
887 3263 940 3312 quo
958 3248 1075 3301 Catullus
1091 3251 1140 3310 66,
1158 3250 1208 3302 tt:
1230 3253 1359 3314 luppiter,

269 3323 379 3389 opponit
401 3323 498 3373 Lucilio
515 3323 599 3386 equiti
620 3325 740 3374 Romano
759 3325 797 3386 (ut
831 3329 859 3374 ut
887 3323 1023 3385 Cbalpbam
1051 3337 1123 3374 omne
1149 3338 1227 3388 perus
1249 3330 1360 3387 pereat!

268 3395 399 3450 luvenalis
416 3397 444 3457 6,
458 3397 515 3446 tot.
534 3397 698 3448 venusinam
712 3395 795 3448 nobili
834 3423 861 3433 -
879 3402 969 3448 ncceot
983 3423 998 3433 -
1014 3398 1083 3462 mibi]
1103 3397 1233 3450 «lacesset
1251 3413 1295 3450 me
1313 3401 1362 3452 in-

269 3472 422 3535 Romanae),
441 3470 492 3522 sed
508 3471 561 3522 hoc
577 3484 686 3535 quoque
697 3471 796 3534 signiti-
830 3471 923 3521 iuria.»
944 3495 971 3506 -
984 3471 1043 3535 Nec]
1062 3485 1111 3536 pro
1128 3473 1198 3536 Neu,
1217 3476 1246 3523 ut
1262 3473 1311 3524 Od.
1325 3477 1356 3537 t,

268 3549 324 3598 cat:
343 3547 474 3608 siingenii
486 3559 540 3596 non
551 3547 630 3596 nimis
641 3544 706 3597 lenti
721 3559 793 3607 sum,
831 3545 877 3604 tt,
895 3545 920 3595 2.
941 3571 969 3581 -
988 3546 1127 3611 οοννηονλ]
1149 3549 1358 3612 «commoverit,

268 3620 318 3672 sed
334 3621 398 3670 setis
414 3617 544 3680 bellicosi,
563 3621 672 3670 minime
685 3619 792 3670 mirum.
830 3617 988 3679 lacessierit,
1012 3621 1190 3682 provocarit.»
1218 3623 1281 3671 Aen.
1311 3622 1359 3672 sic

267 3696 336 3745 Nem
359 3697 476 3756 utreque
501 3707 567 3756 gens
596 3695 645 3745 luit
669 3694 737 3744 dura
762 3706 794 3744 ac
830 3694 935 3742 Terent.
952 3692 1033 3743 Andr.
1051 3694 1080 3754 Ξ,
1098 3694 1126 3754 6,
1144 3695 1188 3744 25:
1214 3695 1358 3758 Gmmneei,

267 3766 410 3827 bellicosa,
437 3769 552 3828 perarmet
575 3767 665 3831 Apuli,
695 3768 794 3818 Luceni
831 3779 879 3815 «ex
896 3765 1000 3829 placido
1013 3765 1196 3818 turbulentum
1211 3767 1287 3830 leci»,
1300 3780 1361 3818 me-

267 3839 364 3892 saltem
387 3843 556 3890 venatores.»
591 3842 792 3892 mucusnsrnrn.
831 3841 942 3903 tephora
961 3853 976 3890 a
994 3841 1060 3890 meri
1080 3839 1230 3904 desumpta.
1263 3842 1361 3892 Graeci

270 3913 387 3977 -altrol
400 3915 473 3964 «sine
489 3915 558 3964 iusta
569 3916 598 3964 et
613 3915 686 3976 gravi
702 3928 792 3976 causa
830 3917 934 3976 macta,
956 3914 1057 3976 pipaer.
1087 3912 1146 3963 vid.
1163 3913 1301 3977 wyttenb.
1323 3915 1360 3966 ad

268 3985 371 4041 scilicet
386 3987 582 4051 proptervitie,
601 3987 699 4051 quibus
711 3987 793 4050 stulti,
830 3986 897 4038 Plut.
918 3989 945 4037 S.
966 3989 996 4038 N.
1017 3987 1049 4037 V.
1069 4000 1096 4052 p.
1118 3985 1174 4037 oia.
1195 3988 1224 4037 C.
1243 3989 1360 4049 liutger-

269 4074 338 4126 quos
355 4059 481 4122 derideo,
508 4060 616 4112 obnoxii
637 4063 727 4124 suain
751 4060 795 4112 vel
831 4061 936 4112 sianum
952 4061 1017 4111 illud
1033 4062 1061 4111 et
1077 4061 1155 4112 unius
1173 4060 1279 4112 Codicis
1290 4075 1361 4112 οονι-

270 4134 336 4186 enisi
347 4135 405 4199 ipse
415 4135 489 4199 prius
500 4132 664 4197 lacessitus»,
682 4135 710 4185 id
721 4135 794 4199 quod
830 4137 923 4186 mmdit
948 4135 1056 4186 Horatio
1082 4147 1254 4198 nequaquem
1277 4135 1361 4186 tribui

269 4222 335 4262 saus
362 4207 397 4260 de
425 4207 551 4262 omuibus
578 4207 628 4260 illis
654 4209 792 4274 personis,
830 4211 932 4272 potest,
959 4221 1021 4260 cum
1045 4221 1070 4260 v.
1092 4209 1261 4260 concordare
1283 4222 1360 4262 nuuc
