<?xml version="1.0" encoding="UTF-8"?>
<!DOCTYPE html PUBLIC "-//W3C//DTD XHTML 1.0 Transitional//EN"
    "http://www.w3.org/TR/xhtml1/DTD/xhtml1-transitional.dtd">
<html xmlns="http://www.w3.org/1999/xhtml" xml:lang="en" lang="en">
 <head>
  <title>
</title>
<meta http-equiv="Content-Type" content="text/html;charset=utf-8" />
  <meta name='ocr-system' content='tesseract 3.04.00' />
  <meta name='ocr-capabilities' content='ocr_page ocr_carea ocr_par ocr_line ocrx_word'/>
</head>
<body>
  <div class='ocr_page' id='page_1' title='image "./qhoratiusflaccu03baitgoog/qhoratiusflaccu03baitgoog_0085.png"; bbox 0 0 2925 4892; ppageno 0'>
   <div class='ocr_carea' id='block_1_1' title="bbox 543 336 804 388">
    <p class='ocr_par' dir='ltr' id='par_1_1' title="bbox 543 336 804 388">
     <span class='ocr_line' id='line_1_1' title="bbox 543 336 804 388; baseline -0.008 -3"><span class='ocrx_word' id='word_1_1' title='bbox 543 336 601 385; x_wconf 79' lang='lat' dir='ltr'>l.lB.</span> <span class='ocrx_word' id='word_1_2' title='bbox 621 338 639 386; x_wconf 94' lang='lat' dir='ltr'>l.</span> <span class='ocrx_word' id='word_1_3' title='bbox 675 336 743 387; x_wconf 78' lang='lat' dir='ltr'>Sdl&#39;.</span> <span class='ocrx_word' id='word_1_4' title='bbox 762 336 804 388; x_wconf 85' lang='lat' dir='ltr'>tv.</span> 
     </span>
    </p>
   </div>
   <div class='ocr_carea' id='block_1_2' title="bbox 526 714 831 777">
    <p class='ocr_par' dir='ltr' id='par_1_2' title="bbox 526 714 831 777">
     <span class='ocr_line' id='line_1_2' title="bbox 526 714 831 777; baseline 0 -2"><span class='ocrx_word' id='word_1_5' title='bbox 526 714 737 777; x_wconf 65' lang='grc' dir='ltr'>ΒΑΜ</span> <span class='ocrx_word' id='word_1_6' title='bbox 755 714 831 776; x_wconf 77' lang='grc' dir='ltr'>Π.</span> 
     </span>
    </p>
   </div>
   <div class='ocr_carea' id='block_1_3' title="bbox 170 852 1109 1065">
    <p class='ocr_par' dir='ltr' id='par_1_3' title="bbox 170 852 1109 1065">
     <span class='ocr_line' id='line_1_3' title="bbox 170 852 1064 944; baseline 0.001 -21"><span class='ocrx_word' id='word_1_7' title='bbox 170 856 306 944; x_wconf 84' lang='lat' dir='ltr'>Eupolis</span> <span class='ocrx_word' id='word_1_8' title='bbox 331 866 430 941; x_wconf 85' lang='lat' dir='ltr'>atquc</span> <span class='ocrx_word' id='word_1_9' title='bbox 455 852 604 923; x_wconf 78' lang='lat' dir='ltr'><strong>Cratinus</strong></span> <span class='ocrx_word' id='word_1_10' title='bbox 626 854 925 943; x_wconf 76' lang='lat' dir='ltr'><strong>Aristophanesque</strong></span> <span class='ocrx_word' id='word_1_11' title='bbox 947 866 1064 944; x_wconf 66' lang='lat' dir='ltr'>potitam</span> 
     </span>
     <span class='ocr_line' id='line_1_4' title="bbox 170 976 1109 1065; baseline 0 -20"><span class='ocrx_word' id='word_1_12' title='bbox 170 982 276 1065; x_wconf 86' lang='lat' dir='ltr'>Atque</span> <span class='ocrx_word' id='word_1_13' title='bbox 300 976 371 1048; x_wconf 86' lang='lat' dir='ltr'>alii,</span> <span class='ocrx_word' id='word_1_14' title='bbox 396 996 535 1063; x_wconf 90' lang='lat' dir='ltr'>quorum</span> <span class='ocrx_word' id='word_1_15' title='bbox 558 976 727 1041; x_wconf 79' lang='lat' dir='ltr'>comoedia</span> <span class='ocrx_word' id='word_1_16' title='bbox 750 976 857 1063; x_wconf 86' lang='lat' dir='ltr'>prisca</span> <span class='ocrx_word' id='word_1_17' title='bbox 880 978 1022 1045; x_wconf 80' lang='lat' dir='ltr'>virorum</span> <span class='ocrx_word' id='word_1_18' title='bbox 1044 992 1109 1054; x_wconf 86' lang='lat' dir='ltr'>est,</span> 
     </span>
    </p>
   </div>
   <div class='ocr_carea' id='block_1_4' title="bbox 125 1154 1226 4264">
    <p class='ocr_par' dir='ltr' id='par_1_4' title="bbox 125 1154 1226 4264">
     <span class='ocr_line' id='line_1_5' title="bbox 160 1154 1224 1224; baseline 0.004 -17"><span class='ocrx_word' id='word_1_19' title='bbox 160 1158 203 1207; x_wconf 79' lang='lat' dir='ltr'>iv.</span> <span class='ocrx_word' id='word_1_20' title='bbox 228 1156 368 1218; x_wconf 81' lang='lat' dir='ltr'>Octoginta</span> <span class='ocrx_word' id='word_1_21' title='bbox 391 1156 498 1204; x_wconf 79' lang='lat' dir='ltr'>circiter</span> <span class='ocrx_word' id='word_1_22' title='bbox 518 1156 579 1203; x_wconf 89' lang='lat' dir='ltr'>ante</span> <span class='ocrx_word' id='word_1_23' title='bbox 604 1154 658 1203; x_wconf 91' lang='lat' dir='ltr'>iio·</span> <span class='ocrx_word' id='word_1_24' title='bbox 697 1156 778 1205; x_wconf 84' lang='lat' dir='ltr'>tivam</span> <span class='ocrx_word' id='word_1_25' title='bbox 801 1158 957 1208; x_wconf 83' lang='lat' dir='ltr'>iloratisnae</span> <span class='ocrx_word' id='word_1_26' title='bbox 980 1160 1076 1209; x_wconf 84' lang='lat' dir='ltr'>satirae</span> <span class='ocrx_word' id='word_1_27' title='bbox 1095 1160 1224 1224; x_wconf 84' lang='lat' dir='ltr'>simplici-</span> 
     </span>
     <span class='ocr_line' id='line_1_6' title="bbox 126 1226 1224 1297; baseline 0 -14"><span class='ocrx_word' id='word_1_28' title='bbox 126 1236 226 1283; x_wconf 82' lang='lat' dir='ltr'>retium</span> <span class='ocrx_word' id='word_1_29' title='bbox 255 1232 334 1281; x_wconf 85' lang='lat' dir='ltr'>annis</span> <span class='ocrx_word' id='word_1_30' title='bbox 363 1228 477 1279; x_wconf 80' lang='lat' dir='ltr'>Lucilius</span> <span class='ocrx_word' id='word_1_31' title='bbox 506 1230 589 1278; x_wconf 83' lang='lat' dir='ltr'>veteri</span> <span class='ocrx_word' id='word_1_32' title='bbox 624 1226 658 1277; x_wconf 92' lang='lat' dir='ltr'>illi</span> <span class='ocrx_word' id='word_1_33' title='bbox 698 1232 780 1281; x_wconf 87' lang='lat' dir='ltr'>tatem</span> <span class='ocrx_word' id='word_1_34' title='bbox 805 1233 832 1281; x_wconf 86' lang='lat' dir='ltr'>et</span> <span class='ocrx_word' id='word_1_35' title='bbox 857 1235 960 1295; x_wconf 65' lang='grc' dir='ltr'><em>ςιιιιιιιιι</em></span> <span class='ocrx_word' id='word_1_36' title='bbox 985 1235 1119 1285; x_wconf 83' lang='lat' dir='ltr'>sernronis</span> <span class='ocrx_word' id='word_1_37' title='bbox 1141 1234 1224 1297; x_wconf 73' lang='lat' dir='ltr'>negli-</span> 
     </span>
     <span class='ocr_line' id='line_1_7' title="bbox 127 1304 1224 1370; baseline 0.002 -14"><span class='ocrx_word' id='word_1_38' title='bbox 127 1308 203 1357; x_wconf 83' lang='lat' dir='ltr'>Ennii</span> <span class='ocrx_word' id='word_1_39' title='bbox 221 1307 321 1355; x_wconf 79' lang='lat' dir='ltr'>satirae</span> <span class='ocrx_word' id='word_1_40' title='bbox 343 1304 457 1353; x_wconf 79' lang='lat' dir='ltr'>formam</span> <span class='ocrx_word' id='word_1_41' title='bbox 481 1314 590 1367; x_wconf 87' lang='lat' dir='ltr'>prorsus</span> <span class='ocrx_word' id='word_1_42' title='bbox 610 1314 659 1350; x_wconf 90' lang='lat' dir='ltr'>no-</span> <span class='ocrx_word' id='word_1_43' title='bbox 697 1308 811 1367; x_wconf 80' lang='lat' dir='ltr'>gentiam</span> <span class='ocrx_word' id='word_1_44' title='bbox 835 1320 900 1370; x_wconf 85' lang='lat' dir='ltr'>pree</span> <span class='ocrx_word' id='word_1_45' title='bbox 922 1305 962 1357; x_wconf 84' lang='lat' dir='ltr'>ills</span> <span class='ocrx_word' id='word_1_46' title='bbox 980 1309 1065 1370; x_wconf 79' lang='lat' dir='ltr'>magis</span> <span class='ocrx_word' id='word_1_47' title='bbox 1081 1310 1224 1359; x_wconf 81' lang='lat' dir='ltr'>ertidciose</span> 
     </span>
     <span class='ocr_line' id='line_1_8' title="bbox 126 1377 1224 1445; baseline 0.004 -18"><span class='ocrx_word' id='word_1_48' title='bbox 126 1393 190 1430; x_wconf 77' lang='lat' dir='ltr'>eam</span> <span class='ocrx_word' id='word_1_49' title='bbox 208 1379 336 1437; x_wconf 84' lang='lat' dir='ltr'>dederat,</span> <span class='ocrx_word' id='word_1_50' title='bbox 356 1390 418 1427; x_wconf 90' lang='lat' dir='ltr'>cum</span> <span class='ocrx_word' id='word_1_51' title='bbox 435 1390 501 1427; x_wconf 84' lang='lat' dir='ltr'>sose</span> <span class='ocrx_word' id='word_1_52' title='bbox 513 1378 606 1425; x_wconf 84' lang='lat' dir='ltr'>aetatis</span> <span class='ocrx_word' id='word_1_53' title='bbox 618 1377 658 1424; x_wconf 81' lang='lat' dir='ltr'>ri·</span> <span class='ocrx_word' id='word_1_54' title='bbox 697 1383 846 1431; x_wconf 78' lang='lat' dir='ltr'>carminum</span> <span class='ocrx_word' id='word_1_55' title='bbox 885 1384 1088 1445; x_wconf 76' lang='lat' dir='ltr'>peragendorum</span> <span class='ocrx_word' id='word_1_56' title='bbox 1121 1386 1224 1434; x_wconf 76' lang='lat' dir='ltr'>ratione</span> 
     </span>
     <span class='ocr_line' id='line_1_9' title="bbox 125 1450 1223 1522; baseline 0.005 -19"><span class='ocrx_word' id='word_1_57' title='bbox 125 1458 183 1503; x_wconf 83' lang='grc' dir='ltr'><em>ιιιιιι</em></span> <span class='ocrx_word' id='word_1_58' title='bbox 209 1464 356 1514; x_wconf 82' lang='lat' dir='ltr'>moresque</span> <span class='ocrx_word' id='word_1_59' title='bbox 384 1451 454 1501; x_wconf 81' lang='lat' dir='ltr'>salse</span> <span class='ocrx_word' id='word_1_60' title='bbox 482 1450 657 1500; x_wconf 69' lang='lat' dir='ltr'>describeret·</span> <span class='ocrx_word' id='word_1_61' title='bbox 698 1456 840 1507; x_wconf 81' lang='lat' dir='ltr'>fastiditam</span> <span class='ocrx_word' id='word_1_62' title='bbox 866 1470 945 1513; x_wconf 88' lang='lat' dir='ltr'>csse.</span> <span class='ocrx_word' id='word_1_63' title='bbox 972 1456 1007 1507; x_wconf 83' lang='lat' dir='ltr'>ab</span> <span class='ocrx_word' id='word_1_64' title='bbox 1033 1456 1089 1507; x_wconf 88' lang='lat' dir='ltr'>aliis</span> <span class='ocrx_word' id='word_1_65' title='bbox 1115 1463 1223 1522; x_wconf 70' lang='lat' dir='ltr'>poetam</span> 
     </span>
     <span class='ocr_line' id='line_1_10' title="bbox 126 1526 1224 1591; baseline 0.002 -11"><span class='ocrx_word' id='word_1_66' title='bbox 126 1532 221 1591; x_wconf 75' lang='lat' dir='ltr'>seque</span> <span class='ocrx_word' id='word_1_67' title='bbox 246 1527 331 1577; x_wconf 90' lang='lat' dir='ltr'>ullum</span> <span class='ocrx_word' id='word_1_68' title='bbox 350 1526 570 1591; x_wconf 77' lang='lat' dir='ltr'>impedimentum</span> <span class='ocrx_word' id='word_1_69' title='bbox 587 1526 658 1575; x_wconf 84' lang='lat' dir='ltr'>diviti</span> <span class='ocrx_word' id='word_1_70' title='bbox 697 1531 726 1580; x_wconf 92' lang='lat' dir='ltr'>ut</span> <span class='ocrx_word' id='word_1_71' title='bbox 743 1531 887 1584; x_wconf 86' lang='lat' dir='ltr'>acerbum.</span> <span class='ocrx_word' id='word_1_72' title='bbox 914 1529 1035 1585; x_wconf 84' lang='lat' dir='ltr'>lividum.</span> <span class='ocrx_word' id='word_1_73' title='bbox 1063 1532 1224 1583; x_wconf 86' lang='lat' dir='ltr'>malitiosum</span> 
     </span>
     <span class='ocr_line' id='line_1_11' title="bbox 126 1601 1224 1669; baseline -0.006 -10"><span class='ocrx_word' id='word_1_74' title='bbox 126 1618 215 1653; x_wconf 71' lang='lat' dir='ltr'>ventu</span> <span class='ocrx_word' id='word_1_75' title='bbox 233 1606 262 1653; x_wconf 78' lang='lat' dir='ltr'>et</span> <span class='ocrx_word' id='word_1_76' title='bbox 279 1601 381 1653; x_wconf 72' lang='lat' dir='ltr'>utilibus</span> <span class='ocrx_word' id='word_1_77' title='bbox 402 1603 460 1653; x_wconf 70' lang='lat' dir='ltr'>elus</span> <span class='ocrx_word' id='word_1_78' title='bbox 483 1601 585 1659; x_wconf 68' lang='grc' dir='ltr'><strong>04444ΰί4.</strong></span> <span class='ocrx_word' id='word_1_79' title='bbox 609 1601 659 1651; x_wconf 81' lang='lat' dir='ltr'>llo·</span> <span class='ocrx_word' id='word_1_80' title='bbox 697 1618 759 1655; x_wconf 88' lang='lat' dir='ltr'>esse</span> <span class='ocrx_word' id='word_1_81' title='bbox 776 1606 965 1669; x_wconf 86' lang='lat' dir='ltr'>vituperatum.</span> <span class='ocrx_word' id='word_1_82' title='bbox 1001 1607 1057 1654; x_wconf 85' lang='lat' dir='ltr'>lam</span> <span class='ocrx_word' id='word_1_83' title='bbox 1071 1608 1224 1656; x_wconf 79' lang='lat' dir='ltr'>contraires</span> 
     </span>
     <span class='ocr_line' id='line_1_12' title="bbox 125 1675 1224 1743; baseline 0 -14"><span class='ocrx_word' id='word_1_84' title='bbox 125 1682 204 1729; x_wconf 87' lang='lat' dir='ltr'>rente</span> <span class='ocrx_word' id='word_1_85' title='bbox 221 1676 345 1743; x_wconf 86' lang='lat' dir='ltr'>populari</span> <span class='ocrx_word' id='word_1_86' title='bbox 364 1678 403 1727; x_wconf 91' lang='lat' dir='ltr'>rei</span> <span class='ocrx_word' id='word_1_87' title='bbox 415 1675 538 1740; x_wconf 84' lang='lat' dir='ltr'>publicae</span> <span class='ocrx_word' id='word_1_88' title='bbox 551 1678 620 1726; x_wconf 84' lang='lat' dir='ltr'>statu</span> <span class='ocrx_word' id='word_1_89' title='bbox 633 1678 660 1724; x_wconf 90' lang='lat' dir='ltr'>et</span> <span class='ocrx_word' id='word_1_90' title='bbox 696 1681 819 1729; x_wconf 86' lang='lat' dir='ltr'>sinistros</span> <span class='ocrx_word' id='word_1_91' title='bbox 837 1692 961 1729; x_wconf 85' lang='lat' dir='ltr'>rumores</span> <span class='ocrx_word' id='word_1_92' title='bbox 978 1682 1006 1729; x_wconf 84' lang='lat' dir='ltr'>et</span> <span class='ocrx_word' id='word_1_93' title='bbox 1025 1693 1107 1742; x_wconf 84' lang='lat' dir='ltr'>prava</span> <span class='ocrx_word' id='word_1_94' title='bbox 1127 1682 1224 1730; x_wconf 84' lang='lat' dir='ltr'>iudicia</span> 
     </span>
     <span class='ocr_line' id='line_1_13' title="bbox 126 1750 1224 1815; baseline 0 -11"><span class='ocrx_word' id='word_1_95' title='bbox 126 1766 234 1805; x_wconf 84' lang='lat' dir='ltr'>summa</span> <span class='ocrx_word' id='word_1_96' title='bbox 264 1750 392 1815; x_wconf 86' lang='lat' dir='ltr'>loquendi</span> <span class='ocrx_word' id='word_1_97' title='bbox 416 1750 605 1814; x_wconf 83' lang='lat' dir='ltr'>scribendique</span> <span class='ocrx_word' id='word_1_98' title='bbox 628 1750 658 1799; x_wconf 91' lang='lat' dir='ltr'>li·</span> <span class='ocrx_word' id='word_1_99' title='bbox 697 1757 726 1804; x_wconf 93' lang='lat' dir='ltr'>ut</span> <span class='ocrx_word' id='word_1_100' title='bbox 754 1766 784 1804; x_wconf 90' lang='lat' dir='ltr'>se</span> <span class='ocrx_word' id='word_1_101' title='bbox 812 1752 987 1813; x_wconf 83' lang='lat' dir='ltr'>detenderet,</span> <span class='ocrx_word' id='word_1_102' title='bbox 1018 1754 1088 1804; x_wconf 81' lang='lat' dir='ltr'>hane</span> <span class='ocrx_word' id='word_1_103' title='bbox 1115 1756 1224 1804; x_wconf 85' lang='lat' dir='ltr'>satiram</span> 
     </span>
     <span class='ocr_line' id='line_1_14' title="bbox 127 1826 1225 1893; baseline -0.002 -15"><span class='ocrx_word' id='word_1_104' title='bbox 127 1828 234 1878; x_wconf 82' lang='lat' dir='ltr'>bertate</span> <span class='ocrx_word' id='word_1_105' title='bbox 259 1840 399 1877; x_wconf 85' lang='lat' dir='ltr'>concessa.</span> <span class='ocrx_word' id='word_1_106' title='bbox 435 1826 489 1877; x_wconf 81' lang='lat' dir='ltr'>Etsi</span> <span class='ocrx_word' id='word_1_107' title='bbox 514 1826 592 1889; x_wconf 84' lang='lat' dir='ltr'>igitur</span> <span class='ocrx_word' id='word_1_108' title='bbox 610 1838 659 1875; x_wconf 88' lang='lat' dir='ltr'>en·</span> <span class='ocrx_word' id='word_1_109' title='bbox 697 1828 864 1893; x_wconf 87' lang='lat' dir='ltr'>conscripsit.</span> <span class='ocrx_word' id='word_1_110' title='bbox 902 1830 1011 1892; x_wconf 75' lang='lat' dir='ltr'>(Scripta</span> <span class='ocrx_word' id='word_1_111' title='bbox 1033 1829 1139 1878; x_wconf 84' lang='lat' dir='ltr'>videtur</span> <span class='ocrx_word' id='word_1_112' title='bbox 1159 1830 1225 1878; x_wconf 80' lang='lat' dir='ltr'>We-</span> 
     </span>
     <span class='ocr_line' id='line_1_15' title="bbox 126 1901 1226 1965; baseline 0.002 -14"><span class='ocrx_word' id='word_1_113' title='bbox 126 1905 218 1965; x_wconf 87' lang='lat' dir='ltr'>iiqnee</span> <span class='ocrx_word' id='word_1_114' title='bbox 237 1901 397 1951; x_wconf 85' lang='lat' dir='ltr'>comoediae</span> <span class='ocrx_word' id='word_1_115' title='bbox 417 1904 518 1951; x_wconf 84' lang='lat' dir='ltr'>Atticae</span> <span class='ocrx_word' id='word_1_116' title='bbox 536 1902 659 1951; x_wconf 79' lang='lat' dir='ltr'>auctores</span> <span class='ocrx_word' id='word_1_117' title='bbox 697 1902 882 1962; x_wconf 68' lang='lat' dir='ltr'>horonitis,</span> <span class='ocrx_word' id='word_1_118' title='bbox 902 1903 1013 1952; x_wconf 82' lang='lat' dir='ltr'>Frenkio</span> <span class='ocrx_word' id='word_1_119' title='bbox 1028 1916 1081 1952; x_wconf 89' lang='lat' dir='ltr'>non</span> <span class='ocrx_word' id='word_1_120' title='bbox 1095 1905 1130 1952; x_wconf 89' lang='lat' dir='ltr'>ite</span> <span class='ocrx_word' id='word_1_121' title='bbox 1142 1902 1226 1953; x_wconf 90' lang='lat' dir='ltr'>multo</span> 
     </span>
     <span class='ocr_line' id='line_1_16' title="bbox 125 1975 1225 2041; baseline 0 -15"><span class='ocrx_word' id='word_1_122' title='bbox 125 1975 280 2026; x_wconf 81' lang='lat' dir='ltr'>aemulatus</span> <span class='ocrx_word' id='word_1_123' title='bbox 310 1976 408 2025; x_wconf 89' lang='lat' dir='ltr'>nemini</span> <span class='ocrx_word' id='word_1_124' title='bbox 437 1988 471 2025; x_wconf 89' lang='lat' dir='ltr'>ne</span> <span class='ocrx_word' id='word_1_125' title='bbox 494 1975 658 2039; x_wconf 83' lang='lat' dir='ltr'>principibus</span> <span class='ocrx_word' id='word_1_126' title='bbox 697 1978 759 2041; x_wconf 88' lang='lat' dir='ltr'>post</span> <span class='ocrx_word' id='word_1_127' title='bbox 783 1976 889 2025; x_wconf 85' lang='lat' dir='ltr'>tertiam</span> <span class='ocrx_word' id='word_1_128' title='bbox 913 1990 937 2025; x_wconf 90' lang='grc' dir='ltr'>ιι.</span> <span class='ocrx_word' id='word_1_129' title='bbox 961 1978 1030 2033; x_wconf 84' lang='grc'><strong>746.,</strong></span> <span class='ocrx_word' id='word_1_130' title='bbox 1055 1977 1225 2028; x_wconf 81' lang='lat' dir='ltr'>Groteiendio</span> 
     </span>
     <span class='ocr_line' id='line_1_17' title="bbox 126 2050 1226 2114; baseline 0.002 -15"><span class='ocrx_word' id='word_1_131' title='bbox 126 2050 239 2114; x_wconf 80' lang='lat' dir='ltr'>quidem</span> <span class='ocrx_word' id='word_1_132' title='bbox 265 2051 290 2099; x_wconf 89' lang='lat' dir='ltr'>in</span> <span class='ocrx_word' id='word_1_133' title='bbox 309 2051 415 2099; x_wconf 84' lang='lat' dir='ltr'>civitate</span> <span class='ocrx_word' id='word_1_134' title='bbox 432 2050 494 2099; x_wconf 85' lang='lat' dir='ltr'>viris</span> <span class='ocrx_word' id='word_1_135' title='bbox 516 2050 657 2113; x_wconf 78' lang='lat' dir='ltr'>parcebat,</span> <span class='ocrx_word' id='word_1_136' title='bbox 697 2064 721 2101; x_wconf 88' lang='lat' dir='ltr'>a.</span> <span class='ocrx_word' id='word_1_137' title='bbox 746 2050 816 2108; x_wconf 69' lang='grc'><strong>444,</strong></span> <span class='ocrx_word' id='word_1_138' title='bbox 840 2050 985 2100; x_wconf 85' lang='lat' dir='ltr'>itircirnero</span> <span class='ocrx_word' id='word_1_139' title='bbox 1008 2064 1032 2100; x_wconf 89' lang='lat' dir='ltr'>o.</span> <span class='ocrx_word' id='word_1_140' title='bbox 1058 2052 1127 2112; x_wconf 64' lang='lat'>722„</span> <span class='ocrx_word' id='word_1_141' title='bbox 1152 2052 1226 2101; x_wconf 88' lang='lat' dir='ltr'>Wal-</span> 
     </span>
     <span class='ocr_line' id='line_1_18' title="bbox 127 2124 969 2187; baseline -0.002 -11"><span class='ocrx_word' id='word_1_142' title='bbox 127 2130 218 2176; x_wconf 77' lang='lat' dir='ltr'>ismen</span> <span class='ocrx_word' id='word_1_143' title='bbox 238 2138 329 2187; x_wconf 78' lang='lat' dir='ltr'>nequo</span> <span class='ocrx_word' id='word_1_144' title='bbox 344 2124 414 2187; x_wconf 85' lang='lat' dir='ltr'>apud</span> <span class='ocrx_word' id='word_1_145' title='bbox 433 2125 505 2174; x_wconf 86' lang='lat' dir='ltr'>cives</span> <span class='ocrx_word' id='word_1_146' title='bbox 517 2136 580 2173; x_wconf 88' lang='lat' dir='ltr'>suos</span> <span class='ocrx_word' id='word_1_147' title='bbox 593 2125 659 2173; x_wconf 88' lang='lat' dir='ltr'>invi·</span> <span class='ocrx_word' id='word_1_148' title='bbox 698 2125 840 2175; x_wconf 81' lang='lat' dir='ltr'>cirenaerio</span> <span class='ocrx_word' id='word_1_149' title='bbox 857 2138 881 2173; x_wconf 87' lang='lat' dir='ltr'>s.</span> <span class='ocrx_word' id='word_1_150' title='bbox 901 2125 969 2187; x_wconf 74' lang='grc'><strong>744.)</strong></span> 
     </span>
     <span class='ocr_line' id='line_1_19' title="bbox 126 2196 1223 2262; baseline 0 -13"><span class='ocrx_word' id='word_1_151' title='bbox 126 2200 198 2249; x_wconf 80' lang='lat' dir='ltr'>diam</span> <span class='ocrx_word' id='word_1_152' title='bbox 221 2199 274 2249; x_wconf 85' lang='lat' dir='ltr'>sibi</span> <span class='ocrx_word' id='word_1_153' title='bbox 292 2198 433 2257; x_wconf 86' lang='lat' dir='ltr'>conflavit,</span> <span class='ocrx_word' id='word_1_154' title='bbox 461 2210 510 2247; x_wconf 87' lang='lat' dir='ltr'>nec</span> <span class='ocrx_word' id='word_1_155' title='bbox 531 2196 659 2247; x_wconf 87' lang='lat' dir='ltr'>nobilium</span> <span class='ocrx_word' id='word_1_156' title='bbox 731 2200 786 2249; x_wconf 82' lang='lat' dir='ltr'>i-s.</span> <span class='ocrx_word' id='word_1_157' title='bbox 805 2199 908 2261; x_wconf 81' lang='lat' dir='ltr'>Eupolis</span> <span class='ocrx_word' id='word_1_158' title='bbox 924 2199 987 2262; x_wconf 85' lang='lat' dir='ltr'>cet]</span> <span class='ocrx_word' id='word_1_159' title='bbox 1004 2197 1110 2258; x_wconf 81' lang='lat' dir='ltr'>Quintil.</span> <span class='ocrx_word' id='word_1_160' title='bbox 1130 2200 1175 2255; x_wconf 81' lang='lat' dir='ltr'>ro,</span> <span class='ocrx_word' id='word_1_161' title='bbox 1195 2201 1223 2260; x_wconf 98' lang='grc'>4,</span> 
     </span>
     <span class='ocr_line' id='line_1_20' title="bbox 126 2271 1224 2336; baseline -0.001 -13"><span class='ocrx_word' id='word_1_162' title='bbox 126 2276 279 2325; x_wconf 82' lang='lat' dir='ltr'>amicorum</span> <span class='ocrx_word' id='word_1_163' title='bbox 303 2273 415 2334; x_wconf 79' lang='lat' dir='ltr'>gratiam</span> <span class='ocrx_word' id='word_1_164' title='bbox 439 2271 562 2335; x_wconf 83' lang='lat' dir='ltr'>perdidit.</span> <span class='ocrx_word' id='word_1_165' title='bbox 596 2272 657 2335; x_wconf 85' lang='lat' dir='ltr'>(Cir.</span> <span class='ocrx_word' id='word_1_166' title='bbox 697 2274 744 2323; x_wconf 72' lang='grc' dir='ltr'>ὅδε</span> <span class='ocrx_word' id='word_1_167' title='bbox 771 2274 882 2333; x_wconf 76' lang='lat' dir='ltr'>Antiqua</span> <span class='ocrx_word' id='word_1_168' title='bbox 906 2274 1224 2336; x_wconf 74' lang='lat' dir='ltr'>emnoedia--sneundis-</span> 
     </span>
     <span class='ocr_line' id='line_1_21' title="bbox 128 2345 1225 2407; baseline 0.002 -12"><span class='ocrx_word' id='word_1_169' title='bbox 128 2348 180 2397; x_wconf 81' lang='lat' dir='ltr'>Sat.</span> <span class='ocrx_word' id='word_1_170' title='bbox 193 2350 225 2404; x_wconf 70' lang='grc' dir='ltr'>Ξ,</span> <span class='ocrx_word' id='word_1_171' title='bbox 247 2349 275 2403; x_wconf 91' lang='grc'>4,</span> <span class='ocrx_word' id='word_1_172' title='bbox 290 2348 342 2407; x_wconf 76' lang='grc'><strong>64.)</strong></span> <span class='ocrx_word' id='word_1_173' title='bbox 363 2349 426 2397; x_wconf 83' lang='lat' dir='ltr'>Post</span> <span class='ocrx_word' id='word_1_174' title='bbox 437 2345 567 2396; x_wconf 90' lang='lat' dir='ltr'>Lucilium</span> <span class='ocrx_word' id='word_1_175' title='bbox 579 2358 658 2396; x_wconf 86' lang='lat' dir='ltr'>uerno</span> <span class='ocrx_word' id='word_1_176' title='bbox 697 2348 777 2398; x_wconf 84' lang='lat' dir='ltr'>simne</span> <span class='ocrx_word' id='word_1_177' title='bbox 798 2348 934 2407; x_wconf 75' lang='lat' dir='ltr'>libertatis,</span> <span class='ocrx_word' id='word_1_178' title='bbox 953 2374 968 2383; x_wconf 93' lang='lat'>-</span> <span class='ocrx_word' id='word_1_179' title='bbox 984 2375 999 2385; x_wconf 90' lang='lat'><em>-</em></span> <span class='ocrx_word' id='word_1_180' title='bbox 1014 2348 1165 2397; x_wconf 72' lang='lat' dir='ltr'>insectandis</span> <span class='ocrx_word' id='word_1_181' title='bbox 1184 2350 1225 2397; x_wconf 85' lang='lat' dir='ltr'>ai-</span> 
     </span>
     <span class='ocr_line' id='line_1_22' title="bbox 128 2418 1224 2484; baseline 0.002 -14"><span class='ocrx_word' id='word_1_182' title='bbox 128 2424 151 2471; x_wconf 84' lang='grc' dir='ltr'>ιιι</span> <span class='ocrx_word' id='word_1_183' title='bbox 169 2422 223 2471; x_wconf 85' lang='lat' dir='ltr'>hoc</span> <span class='ocrx_word' id='word_1_184' title='bbox 241 2434 344 2483; x_wconf 80' lang='lat' dir='ltr'>genere</span> <span class='ocrx_word' id='word_1_185' title='bbox 362 2433 423 2471; x_wconf 91' lang='lat' dir='ltr'>cum</span> <span class='ocrx_word' id='word_1_186' title='bbox 443 2418 521 2469; x_wconf 87' lang='lat' dir='ltr'>laude</span> <span class='ocrx_word' id='word_1_187' title='bbox 541 2419 661 2471; x_wconf 85' lang='lat' dir='ltr'>elabora·</span> <span class='ocrx_word' id='word_1_188' title='bbox 697 2424 738 2472; x_wconf 84' lang='lat' dir='ltr'>tiis</span> <span class='ocrx_word' id='word_1_189' title='bbox 758 2423 908 2484; x_wconf 84' lang='lat' dir='ltr'>praecipua.</span> <span class='ocrx_word' id='word_1_190' title='bbox 927 2448 942 2458; x_wconf 93' lang='lat'>-</span> <span class='ocrx_word' id='word_1_191' title='bbox 958 2448 972 2458; x_wconf 91' lang='lat'>-</span> <span class='ocrx_word' id='word_1_192' title='bbox 989 2423 1075 2472; x_wconf 80' lang='lat' dir='ltr'>Plures</span> <span class='ocrx_word' id='word_1_193' title='bbox 1097 2424 1150 2472; x_wconf 87' lang='lat' dir='ltr'>eius</span> <span class='ocrx_word' id='word_1_194' title='bbox 1174 2436 1224 2472; x_wconf 89' lang='lat' dir='ltr'>au-</span> 
     </span>
     <span class='ocr_line' id='line_1_23' title="bbox 129 2494 1223 2559; baseline 0.003 -16"><span class='ocrx_word' id='word_1_195' title='bbox 129 2497 177 2551; x_wconf 78' lang='lat' dir='ltr'>rit,</span> <span class='ocrx_word' id='word_1_196' title='bbox 199 2496 301 2545; x_wconf 80' lang='lat' dir='ltr'>trustra</span> <span class='ocrx_word' id='word_1_197' title='bbox 321 2494 346 2544; x_wconf 93' lang='lat' dir='ltr'>id</span> <span class='ocrx_word' id='word_1_198' title='bbox 365 2496 475 2558; x_wconf 85' lang='lat' dir='ltr'>experto</span> <span class='ocrx_word' id='word_1_199' title='bbox 493 2496 521 2544; x_wconf 89' lang='lat' dir='ltr'>P.</span> <span class='ocrx_word' id='word_1_200' title='bbox 535 2494 659 2544; x_wconf 86' lang='lat' dir='ltr'>Terentio</span> <span class='ocrx_word' id='word_1_201' title='bbox 696 2502 791 2547; x_wconf 87' lang='lat' dir='ltr'>ctores:</span> <span class='ocrx_word' id='word_1_202' title='bbox 817 2498 993 2559; x_wconf 74' lang='lat' dir='ltr'>Aristophanes</span> <span class='ocrx_word' id='word_1_203' title='bbox 1015 2501 1097 2545; x_wconf 89' lang='lat' dir='ltr'>tamen</span> <span class='ocrx_word' id='word_1_204' title='bbox 1121 2504 1144 2547; x_wconf 89' lang='lat' dir='ltr'>et</span> <span class='ocrx_word' id='word_1_205' title='bbox 1169 2500 1223 2546; x_wconf 78' lang='grc' dir='ltr'><em>Ειι-</em></span> 
     </span>
     <span class='ocr_line' id='line_1_24' title="bbox 130 2567 1224 2633; baseline 0.005 -18"><span class='ocrx_word' id='word_1_206' title='bbox 130 2570 248 2619; x_wconf 78' lang='lat' dir='ltr'>i&#39;arrone</span> <span class='ocrx_word' id='word_1_207' title='bbox 267 2570 378 2619; x_wconf 82' lang='lat' dir='ltr'>Atacino</span> <span class='ocrx_word' id='word_1_208' title='bbox 396 2570 457 2629; x_wconf 73' lang='lat' dir='ltr'>(Set.</span> <span class='ocrx_word' id='word_1_209' title='bbox 477 2569 504 2627; x_wconf 86' lang='grc'>4,</span> <span class='ocrx_word' id='word_1_210' title='bbox 528 2569 572 2627; x_wconf 81' lang='lat' dir='ltr'>io.</span> <span class='ocrx_word' id='word_1_211' title='bbox 596 2567 657 2631; x_wconf 73' lang='lat' dir='ltr'>iti),</span> <span class='ocrx_word' id='word_1_212' title='bbox 694 2572 759 2633; x_wconf 83' lang='lat' dir='ltr'>potis</span> <span class='ocrx_word' id='word_1_213' title='bbox 777 2572 942 2632; x_wconf 81' lang='lat' dir='ltr'>Cratinusque</span> <span class='ocrx_word' id='word_1_214' title='bbox 956 2572 1097 2632; x_wconf 84' lang='lat' dir='ltr'>praecipui.</span> <span class='ocrx_word' id='word_1_215' title='bbox 1128 2572 1224 2630; x_wconf 80' lang='lat' dir='ltr'>Quanti</span> 
     </span>
     <span class='ocr_line' id='line_1_25' title="bbox 127 2642 1224 2707; baseline 0.003 -16"><span class='ocrx_word' id='word_1_216' title='bbox 127 2642 215 2692; x_wconf 84' lang='lat' dir='ltr'>donec</span> <span class='ocrx_word' id='word_1_217' title='bbox 245 2644 371 2693; x_wconf 81' lang='lat' dir='ltr'>Horatius</span> <span class='ocrx_word' id='word_1_218' title='bbox 400 2642 541 2692; x_wconf 83' lang='lat' dir='ltr'>exsisteret</span> <span class='ocrx_word' id='word_1_219' title='bbox 573 2654 659 2692; x_wconf 90' lang='lat' dir='ltr'>novus</span> <span class='ocrx_word' id='word_1_220' title='bbox 699 2646 821 2695; x_wconf 77' lang='lat' dir='ltr'>Horatius</span> <span class='ocrx_word' id='word_1_221' title='bbox 846 2646 939 2694; x_wconf 87' lang='lat' dir='ltr'>iecerit</span> <span class='ocrx_word' id='word_1_222' title='bbox 963 2644 1088 2707; x_wconf 82' lang='lat' dir='ltr'>Eupoiin,</span> <span class='ocrx_word' id='word_1_223' title='bbox 1116 2642 1224 2706; x_wconf 77' lang='lat' dir='ltr'>colliges</span> 
     </span>
     <span class='ocr_line' id='line_1_26' title="bbox 128 2716 1225 2781; baseline 0.001 -15"><span class='ocrx_word' id='word_1_224' title='bbox 128 2718 252 2767; x_wconf 65' lang='lat' dir='ltr'>saurim</span> <span class='ocrx_word' id='word_1_225' title='bbox 276 2718 368 2781; x_wconf 78' lang='lat' dir='ltr'>po&#39;csis</span> <span class='ocrx_word' id='word_1_226' title='bbox 385 2718 492 2777; x_wconf 85' lang='lat' dir='ltr'>auctor,</span> <span class='ocrx_word' id='word_1_227' title='bbox 517 2716 565 2766; x_wconf 87' lang='lat' dir='ltr'>sed</span> <span class='ocrx_word' id='word_1_228' title='bbox 589 2719 659 2765; x_wconf 87' lang='lat' dir='ltr'>tem·</span> <span class='ocrx_word' id='word_1_229' title='bbox 697 2732 729 2768; x_wconf 85' lang='lat' dir='ltr'>ex</span> <span class='ocrx_word' id='word_1_230' title='bbox 742 2720 795 2767; x_wconf 88' lang='lat' dir='ltr'>Sat.</span> <span class='ocrx_word' id='word_1_231' title='bbox 809 2720 839 2776; x_wconf 72' lang='lat'>2,</span> <span class='ocrx_word' id='word_1_232' title='bbox 853 2719 878 2777; x_wconf 85' lang='grc'>3,</span> <span class='ocrx_word' id='word_1_233' title='bbox 897 2719 948 2773; x_wconf 65' lang='lat' dir='ltr'>it..</span> <span class='ocrx_word' id='word_1_234' title='bbox 966 2717 1013 2765; x_wconf 91' lang='lat' dir='ltr'>ubi</span> <span class='ocrx_word' id='word_1_235' title='bbox 1030 2718 1146 2778; x_wconf 80' lang='lat' dir='ltr'>iungitur</span> <span class='ocrx_word' id='word_1_236' title='bbox 1163 2731 1225 2767; x_wconf 90' lang='lat' dir='ltr'>cum</span> 
     </span>
     <span class='ocr_line' id='line_1_27' title="bbox 130 2788 1223 2853; baseline 0 -12"><span class='ocrx_word' id='word_1_237' title='bbox 130 2804 194 2853; x_wconf 85' lang='lat' dir='ltr'>pore</span> <span class='ocrx_word' id='word_1_238' title='bbox 222 2804 239 2839; x_wconf 82' lang='lat' dir='ltr'>a</span> <span class='ocrx_word' id='word_1_239' title='bbox 266 2790 402 2841; x_wconf 80' lang='lat' dir='ltr'>Luciliano</span> <span class='ocrx_word' id='word_1_240' title='bbox 431 2791 518 2839; x_wconf 82' lang='lat' dir='ltr'>aetate</span> <span class='ocrx_word' id='word_1_241' title='bbox 547 2789 658 2841; x_wconf 89' lang='lat' dir='ltr'>multum</span> <span class='ocrx_word' id='word_1_242' title='bbox 697 2792 818 2852; x_wconf 83' lang='lat' dir='ltr'>Platone,</span> <span class='ocrx_word' id='word_1_243' title='bbox 839 2788 1180 2849; x_wconf 81' lang='lat' dir='ltr'>Menandro,Arcirilooho.</span> <span class='ocrx_word' id='word_1_244' title='bbox 1194 2818 1223 2828; x_wconf 92' lang='lat'>-</span> 
     </span>
     <span class='ocr_line' id='line_1_28' title="bbox 129 2863 1225 2930; baseline 0.001 -16"><span class='ocrx_word' id='word_1_245' title='bbox 129 2864 246 2915; x_wconf 76' lang='lat' dir='ltr'>diverso</span> <span class='ocrx_word' id='word_1_246' title='bbox 283 2863 392 2914; x_wconf 84' lang='lat' dir='ltr'>Sublata</span> <span class='ocrx_word' id='word_1_247' title='bbox 422 2865 492 2913; x_wconf 92' lang='lat' dir='ltr'>enim</span> <span class='ocrx_word' id='word_1_248' title='bbox 520 2866 579 2914; x_wconf 86' lang='lat' dir='ltr'>erat</span> <span class='ocrx_word' id='word_1_249' title='bbox 606 2878 658 2914; x_wconf 88' lang='lat' dir='ltr'>una</span> <span class='ocrx_word' id='word_1_250' title='bbox 693 2866 789 2930; x_wconf 64' lang='lat' dir='ltr'>mima]</span> <span class='ocrx_word' id='word_1_251' title='bbox 807 2866 897 2915; x_wconf 83' lang='lat' dir='ltr'>critici</span> <span class='ocrx_word' id='word_1_252' title='bbox 914 2863 1097 2923; x_wconf 76' lang='lat' dir='ltr'>Alexandrini,</span> <span class='ocrx_word' id='word_1_253' title='bbox 1121 2868 1152 2914; x_wconf 91' lang='lat' dir='ltr'>ut</span> <span class='ocrx_word' id='word_1_254' title='bbox 1175 2880 1225 2915; x_wconf 84' lang='lat' dir='ltr'>no-</span> 
     </span>
     <span class='ocr_line' id='line_1_29' title="bbox 130 2936 1223 3001; baseline 0.002 -11"><span class='ocrx_word' id='word_1_255' title='bbox 130 2952 191 2991; x_wconf 87' lang='lat' dir='ltr'>eum</span> <span class='ocrx_word' id='word_1_256' title='bbox 208 2942 304 2989; x_wconf 81' lang='lat' dir='ltr'>uetere</span> <span class='ocrx_word' id='word_1_257' title='bbox 326 2952 356 2987; x_wconf 92' lang='lat' dir='ltr'>re</span> <span class='ocrx_word' id='word_1_258' title='bbox 379 2937 487 3001; x_wconf 85' lang='lat' dir='ltr'>publica</span> <span class='ocrx_word' id='word_1_259' title='bbox 508 2936 658 2989; x_wconf 78' lang='lat' dir='ltr'>felicissima</span> <span class='ocrx_word' id='word_1_260' title='bbox 697 2943 754 2991; x_wconf 89' lang='lat' dir='ltr'>tum</span> <span class='ocrx_word' id='word_1_261' title='bbox 776 2943 829 2999; x_wconf 78' lang='lat' dir='ltr'>est,</span> <span class='ocrx_word' id='word_1_262' title='bbox 856 2940 1032 2989; x_wconf 83' lang='lat' dir='ltr'>distinxerunt</span> <span class='ocrx_word' id='word_1_263' title='bbox 1054 2940 1223 2992; x_wconf 86' lang='lat' dir='ltr'>comoediam</span> 
     </span>
     <span class='ocr_line' id='line_1_30' title="bbox 131 3008 1226 3085; baseline 0.001 -21"><span class='ocrx_word' id='word_1_264' title='bbox 131 3013 171 3063; x_wconf 80' lang='lat' dir='ltr'>ilie</span> <span class='ocrx_word' id='word_1_265' title='bbox 189 3012 315 3072; x_wconf 83' lang='lat' dir='ltr'>dicendi,</span> <span class='ocrx_word' id='word_1_266' title='bbox 333 3012 451 3072; x_wconf 87' lang='lat' dir='ltr'>iocandi,</span> <span class='ocrx_word' id='word_1_267' title='bbox 471 3012 610 3063; x_wconf 88' lang='lat' dir='ltr'>deridendi</span> <span class='ocrx_word' id='word_1_268' title='bbox 627 3012 660 3063; x_wconf 87' lang='lat' dir='ltr'>ii·</span> <span class='ocrx_word' id='word_1_269' title='bbox 697 3016 833 3079; x_wconf 84' lang='lat' dir='ltr'>antiquam</span> <span class='ocrx_word' id='word_1_270' title='bbox 859 3008 1024 3085; x_wconf 65' lang='lat' dir='ltr'>(culparetur),</span> <span class='ocrx_word' id='word_1_271' title='bbox 1051 3026 1120 3077; x_wconf 84' lang='lat' dir='ltr'>quae</span> <span class='ocrx_word' id='word_1_272' title='bbox 1145 3014 1226 3066; x_wconf 90' lang='lat' dir='ltr'>desiit</span> 
     </span>
     <span class='ocr_line' id='line_1_31' title="bbox 131 3086 1222 3153; baseline 0.001 -14"><span class='ocrx_word' id='word_1_273' title='bbox 131 3088 234 3143; x_wconf 73' lang='lat' dir='ltr'>herus:</span> <span class='ocrx_word' id='word_1_274' title='bbox 264 3086 344 3137; x_wconf 88' lang='lat' dir='ltr'>simul</span> <span class='ocrx_word' id='word_1_275' title='bbox 366 3098 472 3137; x_wconf 89' lang='lat' dir='ltr'>morum</span> <span class='ocrx_word' id='word_1_276' title='bbox 492 3087 659 3150; x_wconf 89' lang='lat' dir='ltr'>perditorum</span> <span class='ocrx_word' id='word_1_277' title='bbox 696 3091 722 3139; x_wconf 92' lang='lat' dir='ltr'>in</span> <span class='ocrx_word' id='word_1_278' title='bbox 740 3090 930 3153; x_wconf 79' lang='lat' dir='ltr'>Aristophane,</span> <span class='ocrx_word' id='word_1_279' title='bbox 956 3088 1085 3147; x_wconf 85' lang='lat' dir='ltr'>mediam,</span> <span class='ocrx_word' id='word_1_280' title='bbox 1110 3102 1222 3149; x_wconf 86' lang='lat' dir='ltr'>novam,</span> 
     </span>
     <span class='ocr_line' id='line_1_32' title="bbox 129 3162 1221 3227; baseline 0 -15"><span class='ocrx_word' id='word_1_281' title='bbox 129 3164 212 3226; x_wconf 73' lang='lat' dir='ltr'>pestis</span> <span class='ocrx_word' id='word_1_282' title='bbox 230 3163 261 3212; x_wconf 91' lang='lat' dir='ltr'>et</span> <span class='ocrx_word' id='word_1_283' title='bbox 277 3162 366 3212; x_wconf 89' lang='lat' dir='ltr'>omnis</span> <span class='ocrx_word' id='word_1_284' title='bbox 383 3162 580 3224; x_wconf 70' lang='lat' dir='ltr'>gemueritis,</span> <span class='ocrx_word' id='word_1_285' title='bbox 606 3164 658 3210; x_wconf 88' lang='lat' dir='ltr'>iam</span> <span class='ocrx_word' id='word_1_286' title='bbox 697 3166 773 3213; x_wconf 88' lang='lat' dir='ltr'>cuius</span> <span class='ocrx_word' id='word_1_287' title='bbox 785 3164 921 3227; x_wconf 84' lang='lat' dir='ltr'>praecipui</span> <span class='ocrx_word' id='word_1_288' title='bbox 933 3166 1057 3212; x_wconf 84' lang='lat' dir='ltr'>auctores</span> <span class='ocrx_word' id='word_1_289' title='bbox 1066 3162 1221 3222; x_wconf 80' lang='lat' dir='ltr'>Menander,</span> 
     </span>
     <span class='ocr_line' id='line_1_33' title="bbox 131 3233 1224 3301; baseline -0.001 -14"><span class='ocrx_word' id='word_1_290' title='bbox 131 3239 203 3301; x_wconf 85' lang='lat' dir='ltr'>prius</span> <span class='ocrx_word' id='word_1_291' title='bbox 230 3235 302 3286; x_wconf 81' lang='lat' dir='ltr'>illata</span> <span class='ocrx_word' id='word_1_292' title='bbox 328 3249 379 3300; x_wconf 90' lang='lat' dir='ltr'>per</span> <span class='ocrx_word' id='word_1_293' title='bbox 401 3233 470 3285; x_wconf 85' lang='lat' dir='ltr'>bello</span> <span class='ocrx_word' id='word_1_294' title='bbox 496 3235 593 3294; x_wconf 82' lang='lat' dir='ltr'>civilio,</span> <span class='ocrx_word' id='word_1_295' title='bbox 625 3235 658 3284; x_wconf 85' lang='lat' dir='ltr'>ita</span> <span class='ocrx_word' id='word_1_296' title='bbox 697 3237 829 3301; x_wconf 79' lang='lat' dir='ltr'>Diphilus,</span> <span class='ocrx_word' id='word_1_297' title='bbox 850 3236 982 3296; x_wconf 86' lang='lat' dir='ltr'>Philemo,</span> <span class='ocrx_word' id='word_1_298' title='bbox 1001 3235 1089 3287; x_wconf 81' lang='lat' dir='ltr'>Alexis</span> <span class='ocrx_word' id='word_1_299' title='bbox 1106 3241 1157 3285; x_wconf 89' lang='lat' dir='ltr'>cet.</span> <span class='ocrx_word' id='word_1_300' title='bbox 1171 3238 1224 3286; x_wconf 91' lang='lat' dir='ltr'>Ce-</span> 
     </span>
     <span class='ocr_line' id='line_1_34' title="bbox 132 3308 1225 3373; baseline -0.001 -12"><span class='ocrx_word' id='word_1_301' title='bbox 132 3316 194 3361; x_wconf 87' lang='lat' dir='ltr'>tuuc</span> <span class='ocrx_word' id='word_1_302' title='bbox 210 3322 324 3360; x_wconf 86' lang='lat' dir='ltr'>omnem</span> <span class='ocrx_word' id='word_1_303' title='bbox 346 3308 480 3359; x_wconf 84' lang='lat' dir='ltr'>civitatem</span> <span class='ocrx_word' id='word_1_304' title='bbox 502 3310 659 3373; x_wconf 83' lang='lat' dir='ltr'>inquinave-</span> <span class='ocrx_word' id='word_1_305' title='bbox 697 3315 785 3362; x_wconf 91' lang='lat' dir='ltr'>terum</span> <span class='ocrx_word' id='word_1_306' title='bbox 808 3312 923 3362; x_wconf 88' lang='lat' dir='ltr'>similem</span> <span class='ocrx_word' id='word_1_307' title='bbox 945 3311 1143 3361; x_wconf 89' lang='lat' dir='ltr'>distinctionem</span> <span class='ocrx_word' id='word_1_308' title='bbox 1161 3311 1225 3360; x_wconf 89' lang='lat' dir='ltr'>iecit</span> 
     </span>
     <span class='ocr_line' id='line_1_35' title="bbox 133 3382 1222 3449; baseline 0 -16"><span class='ocrx_word' id='word_1_309' title='bbox 133 3389 203 3445; x_wconf 78' lang='lat' dir='ltr'>rent,</span> <span class='ocrx_word' id='word_1_310' title='bbox 236 3387 268 3433; x_wconf 89' lang='lat' dir='ltr'>ut</span> <span class='ocrx_word' id='word_1_311' title='bbox 296 3397 427 3449; x_wconf 89' lang='lat' dir='ltr'>perquam</span> <span class='ocrx_word' id='word_1_312' title='bbox 454 3385 531 3448; x_wconf 91' lang='lat' dir='ltr'>pauci</span> <span class='ocrx_word' id='word_1_313' title='bbox 557 3384 660 3447; x_wconf 86' lang='lat' dir='ltr'>reperi·</span> <span class='ocrx_word' id='word_1_314' title='bbox 698 3388 749 3435; x_wconf 84' lang='lat' dir='ltr'>iem</span> <span class='ocrx_word' id='word_1_315' title='bbox 774 3384 929 3436; x_wconf 83' lang='lat' dir='ltr'>Aristoteles</span> <span class='ocrx_word' id='word_1_316' title='bbox 956 3383 1013 3433; x_wconf 85' lang='lat' dir='ltr'>Eth.</span> <span class='ocrx_word' id='word_1_317' title='bbox 1039 3384 1095 3432; x_wconf 88' lang='lat' dir='ltr'>Nic.</span> <span class='ocrx_word' id='word_1_318' title='bbox 1118 3382 1146 3441; x_wconf 90' lang='grc'><strong>4</strong></span> <span class='ocrx_word' id='word_1_319' title='bbox 1175 3383 1222 3433; x_wconf 88' lang='grc'>44;</span> 
     </span>
     <span class='ocr_line' id='line_1_36' title="bbox 133 3453 1223 3521; baseline -0.007 -12"><span class='ocrx_word' id='word_1_320' title='bbox 133 3462 223 3510; x_wconf 80' lang='lat' dir='ltr'>rentru</span> <span class='ocrx_word' id='word_1_321' title='bbox 246 3460 281 3509; x_wconf 85' lang='lat' dir='ltr'>ab</span> <span class='ocrx_word' id='word_1_322' title='bbox 307 3460 358 3509; x_wconf 86' lang='lat' dir='ltr'>hec</span> <span class='ocrx_word' id='word_1_323' title='bbox 378 3458 462 3509; x_wconf 88' lang='lat' dir='ltr'>seculi</span> <span class='ocrx_word' id='word_1_324' title='bbox 482 3457 567 3509; x_wconf 88' lang='lat' dir='ltr'>iahe&#39;</span> <span class='ocrx_word' id='word_1_325' title='bbox 560 3469 660 3507; x_wconf 79' lang='lat' dir='ltr'>immu—</span> <span class='ocrx_word' id='word_1_326' title='bbox 696 3457 753 3509; x_wconf 79' lang='lat' dir='ltr'>ider</span> <span class='ocrx_word' id='word_1_327' title='bbox 774 3453 836 3509; x_wconf 63' lang='grc' dir='ltr'>δ”</span> <span class='ocrx_word' id='word_1_328' title='bbox 815 3474 853 3507; x_wconf 81' lang='lat' dir='ltr'>ev</span> <span class='ocrx_word' id='word_1_329' title='bbox 869 3472 912 3518; x_wconf 81' lang='grc' dir='ltr'><em>τις</em></span> <span class='ocrx_word' id='word_1_330' title='bbox 929 3458 978 3505; x_wconf 76' lang='grc' dir='ltr'>καὶ</span> <span class='ocrx_word' id='word_1_331' title='bbox 995 3455 1027 3505; x_wconf 81' lang='grc' dir='ltr'>ἐκ</span> <span class='ocrx_word' id='word_1_332' title='bbox 1044 3453 1102 3503; x_wconf 84' lang='grc' dir='ltr'>τῶν</span> <span class='ocrx_word' id='word_1_333' title='bbox 1118 3470 1223 3521; x_wconf 85' lang='grc' dir='ltr'><strong><em>κωμῳ-</em></strong></span> 
     </span>
     <span class='ocr_line' id='line_1_37' title="bbox 134 3526 1225 3617; baseline -0.005 -33"><span class='ocrx_word' id='word_1_334' title='bbox 134 3548 181 3584; x_wconf 86' lang='lat' dir='ltr'>nes</span> <span class='ocrx_word' id='word_1_335' title='bbox 198 3534 301 3598; x_wconf 79' lang='lat' dir='ltr'>quique</span> <span class='ocrx_word' id='word_1_336' title='bbox 322 3534 392 3583; x_wconf 85' lang='lat' dir='ltr'>hane</span> <span class='ocrx_word' id='word_1_337' title='bbox 408 3534 550 3583; x_wconf 82' lang='lat' dir='ltr'>satirarum</span> <span class='ocrx_word' id='word_1_338' title='bbox 567 3532 660 3581; x_wconf 84' lang='lat' dir='ltr'>cendi·</span> <span class='ocrx_word' id='word_1_339' title='bbox 695 3531 765 3583; x_wconf 79' lang='grc' dir='ltr'>ὀιών</span> <span class='ocrx_word' id='word_1_340' title='bbox 776 3529 833 3583; x_wconf 78' lang='grc' dir='ltr'>τῶν</span> <span class='ocrx_word' id='word_1_341' title='bbox 851 3528 1004 3617; x_wconf 59' lang='grc' dir='ltr'><em>παλαιῶιι</em></span> <span class='ocrx_word' id='word_1_342' title='bbox 1021 3526 1143 3579; x_wconf 73' lang='grc' dir='ltr'><em>καὶτῶν</em></span> <span class='ocrx_word' id='word_1_343' title='bbox 1154 3544 1225 3579; x_wconf 84' lang='grc' dir='ltr'><em>και-</em></span> 
     </span>
     <span class='ocr_line' id='line_1_38' title="bbox 135 3596 1224 3674; baseline -0.004 -17"><span class='ocrx_word' id='word_1_344' title='bbox 135 3607 362 3658; x_wconf 81' lang='lat' dir='ltr'>damlibertatem</span> <span class='ocrx_word' id='word_1_345' title='bbox 380 3606 658 3657; x_wconf 84' lang='lat' dir='ltr'>nonrelormiderent</span> <span class='ocrx_word' id='word_1_346' title='bbox 697 3604 777 3657; x_wconf 79' lang='grc' dir='ltr'>νῶν·</span> <span class='ocrx_word' id='word_1_347' title='bbox 806 3612 866 3669; x_wconf 74' lang='grc' dir='ltr'>τοῖς</span> <span class='ocrx_word' id='word_1_348' title='bbox 889 3600 1022 3674; x_wconf 72' lang='grc' dir='ltr'><em>μὲνγὰρ</em></span> <span class='ocrx_word' id='word_1_349' title='bbox 1046 3596 1084 3670; x_wconf 79' lang='grc' dir='ltr'>ἦν</span> <span class='ocrx_word' id='word_1_350' title='bbox 1108 3601 1224 3670; x_wconf 78' lang='grc' dir='ltr'><strong><em>γελοῖον</em></strong></span> 
     </span>
     <span class='ocr_line' id='line_1_39' title="bbox 136 3674 1224 3768; baseline -0.001 -37"><span class='ocrx_word' id='word_1_351' title='bbox 136 3683 224 3745; x_wconf 79' lang='lat' dir='ltr'>iisque</span> <span class='ocrx_word' id='word_1_352' title='bbox 241 3684 332 3732; x_wconf 89' lang='lat' dir='ltr'>minus</span> <span class='ocrx_word' id='word_1_353' title='bbox 353 3682 406 3732; x_wconf 86' lang='lat' dir='ltr'>iam</span> <span class='ocrx_word' id='word_1_354' title='bbox 429 3682 482 3731; x_wconf 85' lang='lat' dir='ltr'>tota</span> <span class='ocrx_word' id='word_1_355' title='bbox 499 3682 587 3744; x_wconf 75' lang='lat' dir='ltr'>poesis</span> <span class='ocrx_word' id='word_1_356' title='bbox 610 3682 660 3730; x_wconf 86' lang='lat' dir='ltr'>Lu·</span> <span class='ocrx_word' id='word_1_357' title='bbox 697 3677 716 3747; x_wconf 85' lang='grc' dir='ltr'><em>ἡ</em></span> <span class='ocrx_word' id='word_1_358' title='bbox 739 3679 945 3768; x_wconf 56' lang='lat' dir='ltr'>araxpotoyim</span> <span class='ocrx_word' id='word_1_359' title='bbox 971 3684 1034 3742; x_wconf 78' lang='grc' dir='ltr'><em>τοῖς</em></span> <span class='ocrx_word' id='word_1_360' title='bbox 1056 3677 1088 3730; x_wconf 78' lang='lat' dir='ltr'>ts</span> <span class='ocrx_word' id='word_1_361' title='bbox 1111 3674 1224 3743; x_wconf 83' lang='grc' dir='ltr'><strong><em>μᾶλλον</em></strong></span> 
     </span>
     <span class='ocr_line' id='line_1_40' title="bbox 137 3748 1224 3839; baseline -0.001 -34"><span class='ocrx_word' id='word_1_362' title='bbox 137 3756 201 3805; x_wconf 77' lang='lat' dir='ltr'>unae</span> <span class='ocrx_word' id='word_1_363' title='bbox 219 3756 287 3806; x_wconf 87' lang='lat' dir='ltr'>ratio</span> <span class='ocrx_word' id='word_1_364' title='bbox 306 3758 364 3805; x_wconf 83' lang='lat' dir='ltr'>erat</span> <span class='ocrx_word' id='word_1_365' title='bbox 387 3756 540 3816; x_wconf 85' lang='lat' dir='ltr'>immutate,</span> <span class='ocrx_word' id='word_1_366' title='bbox 567 3757 659 3819; x_wconf 90' lang='lat' dir='ltr'>utpote</span> <span class='ocrx_word' id='word_1_367' title='bbox 697 3748 867 3821; x_wconf 78' lang='grc' dir='ltr'><em>ἡῦπόνοια·</em></span> <span class='ocrx_word' id='word_1_368' title='bbox 885 3751 1014 3839; x_wconf 74' lang='grc' dir='ltr'><em>διαφέρει</em></span> <span class='ocrx_word' id='word_1_369' title='bbox 1029 3752 1052 3802; x_wconf 84' lang='grc' dir='ltr'>δ’</span> <span class='ocrx_word' id='word_1_370' title='bbox 1063 3748 1098 3804; x_wconf 77' lang='grc' dir='ltr'>οὐ</span> <span class='ocrx_word' id='word_1_371' title='bbox 1116 3751 1224 3824; x_wconf 75' lang='grc' dir='ltr'><em>μικρὸν</em></span> 
     </span>
     <span class='ocr_line' id='line_1_41' title="bbox 138 3822 1221 3899; baseline 0 -22"><span class='ocrx_word' id='word_1_372' title='bbox 138 3829 235 3893; x_wconf 84' lang='lat' dir='ltr'>inqua</span> <span class='ocrx_word' id='word_1_373' title='bbox 258 3831 360 3893; x_wconf 82' lang='lat' dir='ltr'>patrius</span> <span class='ocrx_word' id='word_1_374' title='bbox 378 3826 452 3879; x_wconf 88' lang='lat' dir='ltr'>color</span> <span class='ocrx_word' id='word_1_375' title='bbox 469 3831 496 3878; x_wconf 89' lang='lat' dir='ltr'>et</span> <span class='ocrx_word' id='word_1_376' title='bbox 517 3827 659 3879; x_wconf 83' lang='lat' dir='ltr'>vernacule</span> <span class='ocrx_word' id='word_1_377' title='bbox 696 3826 788 3879; x_wconf 81' lang='grc' dir='ltr'><em>ταῦτα</em></span> <span class='ocrx_word' id='word_1_378' title='bbox 821 3826 894 3899; x_wconf 70' lang='grc' dir='ltr'>πρὸς</span> <span class='ocrx_word' id='word_1_379' title='bbox 926 3822 1161 3894; x_wconf 77' lang='grc' dir='ltr'>εὐσχημοσύνην.</span> <span class='ocrx_word' id='word_1_380' title='bbox 1194 3856 1221 3865; x_wconf 90' lang='grc'>-</span> 
     </span>
     <span class='ocr_line' id='line_1_42' title="bbox 138 3902 1223 3969; baseline 0.001 -17"><span class='ocrx_word' id='word_1_381' title='bbox 138 3905 295 3967; x_wconf 70' lang='lat' dir='ltr'>iniquitatis</span> <span class='ocrx_word' id='word_1_382' title='bbox 326 3906 461 3954; x_wconf 84' lang='lat' dir='ltr'>Romanae</span> <span class='ocrx_word' id='word_1_383' title='bbox 494 3902 597 3955; x_wconf 87' lang='lat' dir='ltr'>indoles</span> <span class='ocrx_word' id='word_1_384' title='bbox 625 3904 660 3953; x_wconf 83' lang='lat' dir='ltr'>its</span> <span class='ocrx_word' id='word_1_385' title='bbox 696 3906 775 3966; x_wconf 77' lang='lat' dir='ltr'>Atque</span> <span class='ocrx_word' id='word_1_386' title='bbox 786 3905 840 3969; x_wconf 81' lang='lat' dir='ltr'>aIn]</span> <span class='ocrx_word' id='word_1_387' title='bbox 851 3905 933 3955; x_wconf 80' lang='lat' dir='ltr'>veluti</span> <span class='ocrx_word' id='word_1_388' title='bbox 945 3905 1130 3965; x_wconf 83' lang='lat' dir='ltr'>Pherecrates</span> <span class='ocrx_word' id='word_1_389' title='bbox 1142 3904 1223 3965; x_wconf 85' lang='lat' dir='ltr'>Plato,</span> 
     </span>
     <span class='ocr_line' id='line_1_43' title="bbox 141 3976 1225 4040; baseline 0.001 -15"><span class='ocrx_word' id='word_1_390' title='bbox 141 3980 301 4037; x_wconf 81' lang='lat' dir='ltr'>evanuisset,</span> <span class='ocrx_word' id='word_1_391' title='bbox 328 3980 358 4027; x_wconf 89' lang='lat' dir='ltr'>ut</span> <span class='ocrx_word' id='word_1_392' title='bbox 379 3978 467 4028; x_wconf 85' lang='lat' dir='ltr'>omnis</span> <span class='ocrx_word' id='word_1_393' title='bbox 488 3976 546 4028; x_wconf 86' lang='lat' dir='ltr'>leus</span> <span class='ocrx_word' id='word_1_394' title='bbox 566 3990 599 4027; x_wconf 82' lang='lat' dir='ltr'>ex</span> <span class='ocrx_word' id='word_1_395' title='bbox 615 3990 660 4027; x_wconf 83' lang='lat' dir='ltr'>ar-</span> <span class='ocrx_word' id='word_1_396' title='bbox 698 3978 810 4029; x_wconf 85' lang='lat' dir='ltr'>lortasse</span> <span class='ocrx_word' id='word_1_397' title='bbox 826 3980 907 4028; x_wconf 90' lang='lat' dir='ltr'>etiam</span> <span class='ocrx_word' id='word_1_398' title='bbox 924 3978 1113 4040; x_wconf 86' lang='lat' dir='ltr'>Epicharmus,</span> <span class='ocrx_word' id='word_1_399' title='bbox 1133 3977 1225 4026; x_wconf 89' lang='lat' dir='ltr'>itidem</span> 
     </span>
     <span class='ocr_line' id='line_1_44' title="bbox 141 4048 1224 4115; baseline 0.001 -18"><span class='ocrx_word' id='word_1_400' title='bbox 141 4048 244 4101; x_wconf 82' lang='lat' dir='ltr'>tilietose</span> <span class='ocrx_word' id='word_1_401' title='bbox 262 4054 424 4102; x_wconf 80' lang='lat' dir='ltr'>Graecorum</span> <span class='ocrx_word' id='word_1_402' title='bbox 442 4052 588 4102; x_wconf 87' lang='lat' dir='ltr'>imitatione</span> <span class='ocrx_word' id='word_1_403' title='bbox 611 4064 661 4115; x_wconf 91' lang='lat' dir='ltr'>pe·</span> <span class='ocrx_word' id='word_1_404' title='bbox 699 4054 724 4103; x_wconf 92' lang='lat' dir='ltr'>in</span> <span class='ocrx_word' id='word_1_405' title='bbox 752 4066 884 4103; x_wconf 85' lang='lat' dir='ltr'>canonem</span> <span class='ocrx_word' id='word_1_406' title='bbox 912 4052 1034 4104; x_wconf 88' lang='lat' dir='ltr'>criticum</span> <span class='ocrx_word' id='word_1_407' title='bbox 1060 4053 1162 4115; x_wconf 89' lang='lat' dir='ltr'>recepti</span> <span class='ocrx_word' id='word_1_408' title='bbox 1190 4049 1224 4099; x_wconf 89' lang='lat' dir='ltr'>eb</span> 
     </span>
     <span class='ocr_line' id='line_1_45' title="bbox 142 4124 1225 4190; baseline 0.001 -19"><span class='ocrx_word' id='word_1_409' title='bbox 142 4126 244 4175; x_wconf 89' lang='lat' dir='ltr'>teretur.</span> <span class='ocrx_word' id='word_1_410' title='bbox 278 4128 335 4175; x_wconf 83' lang='lat' dir='ltr'>Non</span> <span class='ocrx_word' id='word_1_411' title='bbox 362 4127 439 4190; x_wconf 80' lang='lat' dir='ltr'>igitur</span> <span class='ocrx_word' id='word_1_412' title='bbox 462 4127 561 4177; x_wconf 90' lang='lat' dir='ltr'>mirum</span> <span class='ocrx_word' id='word_1_413' title='bbox 584 4126 661 4175; x_wconf 87' lang='lat' dir='ltr'>nobis</span> <span class='ocrx_word' id='word_1_414' title='bbox 699 4124 890 4176; x_wconf 86' lang='lat' dir='ltr'>Alexandrinis.</span> <span class='ocrx_word' id='word_1_415' title='bbox 912 4155 938 4162; x_wconf 97' lang='lat'><em>-</em></span> <span class='ocrx_word' id='word_1_416' title='bbox 956 4139 1065 4187; x_wconf 78' lang='lat' dir='ltr'>auorum</span> <span class='ocrx_word' id='word_1_417' title='bbox 1081 4124 1225 4187; x_wconf 69' lang='lat' dir='ltr'>epimo-</span> 
     </span>
     <span class='ocr_line' id='line_1_46' title="bbox 143 4197 1225 4264; baseline 0.003 -22"><span class='ocrx_word' id='word_1_418' title='bbox 143 4197 219 4246; x_wconf 74' lang='lat' dir='ltr'>uideri</span> <span class='ocrx_word' id='word_1_419' title='bbox 237 4200 323 4262; x_wconf 84' lang='lat' dir='ltr'>potest</span> <span class='ocrx_word' id='word_1_420' title='bbox 340 4200 374 4249; x_wconf 87' lang='lat' dir='ltr'>ab</span> <span class='ocrx_word' id='word_1_421' title='bbox 393 4198 451 4250; x_wconf 88' lang='lat' dir='ltr'>aliis</span> <span class='ocrx_word' id='word_1_422' title='bbox 469 4201 661 4250; x_wconf 87' lang='lat' dir='ltr'>eanetntena-</span> <span class='ocrx_word' id='word_1_423' title='bbox 698 4214 756 4249; x_wconf 85' lang='lat' dir='ltr'>rum</span> <span class='ocrx_word' id='word_1_424' title='bbox 773 4200 815 4264; x_wconf 77' lang='lat' dir='ltr'>est]</span> <span class='ocrx_word' id='word_1_425' title='bbox 834 4202 885 4249; x_wconf 87' lang='lat' dir='ltr'>Sat.</span> <span class='ocrx_word' id='word_1_426' title='bbox 902 4202 929 4261; x_wconf 88' lang='grc'>4,</span> <span class='ocrx_word' id='word_1_427' title='bbox 950 4200 995 4261; x_wconf 85' lang='grc'>40,</span> <span class='ocrx_word' id='word_1_428' title='bbox 1016 4200 1060 4248; x_wconf 83' lang='grc'><strong>46;</strong></span> <span class='ocrx_word' id='word_1_429' title='bbox 1088 4199 1142 4259; x_wconf 85' lang='lat' dir='ltr'>liti,</span> <span class='ocrx_word' id='word_1_430' title='bbox 1160 4199 1225 4247; x_wconf 82' lang='lat' dir='ltr'>seri-</span> 
     </span>
    </p>
   </div>
   <div class='ocr_carea' id='block_1_5' title="bbox 0 0 1483 4892">
    <p class='ocr_par' dir='ltr' id='par_1_5' title="bbox 0 0 1483 4892">
     <span class='ocr_line' id='line_1_47' title="bbox 0 0 1483 4892; baseline 0 0"><span class='ocrx_word' id='word_1_431' title='bbox 0 0 1483 4892; x_wconf 95' lang='lat' dir='ltr'> </span> 
     </span>
    </p>
   </div>
  </div>
 </body>
</html>
