2925 4892
263 414 324 479 77t
749 411 877 463 uenatu

307 573 345 637 Et
366 571 535 658 longorum
558 588 694 656 operum
716 565 803 632 finis:
827 587 868 633 nc
889 566 969 632 sorte
991 565 1107 653 pudori

306 692 354 758 Sit
374 689 431 756 tibi
454 691 544 755 llusa
566 687 658 779 lyrae
680 686 796 754 sollers
818 697 850 753 et
873 697 985 754 cantor
1007 686 1127 773 Apollo.

307 814 427 878 Natura
447 810 540 876 lieret
561 807 724 875 laudabile
746 829 892 885 carmen,
917 829 957 874 an
980 819 1062 882 arte,

307 932 497 1012 Quaesitum
519 940 583 996 est:
607 950 669 1016 ego
691 949 753 996 nee
774 927 915 995 studium
938 929 1008 995 sinc
1029 927 1126 994 divite
1150 947 1245 996 vena.

307 1055 374 1119 Nec
395 1052 476 1118 rude
498 1051 578 1138 quid
600 1051 704 1137 possit
723 1051 821 1117 video
844 1051 1023 1138 ingenium
1046 1049 1179 1116 alterius
1202 1048 1249 1114 sic
1294 1048 1359 1112 tto

308 1173 415 1240 Altera
436 1173 541 1260 poscit
562 1191 658 1258 opem
680 1191 734 1238 res
757 1182 790 1238 et
812 1171 959 1238 coniurat
980 1171 1094 1237 amice.

330 1351 388 1402 toa.
406 1352 464 1412 loru
480 1351 561 1400 labuii
579 1354 606 1400 et
623 1351 744 1400 tleinekii
762 1361 870 1414 operae.
891 1375 919 1385 —
938 1349 1017 1398 solens
1033 1349 1061 1397 n.
1079 1375 1105 1383 -
1126 1348 1182 1399 toa.
1203 1349 1326 1410 οιιωίιιι

301 1429 376 1490 (cnm
392 1424 487 1476 lineola
504 1438 587 1489 super
602 1425 649 1475 litt.
662 1427 692 1487 a)
718 1429 785 1487 stepo
811 1424 840 1484 ii.
854 1437 878 1472 e.
899 1424 1074 1484 Quaesitum'st
1090 1423 1147 1486 epol
1166 1425 1194 1472 B.
1216 1451 1243 1460 -
1265 1424 1323 1475 tto.

298 1502 343 1564 qui
359 1501 385 1550 d.
405 1527 434 1537 -
450 1501 531 1562 prurit
548 1499 654 1559 lib‘lcd,
673 1509 768 1549 omnes
787 1496 950 1555 llocbcderi‚
970 1497 1031 1546 bct.
1051 1497 1090 1559 (tlt
1107 1509 1171 1558 nos,
1190 1498 1228 1559 S.)

268 1659 401 1720 Dionysiie
417 1662 479 1720 τοῖς
495 1659 557 1707 κατ’
573 1651 682 1724 ἀγροὺς
697 1669 792 1706 mense
831 1653 912 1706 durus
934 1652 1043 1715 quidem
1061 1657 1171 1705 naturae
1189 1657 1291 1718 primas
1307 1656 1360 1706 de·

268 1732 416 1785 Poeideonc
433 1735 464 1794 (a.
475 1731 627 1793 Decembri)
639 1729 792 1790 celebratis,
831 1729 883 1779 lert
893 1727 999 1792 otymp.
1010 1729 1035 1788 2,
1049 1729 1095 1778 86:
1114 1725 1211 1790 σοφὸς
1229 1723 1247 1778 ὁ
1265 1727 1360 1780 πολλὰ

268 1821 338 1872 quae
354 1807 433 1859 mmet
450 1819 563 1870 operum
583 1806 744 1856 rusticorum
761 1803 794 1852 u·
831 1798 912 1864 ειζόὠς
936 1799 1017 1870 φυᾷ·
1043 1799 1188 1866 μαθόντες
1203 1800 1236 1853 δὲ
1253 1801 1359 1876 λάβροι

268 1895 333 1933 nem
341 1881 500 1932 iaciebant.»
511 1907 540 1918 -
548 1881 721 1943 Etlonpoaaam
730 1877 793 1941 cet]
830 1875 1039 1943 Παῃλωσσίᾳ,
1056 1873 1178 1946 κόρακες
1190 1871 1240 1940 ὥς,
1253 1871 1360 1949 ἄκραν,

269 1956 705 2019 «infinemlougorumoperumm
721 1954 793 2002 lisso
829 1967 866 2001 τα
895 1947 1035 2021 γαρύετον
1063 1946 1132 2013 Διὸς
1156 1947 1229 2021 πρὸς
1254 1947 1360 2021 ὄρνιχα

269 2033 345 2082 turs.
362 2032 394 2080 11.
412 2043 438 2094 p.
450 2030 508 2081 tas.
529 2055 557 2066 —
575 2043 607 2078 ue
622 2029 687 2090 [orte
700 2028 794 2090 minori
830 2025 920 2076 aare.
949 2027 1015 2076 Cum
1034 2026 1140 2076 Horatio
1161 2027 1223 2076 lacit
1240 2027 1314 2078 Plato
1333 2033 1359 2079 in

269 2105 333 2169 cetl
352 2105 488 2163 erucem.»
501 2105 600 2166 inquit,
620 2115 679 2153 «ars
691 2105 734 2152 est
745 2113 794 2151 uo·
832 2101 952 2152 Phaedro
969 2112 1029 2163 pag.
1042 2099 1100 2150 tiit.
1119 2101 1156 2150 D:
1180 2099 1218 2150 Ei
1232 2104 1289 2166 μέν
1309 2117 1360 2152 σοι

156 2167 163 2179 ’
268 2176 411 2234 bilissima;
426 2178 551 2239 quocirca
560 2178 618 2226 sine
627 2175 681 2226 ullo
689 2175 793 2239 pudore
831 2170 954 2246 ὑπάρχει
986 2170 1076 2234 φύσει
1100 2169 1244 2246 ῥητορικῷ
1273 2171 1358 2236 εἶναι,

269 2253 361 2314 (quem
378 2249 516 2300 affectasse
536 2251 682 2298 etiamtunc
698 2249 795 2299 viden·
831 2245 891 2300 ἔσει
915 2243 1011 2318 ῥήτωρ
1034 2246 1201 2315 ἐλλόγιμος,
1229 2250 1359 2321 προσλα-

268 2329 313 2376 tur
329 2323 457 2375 nobilium
469 2327 650 2375 aomanorum
667 2323 793 2387 nonnulli)
830 2323 893 2386 βών
902 2321 1065 2389 ἐπιστήμην
1078 2325 1127 2373 καὶ
1137 2323 1269 2391 μελέτην.
1293 2329 1358 2377 item

269 2412 331 2450 eam
348 2412 477 2450 exercere
493 2399 619 2463 poteris·
647 2401 711 2449 Arte
728 2411 793 2450 sane
832 2401 926 2451 Cicero
942 2411 992 2462 pro
1009 2399 1105 2449 brebia
1122 2400 1147 2459 7,
1162 2401 1206 2450 lb:
1225 2401 1281 2464 Epo
1298 2415 1359 2451 coa-

269 2474 389 2537 egrestm
409 2476 552 2536 postquam
569 2475 693 2525 Pisonem
710 2487 794 2539 prope
831 2476 917 2534 undu,
936 2487 993 2522 cren
1009 2475 1044 2523 uit
1054 2479 1175 2523 notam
1185 2475 1310 2524 animiam
1321 2483 1359 2525 ut-

270 2549 588 2610 deterrueratapoeticis
595 2549 690 2599 studiis
702 2552 735 2610 (v.
747 2549 795 2599 385
832 2563 880 2612 qaia
900 2549 1021 2598 wutron
1041 2551 1170 2598 acroam
1189 2551 1258 2599 ratic
1278 2563 1358 2611 puna-

270 2624 356 2687 sqql,
382 2624 507 2674 iuvenem
530 2635 601 2672 nuuc
618 2623 653 2672 ad
670 2637 730 2673 earn
748 2636 796 2674 cu·
832 2625 891 2672 dum
906 2623 1120 2685 consumationis
1141 2624 1283 2684 doctrinae,
1306 2631 1357 2673 ban
1449 2613 1450 2640 ³

271 2696 380 2748 tendam
390 2696 433 2747 vel
450 2700 523 2747 certe
541 2697 567 2746 in
583 2699 655 2748 veris
672 2699 730 2748 eius
742 2696 796 2748 cul·
832 2699 895 2748 titud
910 2698 991 2747 nermo
1008 2697 1069 2757 quit
1084 2697 1248 2758 proadem
1262 2713 1295 2748 aa
1305 2701 1357 2748 siu-

271 2771 375 2822 toribna
388 2771 573 2822 honorandam
584 2785 678 2823 rursus
689 2774 794 2822 excitat.
832 2773 922 2836 putere
945 2772 1023 2822 autera
1045 2772 1171 2822 nume.
1195 2797 1223 2808 -
1249 2775 1356 2822 eudemi

274 2873 302 2882 -
315 2847 388 2906 turea
402 2846 496 2907 mitari]
514 2857 599 2908 «quae
616 2845 694 2896 callet
709 2848 795 2896 artem
832 2847 884 2896 sina
905 2847 981 2894 (licita
1000 2845 1076 2909 oenc]
1101 2848 1131 2895 ut
1147 2849 1191 2896 est
1206 2848 1262 2896 tota
1279 2847 1356 2899 salli-

271 2919 396 2968 carmiuis
412 2917 487 2980 lyrici
505 2919 584 2981 eique
601 2933 663 2969 cum
677 2919 795 2984 Apolline
833 2921 922 2971 machi
942 2921 1040 2983 possis.
1068 2919 1213 2983 Desumpta
1237 2925 1278 2971 est
1299 2935 1355 2971 me

270 2994 380 3055 praeest
408 3005 430 3041 s.
461 2993 638 3054 patrocinium
667 2993 794 3056 praebet,
833 2996 943 3057 tapbora
962 2993 996 3043 ab
1009 2994 1064 3042 auri
1076 2995 1234 3056 argentique
1246 2997 1320 3046 venis
1329 2997 1353 3044 in

271 3065 452 3127 laiarmmpm
471 3091 499 3100 -
522 3071 611 3114 cantor
626 3067 725 3130 Apollo]
750 3068 796 3131 qui
834 3067 953 3119 metallis.
975 3069 1121 3133 opponitur
1138 3069 1217 3118 trama
1234 3075 1257 3119 at
1274 3085 1353 3134 enpa-

272 3139 299 3187 in
317 3136 406 3188 multis
423 3137 567 3202 sculpturis
584 3142 612 3189 et
627 3143 746 3191 nummis
757 3143 797 3192 ci·
832 3149 871 3194 stc
887 3143 980 3206 inpasti
995 3155 1072 3203 oeae,
1092 3141 1196 3202 Quintil.
1210 3143 1236 3204 6,
1249 3145 1274 3202 2,
1287 3145 1309 3193 3.
1325 3171 1350 3179 -
1447 3195 1448 3198 ,

271 3211 395 3262 tbaroedi
422 3212 514 3262 babitu
539 3215 711 3279 exprimitur:
747 3216 796 3266 sed
833 3219 892 3281 quid
907 3217 992 3279 possit]
1017 3216 1098 3280 aquid
1120 3219 1209 3280 magni
1227 3231 1260 3268 ac
1276 3219 1351 3268 dura-

271 3297 397 3336 nummos
413 3299 475 3336 cum
493 3287 663 3352 inscriptione
674 3290 798 3339 APOLLI-
834 3294 884 3343 turi
897 3293 979 3356 possit
991 3291 1125 3342 allicere.»
1137 3293 1290 3343 Lectionum
1298 3305 1352 3353 pos-

271 3362 327 3412 Nts
350 3361 519 3420 cantoria,
546 3376 614 3426 quos
638 3364 796 3426 Deeringius
832 3369 864 3416 sit
880 3367 959 3429 pauci
977 3365 1085 3428 quidem
1104 3379 1154 3417 nee
1174 3367 1293 3430 (excepto
1309 3379 1350 3414 no-

273 3438 418 3494 memorat,
436 3449 583 3498 nusquam,
603 3451 637 3487 ue
654 3439 723 3487 inter
739 3437 797 3488 Gol-
833 3445 889 3492 stro
905 3442 930 3502 S)
949 3440 1025 3490 valde
1042 3440 1104 3491 boni
1123 3442 1206 3492 Codd.
1220 3442 1348 3499 exhibent,

272 3511 371 3560 tzianos
399 3509 523 3574 quidem,
549 3513 674 3575 repperi:
702 3513 796 3562 coniu—
833 3513 913 3564 veluti
931 3515 1003 3578 apud
1020 3515 1168 3566 Gonodium
1183 3516 1248 3567 Cod.
1261 3517 1349 3579 Regius

271 3581 343 3634 disse
359 3591 489 3635 mern
504 3586 610 3636 videtur
625 3601 688 3638 cum
699 3588 796 3639 APOL-
833 3589 874 3638 32.
887 3589 946 3638 Sec.
960 3589 1024 3649 XV..
1037 3601 1107 3640 uuus
1119 3591 1201 3648 Feae,
1215 3603 1281 3640 unus
1292 3591 1347 3639 bui-

271 3657 346 3706 thiil
364 3658 578 3710 ClTHAliOEDO.
833 3665 894 3724 sini,
913 3675 982 3714 uuus
999 3663 1109 3714 Fabricii
1126 3667 1154 3714 et
1170 3664 1267 3728 aliquot
1279 3667 1347 3714 tam

305 3729 427 3781 tos-itt.
445 3734 548 3784 Natura
565 3737 627 3799 cet}
645 3737 722 3786 Brevi
735 3749 794 3786 mox
833 3737 900 3797 bini,
919 3749 980 3787 cum
998 3736 1075 3800 louge
1092 3736 1198 3802 plurimi
1216 3737 1346 3788 exhibeant

271 3807 474 3867 praecepturus,
493 3807 629 3870 quomodo
641 3809 796 3860 educendus
830 3812 919 3874 prosit.
938 3813 1060 3861 tuamen
1079 3813 1199 3862 nostram
1216 3811 1344 3862 lectionem

271 3875 479 3943 immundusque
496 3882 531 3931 sit
545 3895 627 3934 verus
644 3884 688 3933 bic
708 3885 794 3946 poeta,
833 3886 897 3936 satis
923 3886 1008 3934 munit
1029 3897 1091 3935 cnm
1112 3887 1200 3948 gravis
1215 3884 1345 3934 auctoritas

271 3951 344 4012 prius
365 3954 448 4016 tangit
464 3958 649 4018 quaestionem
669 3957 796 4020 trequen-
832 3959 937 4010 loannis
954 3958 1158 4010 sarisberiensis
1175 3957 1257 4010 tletal.
1271 3958 1280 4005 l
1292 3995 1297 4016 ‚
1310 3955 1342 4008 8..

271 4024 356 4074 terab
368 4028 483 4092 antiquie
493 4031 649 4081 institutam.
665 4032 797 4082 lieditau-
833 4033 879 4084 ubi
897 4032 999 4083 stediti
1011 4035 1207 4095 erumpnosa,
1225 4037 1277 4082 tum
1287 4041 1344 4079 sen-

270 4100 326 4148 tem
351 4101 551 4162 qundammodo
576 4105 610 4154 ad
636 4119 661 4154 v.
680 4107 738 4156 295.
763 4119 794 4155 ex
833 4120 879 4158 sus
905 4109 978 4170 ipse,
1006 4109 1035 4158 ut
1060 4107 1250 4159 demonstravit
1272 4105 1344 4154 Bent-

270 4170 353 4235 ipsius
368 4179 530 4239 praecepto:
558 4179 680 4241 Pleraque
694 4181 796 4243 uittam
832 4181 914 4232 letus:
942 4183 1023 4243 corriti
1036 4183 1126 4244 possit,
1144 4185 1173 4233 rt
1188 4179 1287 4232 δύναιτ’
1300 4171 1342 4230 ἄν.

268 4250 293 4294 et
305 4258 427 4306 proeaees
442 4251 469 4300 in
485 4255 581 4314 tenipus
596 4254 702 4304 mitet
734 4255 796 4304 Plu·
832 4256 896 4318 quid
913 4253 1059 4318 laudabile,
1078 4257 1143 4320 quid
1159 4257 1287 4320 egregium
1301 4261 1344 4314 li·
