<?xml version="1.0" encoding="UTF-8"?>
<!DOCTYPE html PUBLIC "-//W3C//DTD XHTML 1.0 Transitional//EN"
    "http://www.w3.org/TR/xhtml1/DTD/xhtml1-transitional.dtd">
<html xmlns="http://www.w3.org/1999/xhtml" xml:lang="en" lang="en">
 <head>
  <title>
</title>
<meta http-equiv="Content-Type" content="text/html;charset=utf-8" />
  <meta name='ocr-system' content='tesseract 3.04.00' />
  <meta name='ocr-capabilities' content='ocr_page ocr_carea ocr_par ocr_line ocrx_word'/>
</head>
<body>
  <div class='ocr_page' id='page_1' title='image "./qhoratiusflaccu03baitgoog/qhoratiusflaccu03baitgoog_0348.png"; bbox 0 0 2925 4892; ppageno 0'>
   <div class='ocr_carea' id='block_1_1' title="bbox 252 362 957 425">
    <p class='ocr_par' dir='ltr' id='par_1_1' title="bbox 252 362 957 425">
     <span class='ocr_line' id='line_1_1' title="bbox 252 362 957 425; baseline -0.016 1"><span class='ocrx_word' id='word_1_1' title='bbox 252 362 313 425; x_wconf 86' lang='lat' dir='ltr'><strong>3t8</strong></span> <span class='ocrx_word' id='word_1_2' title='bbox 630 364 957 417; x_wconf 79' lang='lat' dir='ltr'><strong>uoalrusarraiauu</strong></span> 
     </span>
    </p>
   </div>
   <div class='ocr_carea' id='block_1_2' title="bbox 618 778 970 843">
    <p class='ocr_par' dir='ltr' id='par_1_2' title="bbox 618 778 970 843">
     <span class='ocr_line' id='line_1_2' title="bbox 618 778 970 843; baseline -0.006 0"><span class='ocrx_word' id='word_1_3' title='bbox 618 780 828 843; x_wconf 61' lang='grc' dir='ltr'><strong>ΕΔΜ</strong></span> <span class='ocrx_word' id='word_1_4' title='bbox 851 778 970 841; x_wconf 74' lang='lat' dir='ltr'><strong>Vm·</strong></span> 
     </span>
    </p>
   </div>
   <div class='ocr_carea' id='block_1_3' title="bbox 294 919 929 992">
    <p class='ocr_par' dir='ltr' id='par_1_3' title="bbox 294 919 929 992">
     <span class='ocr_line' id='line_1_3' title="bbox 294 919 929 992; baseline -0.011 0"><span class='ocrx_word' id='word_1_5' title='bbox 294 925 334 992; x_wconf 90' lang='lat' dir='ltr'><strong>Ut</strong></span> <span class='ocrx_word' id='word_1_6' title='bbox 354 921 516 989; x_wconf 84' lang='lat' dir='ltr'><strong>Nasidieni</strong></span> <span class='ocrx_word' id='word_1_7' title='bbox 540 921 619 986; x_wconf 89' lang='lat' dir='ltr'><strong>iuvit</strong></span> <span class='ocrx_word' id='word_1_8' title='bbox 640 930 672 985; x_wconf 87' lang='lat' dir='ltr'><strong>te</strong></span> <span class='ocrx_word' id='word_1_9' title='bbox 693 940 797 986; x_wconf 89' lang='lat' dir='ltr'><strong>coena</strong></span> <span class='ocrx_word' id='word_1_10' title='bbox 818 919 929 986; x_wconf 80' lang='lat' dir='ltr'><strong>beati?</strong></span> 
     </span>
    </p>
   </div>
   <div class='ocr_carea' id='block_1_4' title="bbox 282 1096 1306 1237">
    <p class='ocr_par' dir='ltr' id='par_1_4' title="bbox 282 1096 1306 1237">
     <span class='ocr_line' id='line_1_4' title="bbox 315 1096 1306 1161; baseline -0.001 -10"><span class='ocrx_word' id='word_1_11' title='bbox 315 1101 383 1152; x_wconf 81' lang='lat' dir='ltr'><strong>Shl&#39;.</strong></span> <span class='ocrx_word' id='word_1_12' title='bbox 401 1102 466 1150; x_wconf 86' lang='lat' dir='ltr'><strong>vill.</strong></span> <span class='ocrx_word' id='word_1_13' title='bbox 503 1101 526 1149; x_wconf 89' lang='lat' dir='ltr'><strong>l.</strong></span> <span class='ocrx_word' id='word_1_14' title='bbox 547 1100 577 1149; x_wconf 84' lang='lat' dir='ltr'><strong>Ut</strong></span> <span class='ocrx_word' id='word_1_15' title='bbox 593 1105 616 1149; x_wconf 87' lang='lat' dir='ltr'><strong>te</strong></span> <span class='ocrx_word' id='word_1_16' title='bbox 631 1099 762 1148; x_wconf 82' lang='lat' dir='ltr'><strong>Nasidieni</strong></span> <span class='ocrx_word' id='word_1_17' title='bbox 777 1100 841 1148; x_wconf 83' lang='lat' dir='ltr'><strong>iacit</strong></span> <span class='ocrx_word' id='word_1_18' title='bbox 857 1112 890 1148; x_wconf 86' lang='lat' dir='ltr'><strong>ex</strong></span> <span class='ocrx_word' id='word_1_19' title='bbox 907 1097 992 1148; x_wconf 89' lang='lat' dir='ltr'><strong>Codd.</strong></span> <span class='ocrx_word' id='word_1_20' title='bbox 1006 1096 1051 1148; x_wconf 90' lang='lat' dir='ltr'><strong>Sil.</strong></span> <span class='ocrx_word' id='word_1_21' title='bbox 1064 1102 1092 1149; x_wconf 87' lang='lat' dir='ltr'><strong>et</strong></span> <span class='ocrx_word' id='word_1_22' title='bbox 1109 1100 1183 1149; x_wconf 90' lang='lat' dir='ltr'><strong>Mart.</strong></span> <span class='ocrx_word' id='word_1_23' title='bbox 1197 1102 1227 1161; x_wconf 86' lang='lat' dir='ltr'><strong>C,</strong></span> <span class='ocrx_word' id='word_1_24' title='bbox 1246 1102 1306 1150; x_wconf 88' lang='lat' dir='ltr'><strong>Nu·</strong></span> 
     </span>
     <span class='ocr_line' id='line_1_5' title="bbox 282 1172 1000 1237; baseline 0 -14"><span class='ocrx_word' id='word_1_25' title='bbox 282 1174 368 1225; x_wconf 81' lang='lat' dir='ltr'><strong>sidicat</strong></span> <span class='ocrx_word' id='word_1_26' title='bbox 385 1175 428 1236; x_wconf 81' lang='lat' dir='ltr'><strong>qai</strong></span> <span class='ocrx_word' id='word_1_27' title='bbox 444 1174 507 1223; x_wconf 83' lang='lat' dir='ltr'><strong>iuvit</strong></span> <span class='ocrx_word' id='word_1_28' title='bbox 523 1178 546 1223; x_wconf 84' lang='lat' dir='ltr'><strong>te</strong></span> <span class='ocrx_word' id='word_1_29' title='bbox 563 1186 577 1223; x_wconf 88' lang='lat' dir='ltr'><strong>e</strong></span> <span class='ocrx_word' id='word_1_30' title='bbox 597 1172 681 1223; x_wconf 90' lang='lat' dir='ltr'><strong>Codd.</strong></span> <span class='ocrx_word' id='word_1_31' title='bbox 701 1172 728 1222; x_wconf 86' lang='lat' dir='ltr'><strong>F.</strong></span> <span class='ocrx_word' id='word_1_32' title='bbox 750 1174 790 1236; x_wconf 83' lang='lat' dir='ltr'><strong>(Ut</strong></span> <span class='ocrx_word' id='word_1_33' title='bbox 806 1186 868 1233; x_wconf 92' lang='lat' dir='ltr'><strong>nos,</strong></span> <span class='ocrx_word' id='word_1_34' title='bbox 887 1172 1000 1237; x_wconf 83' lang='lat' dir='ltr'><strong>bSEcp.)</strong></span> 
     </span>
    </p>
   </div>
   <div class='ocr_carea' id='block_1_5' title="bbox 213 1320 1343 4284">
    <p class='ocr_par' dir='ltr' id='par_1_5' title="bbox 213 1320 1343 4284">
     <span class='ocr_line' id='line_1_6' title="bbox 282 1320 1343 1383; baseline 0.002 -12"><span class='ocrx_word' id='word_1_35' title='bbox 282 1324 346 1371; x_wconf 87' lang='lat' dir='ltr'><strong>Vlll.</strong></span> <span class='ocrx_word' id='word_1_36' title='bbox 376 1322 514 1373; x_wconf 86' lang='lat' dir='ltr'><strong>Mirificam</strong></span> <span class='ocrx_word' id='word_1_37' title='bbox 544 1320 678 1372; x_wconf 80' lang='lat' dir='ltr'><strong>Nasidieni</strong></span> <span class='ocrx_word' id='word_1_38' title='bbox 710 1334 775 1370; x_wconf 86' lang='lat' dir='ltr'><strong>coe·</strong></span> <span class='ocrx_word' id='word_1_39' title='bbox 812 1320 867 1370; x_wconf 87' lang='lat' dir='ltr'><strong>bat.</strong></span> <span class='ocrx_word' id='word_1_40' title='bbox 902 1322 1234 1383; x_wconf 83' lang='lat' dir='ltr'><strong>Sinrerumestnomen,</strong></span> <span class='ocrx_word' id='word_1_41' title='bbox 1252 1325 1343 1373; x_wconf 81' lang='lat' dir='ltr'><strong>ntro-</strong></span> 
     </span>
     <span class='ocr_line' id='line_1_7' title="bbox 249 1394 1343 1456; baseline 0.001 -9"><span class='ocrx_word' id='word_1_42' title='bbox 249 1409 312 1447; x_wconf 93' lang='lat' dir='ltr'><strong>nam</strong></span> <span class='ocrx_word' id='word_1_43' title='bbox 329 1397 419 1446; x_wconf 89' lang='lat' dir='ltr'><strong>narrat</strong></span> <span class='ocrx_word' id='word_1_44' title='bbox 436 1396 542 1446; x_wconf 91' lang='lat' dir='ltr'><strong>lloratio</strong></span> <span class='ocrx_word' id='word_1_45' title='bbox 555 1396 714 1445; x_wconf 78' lang='lat' dir='ltr'><strong>Fundanius.</strong></span> <span class='ocrx_word' id='word_1_46' title='bbox 745 1394 776 1445; x_wconf 95' lang='lat' dir='ltr'><strong>ll·</strong></span> <span class='ocrx_word' id='word_1_47' title='bbox 811 1394 868 1445; x_wconf 90' lang='lat' dir='ltr'><strong>lunt</strong></span> <span class='ocrx_word' id='word_1_48' title='bbox 884 1394 1061 1456; x_wconf 71' lang='lat' dir='ltr'><strong>scholiastae,</strong></span> <span class='ocrx_word' id='word_1_49' title='bbox 1081 1410 1134 1445; x_wconf 91' lang='lat' dir='ltr'><strong>uon</strong></span> <span class='ocrx_word' id='word_1_50' title='bbox 1152 1397 1186 1445; x_wconf 91' lang='lat' dir='ltr'><strong>ita</strong></span> <span class='ocrx_word' id='word_1_51' title='bbox 1198 1396 1343 1447; x_wconf 88' lang='lat' dir='ltr'><strong>multoan-</strong></span> 
     </span>
     <span class='ocr_line' id='line_1_8' title="bbox 248 1468 1340 1533; baseline 0 -12"><span class='ocrx_word' id='word_1_52' title='bbox 248 1470 292 1521; x_wconf 93' lang='lat' dir='ltr'><strong>lud</strong></span> <span class='ocrx_word' id='word_1_53' title='bbox 311 1474 401 1520; x_wconf 90' lang='lat' dir='ltr'><strong>autem</strong></span> <span class='ocrx_word' id='word_1_54' title='bbox 419 1471 541 1533; x_wconf 86' lang='lat' dir='ltr'><strong>quamvis</strong></span> <span class='ocrx_word' id='word_1_55' title='bbox 559 1482 665 1519; x_wconf 88' lang='lat' dir='ltr'><strong>summo</strong></span> <span class='ocrx_word' id='word_1_56' title='bbox 686 1469 774 1520; x_wconf 90' lang='lat' dir='ltr'><strong>studio</strong></span> <span class='ocrx_word' id='word_1_57' title='bbox 812 1471 854 1517; x_wconf 87' lang='lat' dir='ltr'><strong>tea</strong></span> <span class='ocrx_word' id='word_1_58' title='bbox 866 1471 981 1520; x_wconf 85' lang='lat' dir='ltr'><strong>mortem</strong></span> <span class='ocrx_word' id='word_1_59' title='bbox 994 1468 1091 1520; x_wconf 89' lang='lat' dir='ltr'><strong>obierit</strong></span> <span class='ocrx_word' id='word_1_60' title='bbox 1106 1472 1147 1531; x_wconf 90' lang='lat' dir='ltr'><strong>N.,</strong></span> <span class='ocrx_word' id='word_1_61' title='bbox 1161 1484 1274 1521; x_wconf 89' lang='lat' dir='ltr'><strong>necesse</strong></span> <span class='ocrx_word' id='word_1_62' title='bbox 1286 1474 1340 1521; x_wconf 90' lang='lat' dir='ltr'><strong>est.</strong></span> 
     </span>
     <span class='ocr_line' id='line_1_9' title="bbox 249 1542 1342 1608; baseline 0 -14"><span class='ocrx_word' id='word_1_63' title='bbox 249 1547 340 1608; x_wconf 88' lang='lat' dir='ltr'><strong>ageret</strong></span> <span class='ocrx_word' id='word_1_64' title='bbox 358 1545 435 1594; x_wconf 90' lang='lat' dir='ltr'><strong>huius</strong></span> <span class='ocrx_word' id='word_1_65' title='bbox 453 1544 566 1593; x_wconf 80' lang='lat' dir='ltr'><strong>convivii</strong></span> <span class='ocrx_word' id='word_1_66' title='bbox 583 1542 721 1603; x_wconf 91' lang='lat' dir='ltr'><strong>dominus,</strong></span> <span class='ocrx_word' id='word_1_67' title='bbox 745 1545 775 1592; x_wconf 87' lang='lat' dir='ltr'><strong>ut</strong></span> <span class='ocrx_word' id='word_1_68' title='bbox 811 1542 954 1606; x_wconf 74' lang='lat' dir='ltr'><strong>Singularis</strong></span> <span class='ocrx_word' id='word_1_69' title='bbox 972 1546 1064 1593; x_wconf 88' lang='lat' dir='ltr'><strong>autem</strong></span> <span class='ocrx_word' id='word_1_70' title='bbox 1081 1546 1109 1593; x_wconf 88' lang='lat' dir='ltr'><strong>et</strong></span> <span class='ocrx_word' id='word_1_71' title='bbox 1126 1557 1170 1595; x_wconf 88' lang='lat' dir='ltr'><strong>ara</strong></span> <span class='ocrx_word' id='word_1_72' title='bbox 1187 1546 1215 1594; x_wconf 88' lang='lat' dir='ltr'><strong>et</strong></span> <span class='ocrx_word' id='word_1_73' title='bbox 1231 1544 1342 1595; x_wconf 86' lang='lat' dir='ltr'><strong>urbani-</strong></span> 
     </span>
     <span class='ocr_line' id='line_1_10' title="bbox 249 1618 1339 1682; baseline 0 -13"><span class='ocrx_word' id='word_1_74' title='bbox 249 1632 340 1669; x_wconf 91' lang='lat' dir='ltr'><strong>coram</strong></span> <span class='ocrx_word' id='word_1_75' title='bbox 356 1619 523 1679; x_wconf 75' lang='lat' dir='ltr'><strong>Maecenate,</strong></span> <span class='ocrx_word' id='word_1_76' title='bbox 548 1620 574 1667; x_wconf 92' lang='lat' dir='ltr'><strong>in</strong></span> <span class='ocrx_word' id='word_1_77' title='bbox 596 1618 671 1667; x_wconf 87' lang='lat' dir='ltr'><strong>cuius</strong></span> <span class='ocrx_word' id='word_1_78' title='bbox 688 1618 775 1667; x_wconf 91' lang='lat' dir='ltr'><strong>hono-</strong></span> <span class='ocrx_word' id='word_1_79' title='bbox 811 1619 852 1667; x_wconf 92' lang='lat' dir='ltr'><strong>tas</strong></span> <span class='ocrx_word' id='word_1_80' title='bbox 869 1620 896 1668; x_wconf 92' lang='lat' dir='ltr'><strong>in</strong></span> <span class='ocrx_word' id='word_1_81' title='bbox 912 1632 945 1670; x_wconf 88' lang='lat' dir='ltr'><strong>eo</strong></span> <span class='ocrx_word' id='word_1_82' title='bbox 958 1620 1089 1679; x_wconf 86' lang='lat' dir='ltr'><strong>cernitur,</strong></span> <span class='ocrx_word' id='word_1_83' title='bbox 1108 1618 1181 1682; x_wconf 89' lang='lat' dir='ltr'><strong>qnod</strong></span> <span class='ocrx_word' id='word_1_84' title='bbox 1192 1618 1262 1669; x_wconf 88' lang='lat' dir='ltr'><strong>nulla</strong></span> <span class='ocrx_word' id='word_1_85' title='bbox 1273 1632 1339 1680; x_wconf 83' lang='lat' dir='ltr'><strong>vox,</strong></span> 
     </span>
     <span class='ocr_line' id='line_1_11' title="bbox 249 1690 1342 1755; baseline 0 -12"><span class='ocrx_word' id='word_1_86' title='bbox 249 1707 306 1745; x_wconf 90' lang='lat' dir='ltr'><strong>rem</strong></span> <span class='ocrx_word' id='word_1_87' title='bbox 319 1693 446 1755; x_wconf 88' lang='lat' dir='ltr'><strong>dabatur,</strong></span> <span class='ocrx_word' id='word_1_88' title='bbox 465 1693 568 1743; x_wconf 86' lang='lat' dir='ltr'><strong>divitias</strong></span> <span class='ocrx_word' id='word_1_89' title='bbox 581 1706 655 1752; x_wconf 89' lang='lat' dir='ltr'><strong>suas,</strong></span> <span class='ocrx_word' id='word_1_90' title='bbox 675 1692 776 1754; x_wconf 87' lang='lat' dir='ltr'><strong>magni·</strong></span> <span class='ocrx_word' id='word_1_91' title='bbox 811 1690 898 1742; x_wconf 87' lang='lat' dir='ltr'><strong>nullus</strong></span> <span class='ocrx_word' id='word_1_92' title='bbox 914 1694 1005 1755; x_wconf 89' lang='lat' dir='ltr'><strong>gestus</strong></span> <span class='ocrx_word' id='word_1_93' title='bbox 1022 1692 1184 1743; x_wconf 78' lang='lat' dir='ltr'><strong>Maecenatis</strong></span> <span class='ocrx_word' id='word_1_94' title='bbox 1200 1706 1342 1743; x_wconf 87' lang='lat' dir='ltr'><strong>memora-</strong></span> 
     </span>
     <span class='ocr_line' id='line_1_12' title="bbox 248 1766 1342 1831; baseline 0.001 -15"><span class='ocrx_word' id='word_1_95' title='bbox 248 1767 381 1818; x_wconf 85' lang='lat' dir='ltr'><strong>tloentlam</strong></span> <span class='ocrx_word' id='word_1_96' title='bbox 407 1771 487 1831; x_wconf 91' lang='lat' dir='ltr'><strong>atque</strong></span> <span class='ocrx_word' id='word_1_97' title='bbox 514 1766 621 1830; x_wconf 76' lang='lat' dir='ltr'><strong>elegans</strong></span> <span class='ocrx_word' id='word_1_98' title='bbox 647 1766 774 1817; x_wconf 89' lang='lat' dir='ltr'><strong>iudicium</strong></span> <span class='ocrx_word' id='word_1_99' title='bbox 811 1767 867 1826; x_wconf 89' lang='lat' dir='ltr'><strong>tur,</strong></span> <span class='ocrx_word' id='word_1_100' title='bbox 889 1769 982 1831; x_wconf 90' lang='lat' dir='ltr'><strong>utpote</strong></span> <span class='ocrx_word' id='word_1_101' title='bbox 1000 1767 1046 1830; x_wconf 90' lang='lat' dir='ltr'><strong>qui</strong></span> <span class='ocrx_word' id='word_1_102' title='bbox 1064 1768 1206 1818; x_wconf 80' lang='lat' dir='ltr'><strong>comitibus</strong></span> <span class='ocrx_word' id='word_1_103' title='bbox 1223 1768 1342 1818; x_wconf 88' lang='lat' dir='ltr'><strong>iocanti-</strong></span> 
     </span>
     <span class='ocr_line' id='line_1_13' title="bbox 248 1838 1342 1906; baseline -0.001 -14"><span class='ocrx_word' id='word_1_104' title='bbox 248 1844 407 1902; x_wconf 89' lang='lat' dir='ltr'><strong>ostentaret,</strong></span> <span class='ocrx_word' id='word_1_105' title='bbox 427 1845 518 1893; x_wconf 89' lang='lat' dir='ltr'><strong>tamen</strong></span> <span class='ocrx_word' id='word_1_106' title='bbox 530 1854 640 1906; x_wconf 87' lang='lat' dir='ltr'><strong>operam</strong></span> <span class='ocrx_word' id='word_1_107' title='bbox 659 1843 713 1890; x_wconf 91' lang='lat' dir='ltr'><strong>tam</strong></span> <span class='ocrx_word' id='word_1_108' title='bbox 726 1841 775 1889; x_wconf 91' lang='lat' dir='ltr'><strong>mi·</strong></span> <span class='ocrx_word' id='word_1_109' title='bbox 810 1838 862 1890; x_wconf 90' lang='lat' dir='ltr'><strong>bus</strong></span> <span class='ocrx_word' id='word_1_110' title='bbox 879 1843 959 1903; x_wconf 91' lang='lat' dir='ltr'><strong>atque</strong></span> <span class='ocrx_word' id='word_1_111' title='bbox 977 1842 1120 1903; x_wconf 79' lang='lat' dir='ltr'><strong>parcebam</strong></span> <span class='ocrx_word' id='word_1_112' title='bbox 1136 1840 1205 1892; x_wconf 89' lang='lat' dir='ltr'><strong>salse</strong></span> <span class='ocrx_word' id='word_1_113' title='bbox 1222 1842 1342 1891; x_wconf 88' lang='lat' dir='ltr'><strong>irriden-</strong></span> 
     </span>
     <span class='ocr_line' id='line_1_14' title="bbox 248 1912 1341 1979; baseline 0.001 -14"><span class='ocrx_word' id='word_1_114' title='bbox 248 1928 309 1966; x_wconf 88' lang='lat' dir='ltr'><strong>sera</strong></span> <span class='ocrx_word' id='word_1_115' title='bbox 337 1916 466 1979; x_wconf 92' lang='lat' dir='ltr'><strong>perdidit,</strong></span> <span class='ocrx_word' id='word_1_116' title='bbox 500 1920 529 1966; x_wconf 93' lang='lat' dir='ltr'><strong>ut</strong></span> <span class='ocrx_word' id='word_1_117' title='bbox 556 1918 598 1965; x_wconf 83' lang='lat' dir='ltr'><strong>vir</strong></span> <span class='ocrx_word' id='word_1_118' title='bbox 627 1915 773 1979; x_wconf 89' lang='lat' dir='ltr'><strong>quidquam</strong></span> <span class='ocrx_word' id='word_1_119' title='bbox 811 1912 896 1973; x_wconf 92' lang='lat' dir='ltr'><strong>tibus,</strong></span> <span class='ocrx_word' id='word_1_120' title='bbox 914 1916 971 1977; x_wconf 91' lang='lat' dir='ltr'><strong>ipse</strong></span> <span class='ocrx_word' id='word_1_121' title='bbox 990 1917 1070 1965; x_wconf 90' lang='lat' dir='ltr'><strong>etiam</strong></span> <span class='ocrx_word' id='word_1_122' title='bbox 1087 1916 1209 1966; x_wconf 82' lang='lat' dir='ltr'><strong>convivio</strong></span> <span class='ocrx_word' id='word_1_123' title='bbox 1227 1919 1282 1966; x_wconf 89' lang='lat' dir='ltr'><strong>tam</strong></span> <span class='ocrx_word' id='word_1_124' title='bbox 1295 1918 1341 1966; x_wconf 92' lang='lat' dir='ltr'><strong>in-</strong></span> 
     </span>
     <span class='ocr_line' id='line_1_15' title="bbox 213 1988 1341 2053; baseline 0.002 -15"><span class='ocrx_word' id='word_1_125' title='bbox 213 2014 217 2023; x_wconf 84' lang='lat'><strong>.</strong></span> <span class='ocrx_word' id='word_1_126' title='bbox 248 1991 375 2053; x_wconf 91' lang='lat' dir='ltr'><strong>ineptius,</strong></span> <span class='ocrx_word' id='word_1_127' title='bbox 400 1992 543 2053; x_wconf 87' lang='lat' dir='ltr'><strong>agrestius,</strong></span> <span class='ocrx_word' id='word_1_128' title='bbox 569 1991 652 2053; x_wconf 90' lang='lat' dir='ltr'><strong>magis</strong></span> <span class='ocrx_word' id='word_1_129' title='bbox 674 1990 773 2039; x_wconf 89' lang='lat' dir='ltr'><strong>ridicu·</strong></span> <span class='ocrx_word' id='word_1_130' title='bbox 811 1990 873 2051; x_wconf 90' lang='lat' dir='ltr'><strong>epto</strong></span> <span class='ocrx_word' id='word_1_131' title='bbox 884 1989 1066 2053; x_wconf 82' lang='lat' dir='ltr'><strong>maximopere</strong></span> <span class='ocrx_word' id='word_1_132' title='bbox 1077 1988 1246 2051; x_wconf 82' lang='lat' dir='ltr'><strong>exhilaratus,</strong></span> <span class='ocrx_word' id='word_1_133' title='bbox 1257 2003 1341 2041; x_wconf 89' lang='lat' dir='ltr'><strong>suam</strong></span> 
     </span>
     <span class='ocr_line' id='line_1_16' title="bbox 248 2060 1341 2127; baseline 0 -14"><span class='ocrx_word' id='word_1_134' title='bbox 248 2063 337 2113; x_wconf 87' lang='lat' dir='ltr'><strong>culum</strong></span> <span class='ocrx_word' id='word_1_135' title='bbox 355 2064 461 2127; x_wconf 84' lang='lat' dir='ltr'><strong>cogitari</strong></span> <span class='ocrx_word' id='word_1_136' title='bbox 480 2066 584 2126; x_wconf 90' lang='lat' dir='ltr'><strong>posset,</strong></span> <span class='ocrx_word' id='word_1_137' title='bbox 607 2076 688 2127; x_wconf 92' lang='lat' dir='ltr'><strong>quam</strong></span> <span class='ocrx_word' id='word_1_138' title='bbox 706 2063 773 2112; x_wconf 87' lang='lat' dir='ltr'><strong>haee</strong></span> <span class='ocrx_word' id='word_1_139' title='bbox 811 2060 965 2123; x_wconf 86' lang='lat' dir='ltr'><strong>dignitatem</strong></span> <span class='ocrx_word' id='word_1_140' title='bbox 982 2060 1100 2113; x_wconf 89' lang='lat' dir='ltr'><strong>illaesam</strong></span> <span class='ocrx_word' id='word_1_141' title='bbox 1118 2065 1239 2113; x_wconf 85' lang='lat' dir='ltr'><strong>servarit.</strong></span> <span class='ocrx_word' id='word_1_142' title='bbox 1269 2066 1341 2114; x_wconf 84' lang='lat' dir='ltr'><strong>Per-</strong></span> 
     </span>
     <span class='ocr_line' id='line_1_17' title="bbox 247 2135 1341 2204; baseline -0.001 -15"><span class='ocrx_word' id='word_1_143' title='bbox 247 2141 304 2204; x_wconf 88' lang='lat' dir='ltr'><strong>ipsa</strong></span> <span class='ocrx_word' id='word_1_144' title='bbox 330 2152 414 2188; x_wconf 87' lang='lat' dir='ltr'><strong>coena</strong></span> <span class='ocrx_word' id='word_1_145' title='bbox 441 2141 467 2187; x_wconf 92' lang='lat' dir='ltr'><strong>et</strong></span> <span class='ocrx_word' id='word_1_146' title='bbox 492 2138 538 2199; x_wconf 93' lang='lat' dir='ltr'><strong>qui</strong></span> <span class='ocrx_word' id='word_1_147' title='bbox 563 2150 624 2187; x_wconf 88' lang='lat' dir='ltr'><strong>eam</strong></span> <span class='ocrx_word' id='word_1_148' title='bbox 649 2137 774 2201; x_wconf 88' lang='lat' dir='ltr'><strong>praebuit</strong></span> <span class='ocrx_word' id='word_1_149' title='bbox 810 2135 912 2186; x_wconf 91' lang='lat' dir='ltr'><strong>tinebat</strong></span> <span class='ocrx_word' id='word_1_150' title='bbox 922 2141 1013 2186; x_wconf 88' lang='lat' dir='ltr'><strong>autem</strong></span> <span class='ocrx_word' id='word_1_151' title='bbox 1024 2135 1100 2197; x_wconf 91' lang='lat' dir='ltr'><strong>illud,</strong></span> <span class='ocrx_word' id='word_1_152' title='bbox 1119 2138 1227 2201; x_wconf 82' lang='lat' dir='ltr'><strong>opinor,</strong></span> <span class='ocrx_word' id='word_1_153' title='bbox 1245 2136 1341 2188; x_wconf 85' lang='lat' dir='ltr'><strong>adto-</strong></span> 
     </span>
     <span class='ocr_line' id='line_1_18' title="bbox 247 2211 1341 2276; baseline -0.001 -12"><span class='ocrx_word' id='word_1_154' title='bbox 247 2213 404 2264; x_wconf 90' lang='lat' dir='ltr'><strong>Nasidienus</strong></span> <span class='ocrx_word' id='word_1_155' title='bbox 430 2226 463 2261; x_wconf 79' lang='lat' dir='ltr'><strong>aa</strong></span> <span class='ocrx_word' id='word_1_156' title='bbox 487 2214 574 2276; x_wconf 74' lang='lat' dir='ltr'><strong>infimo</strong></span> <span class='ocrx_word' id='word_1_157' title='bbox 597 2212 716 2274; x_wconf 74' lang='lat' dir='ltr'><strong>fortuna,</strong></span> <span class='ocrx_word' id='word_1_158' title='bbox 743 2216 773 2262; x_wconf 94' lang='lat' dir='ltr'><strong>ut</strong></span> <span class='ocrx_word' id='word_1_159' title='bbox 810 2213 865 2259; x_wconf 85' lang='lat' dir='ltr'><strong>tam</strong></span> <span class='ocrx_word' id='word_1_160' title='bbox 881 2211 942 2259; x_wconf 80' lang='lat' dir='ltr'><strong>novi</strong></span> <span class='ocrx_word' id='word_1_161' title='bbox 958 2211 1121 2275; x_wconf 86' lang='lat' dir='ltr'><strong>principatus</strong></span> <span class='ocrx_word' id='word_1_162' title='bbox 1137 2212 1281 2269; x_wconf 88' lang='lat' dir='ltr'><strong>rationem,</strong></span> <span class='ocrx_word' id='word_1_163' title='bbox 1307 2216 1341 2263; x_wconf 82' lang='lat' dir='ltr'><strong>nt</strong></span> 
     </span>
     <span class='ocr_line' id='line_1_19' title="bbox 247 2285 1341 2350; baseline -0.002 -12"><span class='ocrx_word' id='word_1_164' title='bbox 247 2289 336 2339; x_wconf 91' lang='lat' dir='ltr'><strong>omnia</strong></span> <span class='ocrx_word' id='word_1_165' title='bbox 360 2289 487 2350; x_wconf 85' lang='lat' dir='ltr'><strong>arguunt,</strong></span> <span class='ocrx_word' id='word_1_166' title='bbox 507 2291 652 2348; x_wconf 56' lang='lat' dir='ltr'><strong>prouectum</strong></span> <span class='ocrx_word' id='word_1_167' title='bbox 676 2286 770 2347; x_wconf 90' lang='lat' dir='ltr'><strong>homo,</strong></span> <span class='ocrx_word' id='word_1_168' title='bbox 810 2286 910 2335; x_wconf 89' lang='lat' dir='ltr'><strong>Caesar</strong></span> <span class='ocrx_word' id='word_1_169' title='bbox 932 2285 1066 2335; x_wconf 88' lang='lat' dir='ltr'><strong>interdum</strong></span> <span class='ocrx_word' id='word_1_170' title='bbox 1088 2288 1162 2336; x_wconf 91' lang='lat' dir='ltr'><strong>certe</strong></span> <span class='ocrx_word' id='word_1_171' title='bbox 1180 2287 1341 2337; x_wconf 88' lang='lat' dir='ltr'><strong>comitatem</strong></span> 
     </span>
     <span class='ocr_line' id='line_1_20' title="bbox 246 2360 1340 2423; baseline -0.001 -12"><span class='ocrx_word' id='word_1_172' title='bbox 246 2366 276 2412; x_wconf 89' lang='lat' dir='ltr'><strong>ut</strong></span> <span class='ocrx_word' id='word_1_173' title='bbox 303 2360 443 2411; x_wconf 88' lang='lat' dir='ltr'><strong>Wielandii</strong></span> <span class='ocrx_word' id='word_1_174' title='bbox 470 2362 559 2412; x_wconf 88' lang='lat' dir='ltr'><strong>verbis</strong></span> <span class='ocrx_word' id='word_1_175' title='bbox 587 2364 660 2421; x_wconf 90' lang='lat' dir='ltr'><strong>utar,</strong></span> <span class='ocrx_word' id='word_1_176' title='bbox 691 2374 772 2410; x_wconf 89' lang='lat' dir='ltr'><strong>avare</strong></span> <span class='ocrx_word' id='word_1_177' title='bbox 809 2372 887 2409; x_wconf 89' lang='lat' dir='ltr'><strong>suam</strong></span> <span class='ocrx_word' id='word_1_178' title='bbox 904 2361 931 2410; x_wconf 92' lang='lat' dir='ltr'><strong>et</strong></span> <span class='ocrx_word' id='word_1_179' title='bbox 947 2360 1053 2411; x_wconf 90' lang='lat' dir='ltr'><strong>civilem</strong></span> <span class='ocrx_word' id='word_1_180' title='bbox 1070 2361 1188 2409; x_wconf 89' lang='lat' dir='ltr'><strong>animum</strong></span> <span class='ocrx_word' id='word_1_181' title='bbox 1199 2372 1250 2423; x_wconf 92' lang='lat' dir='ltr'><strong>per</strong></span> <span class='ocrx_word' id='word_1_182' title='bbox 1261 2362 1340 2410; x_wconf 89' lang='lat' dir='ltr'><strong>Mae-</strong></span> 
     </span>
     <span class='ocr_line' id='line_1_21' title="bbox 246 2428 1341 2501; baseline -0.002 -16"><span class='ocrx_word' id='word_1_183' title='bbox 246 2436 386 2501; x_wconf 89' lang='lat' dir='ltr'><strong>prodigus,</strong></span> <span class='ocrx_word' id='word_1_184' title='bbox 409 2434 526 2499; x_wconf 89' lang='lat' dir='ltr'><strong>superbe</strong></span> <span class='ocrx_word' id='word_1_185' title='bbox 544 2435 708 2495; x_wconf 88' lang='lat' dir='ltr'><strong>submissus,</strong></span> <span class='ocrx_word' id='word_1_186' title='bbox 727 2428 772 2484; x_wconf 76' lang='lat' dir='ltr'><strong>ar&#39;-</strong></span> <span class='ocrx_word' id='word_1_187' title='bbox 810 2436 932 2484; x_wconf 90' lang='lat' dir='ltr'><strong>cenatem</strong></span> <span class='ocrx_word' id='word_1_188' title='bbox 950 2434 1012 2484; x_wconf 92' lang='lat' dir='ltr'><strong>huie</strong></span> <span class='ocrx_word' id='word_1_189' title='bbox 1029 2435 1069 2484; x_wconf 86' lang='lat' dir='ltr'><strong>rei</strong></span> <span class='ocrx_word' id='word_1_190' title='bbox 1087 2435 1255 2498; x_wconf 87' lang='lat' dir='ltr'><strong>aptissimum</strong></span> <span class='ocrx_word' id='word_1_191' title='bbox 1275 2433 1341 2483; x_wconf 84' lang='lat' dir='ltr'><strong>tali-</strong></span> 
     </span>
     <span class='ocr_line' id='line_1_22' title="bbox 249 2506 1340 2573; baseline 0 -14"><span class='ocrx_word' id='word_1_192' title='bbox 249 2512 374 2573; x_wconf 85' lang='lat' dir='ltr'><strong>roganter</strong></span> <span class='ocrx_word' id='word_1_193' title='bbox 392 2508 533 2569; x_wconf 87' lang='lat' dir='ltr'><strong>credulus,</strong></span> <span class='ocrx_word' id='word_1_194' title='bbox 561 2509 719 2573; x_wconf 80' lang='lat' dir='ltr'><strong>elegantiam</strong></span> <span class='ocrx_word' id='word_1_195' title='bbox 746 2512 774 2559; x_wconf 90' lang='lat' dir='ltr'><strong>et</strong></span> <span class='ocrx_word' id='word_1_196' title='bbox 809 2506 861 2559; x_wconf 89' lang='lat' dir='ltr'><strong>bus</strong></span> <span class='ocrx_word' id='word_1_197' title='bbox 878 2522 985 2571; x_wconf 91' lang='lat' dir='ltr'><strong>quoque</strong></span> <span class='ocrx_word' id='word_1_198' title='bbox 1005 2508 1157 2559; x_wconf 89' lang='lat' dir='ltr'><strong>hominibus</strong></span> <span class='ocrx_word' id='word_1_199' title='bbox 1175 2508 1340 2573; x_wconf 88' lang='lat' dir='ltr'><strong>comproba-</strong></span> 
     </span>
     <span class='ocr_line' id='line_1_23' title="bbox 246 2582 1339 2649; baseline -0.002 -14"><span class='ocrx_word' id='word_1_200' title='bbox 246 2585 424 2635; x_wconf 88' lang='lat' dir='ltr'><strong>urbanitatem</strong></span> <span class='ocrx_word' id='word_1_201' title='bbox 439 2582 549 2633; x_wconf 92' lang='lat' dir='ltr'><strong>ridicule</strong></span> <span class='ocrx_word' id='word_1_202' title='bbox 563 2583 772 2649; x_wconf 75' lang='lat' dir='ltr'><strong>affectans,sed</strong></span> <span class='ocrx_word' id='word_1_203' title='bbox 809 2582 863 2640; x_wconf 85' lang='lat' dir='ltr'><strong>ret;</strong></span> <span class='ocrx_word' id='word_1_204' title='bbox 883 2583 940 2645; x_wconf 90' lang='lat' dir='ltr'><strong>ipse</strong></span> <span class='ocrx_word' id='word_1_205' title='bbox 958 2583 1029 2632; x_wconf 93' lang='lat' dir='ltr'><strong>enim</strong></span> <span class='ocrx_word' id='word_1_206' title='bbox 1047 2582 1251 2633; x_wconf 88' lang='lat' dir='ltr'><strong>Nasidiencrum</strong></span> <span class='ocrx_word' id='word_1_207' title='bbox 1268 2595 1339 2633; x_wconf 88' lang='lat' dir='ltr'><strong>coe-</strong></span> 
     </span>
     <span class='ocr_line' id='line_1_24' title="bbox 246 2656 1338 2723; baseline 0.001 -15"><span class='ocrx_word' id='word_1_208' title='bbox 246 2659 318 2709; x_wconf 89' lang='lat' dir='ltr'><strong>idem</strong></span> <span class='ocrx_word' id='word_1_209' title='bbox 335 2660 453 2722; x_wconf 89' lang='lat' dir='ltr'><strong>ineptus,</strong></span> <span class='ocrx_word' id='word_1_210' title='bbox 478 2658 560 2708; x_wconf 90' lang='lat' dir='ltr'><strong>taedii</strong></span> <span class='ocrx_word' id='word_1_211' title='bbox 581 2657 688 2723; x_wconf 89' lang='lat' dir='ltr'><strong>plenus,</strong></span> <span class='ocrx_word' id='word_1_212' title='bbox 713 2661 771 2709; x_wconf 91' lang='lat' dir='ltr'><strong>sto-</strong></span> <span class='ocrx_word' id='word_1_213' title='bbox 808 2657 850 2706; x_wconf 92' lang='lat' dir='ltr'><strong>nis</strong></span> <span class='ocrx_word' id='word_1_214' title='bbox 868 2656 998 2707; x_wconf 86' lang='lat' dir='ltr'><strong>interesse</strong></span> <span class='ocrx_word' id='word_1_215' title='bbox 1016 2670 1069 2707; x_wconf 92' lang='lat' dir='ltr'><strong>non</strong></span> <span class='ocrx_word' id='word_1_216' title='bbox 1085 2660 1198 2721; x_wconf 86' lang='lat' dir='ltr'><strong>poterat.</strong></span> <span class='ocrx_word' id='word_1_217' title='bbox 1233 2658 1287 2707; x_wconf 88' lang='lat' dir='ltr'><strong>Sed</strong></span> <span class='ocrx_word' id='word_1_218' title='bbox 1300 2672 1338 2710; x_wconf 87' lang='lat' dir='ltr'><strong>ne</strong></span> 
     </span>
     <span class='ocr_line' id='line_1_25' title="bbox 245 2731 1338 2795; baseline 0 -12"><span class='ocrx_word' id='word_1_219' title='bbox 245 2733 328 2795; x_wconf 90' lang='lat' dir='ltr'><strong>lidus,</strong></span> <span class='ocrx_word' id='word_1_220' title='bbox 355 2734 426 2784; x_wconf 89' lang='lat' dir='ltr'><strong>omni</strong></span> <span class='ocrx_word' id='word_1_221' title='bbox 452 2746 534 2784; x_wconf 87' lang='lat' dir='ltr'><strong>sensu</strong></span> <span class='ocrx_word' id='word_1_222' title='bbox 563 2734 716 2794; x_wconf 90' lang='lat' dir='ltr'><strong>communi,</strong></span> <span class='ocrx_word' id='word_1_223' title='bbox 743 2734 773 2785; x_wconf 92' lang='lat' dir='ltr'><strong>li·</strong></span> <span class='ocrx_word' id='word_1_224' title='bbox 808 2731 945 2789; x_wconf 81' lang='lat' dir='ltr'><strong>molestiae</strong></span> <span class='ocrx_word' id='word_1_225' title='bbox 963 2731 1166 2793; x_wconf 87' lang='lat' dir='ltr'><strong>succumberet,</strong></span> <span class='ocrx_word' id='word_1_226' title='bbox 1189 2732 1338 2783; x_wconf 80' lang='lat' dir='ltr'><strong>Maecenas</strong></span> 
     </span>
     <span class='ocr_line' id='line_1_26' title="bbox 245 2804 1339 2871; baseline -0.001 -13"><span class='ocrx_word' id='word_1_227' title='bbox 245 2807 376 2859; x_wconf 89' lang='lat' dir='ltr'><strong>heraliore</strong></span> <span class='ocrx_word' id='word_1_228' title='bbox 394 2807 552 2857; x_wconf 88' lang='lat' dir='ltr'><strong>educatione</strong></span> <span class='ocrx_word' id='word_1_229' title='bbox 570 2821 602 2857; x_wconf 90' lang='lat' dir='ltr'><strong>ac</strong></span> <span class='ocrx_word' id='word_1_230' title='bbox 625 2808 694 2857; x_wconf 87' lang='lat' dir='ltr'><strong>vitae</strong></span> <span class='ocrx_word' id='word_1_231' title='bbox 720 2821 769 2859; x_wconf 93' lang='lat' dir='ltr'><strong>usu</strong></span> <span class='ocrx_word' id='word_1_232' title='bbox 808 2810 837 2859; x_wconf 91' lang='lat' dir='ltr'><strong>et</strong></span> <span class='ocrx_word' id='word_1_233' title='bbox 852 2808 953 2857; x_wconf 91' lang='lat' dir='ltr'><strong>amicos</strong></span> <span class='ocrx_word' id='word_1_234' title='bbox 971 2809 999 2855; x_wconf 91' lang='lat' dir='ltr'><strong>et</strong></span> <span class='ocrx_word' id='word_1_235' title='bbox 1015 2804 1125 2857; x_wconf 88' lang='lat' dir='ltr'><strong>umbras</strong></span> <span class='ocrx_word' id='word_1_236' title='bbox 1143 2805 1187 2856; x_wconf 90' lang='lat' dir='ltr'><strong>tall</strong></span> <span class='ocrx_word' id='word_1_237' title='bbox 1208 2808 1266 2857; x_wconf 90' lang='lat' dir='ltr'><strong>ioco</strong></span> <span class='ocrx_word' id='word_1_238' title='bbox 1284 2820 1339 2871; x_wconf 91' lang='lat' dir='ltr'><strong>pa-</strong></span> 
     </span>
     <span class='ocr_line' id='line_1_27' title="bbox 245 2878 1338 2943; baseline 0.001 -11"><span class='ocrx_word' id='word_1_239' title='bbox 245 2882 394 2932; x_wconf 89' lang='lat' dir='ltr'><strong>deetitutus.</strong></span> <span class='ocrx_word' id='word_1_240' title='bbox 446 2879 492 2930; x_wconf 90' lang='lat' dir='ltr'><strong>Vel</strong></span> <span class='ocrx_word' id='word_1_241' title='bbox 525 2878 658 2943; x_wconf 86' lang='lat' dir='ltr'><strong>hodieque</strong></span> <span class='ocrx_word' id='word_1_242' title='bbox 687 2880 772 2932; x_wconf 89' lang='lat' dir='ltr'><strong>lector</strong></span> <span class='ocrx_word' id='word_1_243' title='bbox 807 2895 851 2932; x_wconf 90' lang='lat' dir='ltr'><strong>res</strong></span> <span class='ocrx_word' id='word_1_244' title='bbox 885 2878 1026 2943; x_wconf 89' lang='lat' dir='ltr'><strong>deligebat.</strong></span> <span class='ocrx_word' id='word_1_245' title='bbox 1076 2880 1208 2932; x_wconf 84' lang='lat' dir='ltr'><strong>Nasidieni</strong></span> <span class='ocrx_word' id='word_1_246' title='bbox 1241 2886 1338 2933; x_wconf 88' lang='lat' dir='ltr'><strong>autem</strong></span> 
     </span>
     <span class='ocr_line' id='line_1_28' title="bbox 245 2952 1339 3020; baseline 0.003 -15"><span class='ocrx_word' id='word_1_247' title='bbox 245 2956 343 3005; x_wconf 85' lang='lat' dir='ltr'><strong>Horatii</strong></span> <span class='ocrx_word' id='word_1_248' title='bbox 365 2956 408 3003; x_wconf 84' lang='lat' dir='ltr'><strong>vix</strong></span> <span class='ocrx_word' id='word_1_249' title='bbox 430 2954 455 3003; x_wconf 94' lang='lat' dir='ltr'><strong>in</strong></span> <span class='ocrx_word' id='word_1_250' title='bbox 474 2952 526 3002; x_wconf 89' lang='lat' dir='ltr'><strong>ulla</strong></span> <span class='ocrx_word' id='word_1_251' title='bbox 545 2954 594 3004; x_wconf 90' lang='lat' dir='ltr'><strong>alia</strong></span> <span class='ocrx_word' id='word_1_252' title='bbox 612 2955 669 3006; x_wconf 91' lang='lat' dir='ltr'><strong>eius</strong></span> <span class='ocrx_word' id='word_1_253' title='bbox 686 2957 770 3005; x_wconf 90' lang='lat' dir='ltr'><strong>Satira</strong></span> <span class='ocrx_word' id='word_1_254' title='bbox 807 2956 889 3020; x_wconf 91' lang='lat' dir='ltr'><strong>ipsius</strong></span> <span class='ocrx_word' id='word_1_255' title='bbox 906 2967 1021 3019; x_wconf 88' lang='lat' dir='ltr'><strong>persona</strong></span> <span class='ocrx_word' id='word_1_256' title='bbox 1039 2969 1055 3005; x_wconf 91' lang='lat' dir='ltr'><strong>a</strong></span> <span class='ocrx_word' id='word_1_257' title='bbox 1072 2968 1173 3006; x_wconf 89' lang='lat' dir='ltr'><strong>coenae</strong></span> <span class='ocrx_word' id='word_1_258' title='bbox 1196 2958 1269 3007; x_wconf 88' lang='lat' dir='ltr'><strong>initio</strong></span> <span class='ocrx_word' id='word_1_259' title='bbox 1290 2970 1339 3008; x_wconf 87' lang='lat' dir='ltr'><strong>ns-</strong></span> 
     </span>
     <span class='ocr_line' id='line_1_29' title="bbox 244 3027 1339 3094; baseline 0.002 -15"><span class='ocrx_word' id='word_1_260' title='bbox 244 3032 299 3079; x_wconf 89' lang='lat' dir='ltr'><strong>tam</strong></span> <span class='ocrx_word' id='word_1_261' title='bbox 317 3028 397 3078; x_wconf 86' lang='lat' dir='ltr'><strong>multa</strong></span> <span class='ocrx_word' id='word_1_262' title='bbox 415 3027 525 3076; x_wconf 89' lang='lat' dir='ltr'><strong>ridicula</strong></span> <span class='ocrx_word' id='word_1_263' title='bbox 541 3030 569 3078; x_wconf 91' lang='lat' dir='ltr'><strong>et</strong></span> <span class='ocrx_word' id='word_1_264' title='bbox 585 3028 730 3079; x_wconf 89' lang='lat' dir='ltr'><strong>deridenda</strong></span> <span class='ocrx_word' id='word_1_265' title='bbox 743 3032 770 3081; x_wconf 91' lang='lat' dir='ltr'><strong>in</strong></span> <span class='ocrx_word' id='word_1_266' title='bbox 807 3044 860 3094; x_wconf 92' lang='lat' dir='ltr'><strong>qua</strong></span> <span class='ocrx_word' id='word_1_267' title='bbox 878 3029 912 3079; x_wconf 93' lang='lat' dir='ltr'><strong>ad</strong></span> <span class='ocrx_word' id='word_1_268' title='bbox 929 3030 1011 3079; x_wconf 90' lang='lat' dir='ltr'><strong>tinem</strong></span> <span class='ocrx_word' id='word_1_269' title='bbox 1029 3030 1099 3079; x_wconf 89' lang='lat' dir='ltr'><strong>inter</strong></span> <span class='ocrx_word' id='word_1_270' title='bbox 1114 3042 1250 3081; x_wconf 88' lang='lat' dir='ltr'><strong>summam</strong></span> <span class='ocrx_word' id='word_1_271' title='bbox 1265 3029 1339 3081; x_wconf 89' lang='lat' dir='ltr'><strong>bea-</strong></span> 
     </span>
     <span class='ocr_line' id='line_1_30' title="bbox 244 3099 1337 3167; baseline 0.003 -15"><span class='ocrx_word' id='word_1_272' title='bbox 244 3099 587 3152; x_wconf 88' lang='lat' dir='ltr'><strong>unumcollectainveniet:</strong></span> <span class='ocrx_word' id='word_1_273' title='bbox 602 3102 770 3167; x_wconf 86' lang='lat' dir='ltr'><strong>quantoplus</strong></span> <span class='ocrx_word' id='word_1_274' title='bbox 807 3104 947 3155; x_wconf 86' lang='lat' dir='ltr'><strong>titudinem</strong></span> <span class='ocrx_word' id='word_1_275' title='bbox 976 3115 1166 3167; x_wconf 89' lang='lat' dir='ltr'><strong>summamque</strong></span> <span class='ocrx_word' id='word_1_276' title='bbox 1195 3104 1337 3155; x_wconf 88' lang='lat' dir='ltr'><strong>miseriam</strong></span> 
     </span>
     <span class='ocr_line' id='line_1_31' title="bbox 244 3175 1339 3243; baseline 0.002 -16"><span class='ocrx_word' id='word_1_277' title='bbox 244 3178 377 3227; x_wconf 81' lang='lat' dir='ltr'><strong>Romanus</strong></span> <span class='ocrx_word' id='word_1_278' title='bbox 402 3175 486 3225; x_wconf 90' lang='lat' dir='ltr'><strong>lector</strong></span> <span class='ocrx_word' id='word_1_279' title='bbox 511 3176 662 3226; x_wconf 73' lang='lat' dir='ltr'><strong>invenerit?</strong></span> <span class='ocrx_word' id='word_1_280' title='bbox 687 3180 769 3227; x_wconf 87' lang='lat' dir='ltr'><strong>Prae·</strong></span> <span class='ocrx_word' id='word_1_281' title='bbox 807 3180 932 3228; x_wconf 85' lang='lat' dir='ltr'><strong>continuo</strong></span> <span class='ocrx_word' id='word_1_282' title='bbox 949 3181 1059 3239; x_wconf 92' lang='lat' dir='ltr'><strong>nutans,</strong></span> <span class='ocrx_word' id='word_1_283' title='bbox 1085 3175 1154 3227; x_wconf 91' lang='lat' dir='ltr'><strong>ultra</strong></span> <span class='ocrx_word' id='word_1_284' title='bbox 1171 3192 1254 3243; x_wconf 91' lang='lat' dir='ltr'><strong>quam</strong></span> <span class='ocrx_word' id='word_1_285' title='bbox 1270 3192 1339 3230; x_wconf 89' lang='lat' dir='ltr'><strong>cre-</strong></span> 
     </span>
     <span class='ocr_line' id='line_1_32' title="bbox 243 3250 1338 3313; baseline 0.004 -12"><span class='ocrx_word' id='word_1_286' title='bbox 243 3252 335 3301; x_wconf 87' lang='lat' dir='ltr'><strong>sertim</strong></span> <span class='ocrx_word' id='word_1_287' title='bbox 354 3251 425 3299; x_wconf 88' lang='lat' dir='ltr'><strong>enim</strong></span> <span class='ocrx_word' id='word_1_288' title='bbox 442 3251 468 3298; x_wconf 93' lang='lat' dir='ltr'><strong>in</strong></span> <span class='ocrx_word' id='word_1_289' title='bbox 493 3250 540 3310; x_wconf 90' lang='lat' dir='ltr'><strong>iis,</strong></span> <span class='ocrx_word' id='word_1_290' title='bbox 569 3251 692 3313; x_wconf 86' lang='lat' dir='ltr'><strong>quaeda</strong></span> <span class='ocrx_word' id='word_1_291' title='bbox 714 3252 768 3302; x_wconf 84' lang='lat' dir='ltr'><strong>ter·</strong></span> <span class='ocrx_word' id='word_1_292' title='bbox 806 3252 886 3303; x_wconf 90' lang='lat' dir='ltr'><strong>dibile</strong></span> <span class='ocrx_word' id='word_1_293' title='bbox 910 3256 968 3313; x_wconf 89' lang='lat' dir='ltr'><strong>est,</strong></span> <span class='ocrx_word' id='word_1_294' title='bbox 994 3251 1104 3302; x_wconf 92' lang='lat' dir='ltr'><strong>ridicula</strong></span> <span class='ocrx_word' id='word_1_295' title='bbox 1126 3256 1226 3303; x_wconf 88' lang='lat' dir='ltr'><strong>manet.</strong></span> <span class='ocrx_word' id='word_1_296' title='bbox 1261 3254 1338 3305; x_wconf 79' lang='lat' dir='ltr'><strong>Fun-</strong></span> 
     </span>
     <span class='ocr_line' id='line_1_33' title="bbox 243 3324 1336 3391; baseline 0.005 -16"><span class='ocrx_word' id='word_1_297' title='bbox 243 3324 364 3375; x_wconf 88' lang='lat' dir='ltr'><strong>culomm</strong></span> <span class='ocrx_word' id='word_1_298' title='bbox 385 3324 478 3374; x_wconf 91' lang='lat' dir='ltr'><strong>ordine</strong></span> <span class='ocrx_word' id='word_1_299' title='bbox 500 3327 682 3389; x_wconf 84' lang='lat' dir='ltr'><strong>apparatuque</strong></span> <span class='ocrx_word' id='word_1_300' title='bbox 703 3338 768 3375; x_wconf 87' lang='lat' dir='ltr'><strong>nar·</strong></span> <span class='ocrx_word' id='word_1_301' title='bbox 805 3328 884 3378; x_wconf 87' lang='lat' dir='ltr'><strong>danie</strong></span> <span class='ocrx_word' id='word_1_302' title='bbox 901 3329 982 3389; x_wconf 89' lang='lat' dir='ltr'><strong>item,</strong></span> <span class='ocrx_word' id='word_1_303' title='bbox 1002 3328 1108 3390; x_wconf 83' lang='lat' dir='ltr'><strong>egregio</strong></span> <span class='ocrx_word' id='word_1_304' title='bbox 1121 3330 1215 3391; x_wconf 78' lang='lat' dir='ltr'><strong>poetae</strong></span> <span class='ocrx_word' id='word_1_305' title='bbox 1227 3330 1336 3380; x_wconf 81' lang='lat' dir='ltr'><strong>comico</strong></span> 
     </span>
     <span class='ocr_line' id='line_1_34' title="bbox 242 3398 1336 3466; baseline 0.003 -16"><span class='ocrx_word' id='word_1_306' title='bbox 242 3402 350 3460; x_wconf 89' lang='lat' dir='ltr'><strong>rantur,</strong></span> <span class='ocrx_word' id='word_1_307' title='bbox 377 3400 421 3449; x_wconf 81' lang='lat' dir='ltr'><strong>vix</strong></span> <span class='ocrx_word' id='word_1_308' title='bbox 444 3412 514 3449; x_wconf 88' lang='lat' dir='ltr'><strong>nunc</strong></span> <span class='ocrx_word' id='word_1_309' title='bbox 532 3398 609 3449; x_wconf 91' lang='lat' dir='ltr'><strong>nobis</strong></span> <span class='ocrx_word' id='word_1_310' title='bbox 627 3399 767 3452; x_wconf 86' lang='lat' dir='ltr'><strong>derisionis</strong></span> <span class='ocrx_word' id='word_1_311' title='bbox 806 3404 866 3466; x_wconf 85' lang='lat' dir='ltr'><strong>(Sat.</strong></span> <span class='ocrx_word' id='word_1_312' title='bbox 888 3403 917 3463; x_wconf 92' lang='lat' dir='ltr'><strong>l,</strong></span> <span class='ocrx_word' id='word_1_313' title='bbox 944 3403 988 3464; x_wconf 81' lang='lat' dir='ltr'><strong>io,</strong></span> <span class='ocrx_word' id='word_1_314' title='bbox 1013 3400 1045 3452; x_wconf 82' lang='lat' dir='ltr'><strong>to</strong></span> <span class='ocrx_word' id='word_1_315' title='bbox 1063 3402 1144 3466; x_wconf 88' lang='lat' dir='ltr'><strong>sqq),</strong></span> <span class='ocrx_word' id='word_1_316' title='bbox 1169 3405 1336 3454; x_wconf 78' lang='lat' dir='ltr'><strong>convenien-</strong></span> 
     </span>
     <span class='ocr_line' id='line_1_35' title="bbox 241 3472 1333 3537; baseline 0.005 -14"><span class='ocrx_word' id='word_1_317' title='bbox 241 3474 296 3523; x_wconf 88' lang='lat' dir='ltr'><strong>vim</strong></span> <span class='ocrx_word' id='word_1_318' title='bbox 317 3472 358 3524; x_wconf 90' lang='lat' dir='ltr'><strong>vel</strong></span> <span class='ocrx_word' id='word_1_319' title='bbox 384 3473 534 3523; x_wconf 82' lang='lat' dir='ltr'><strong>conlectura</strong></span> <span class='ocrx_word' id='word_1_320' title='bbox 558 3475 664 3537; x_wconf 88' lang='lat' dir='ltr'><strong>assequi</strong></span> <span class='ocrx_word' id='word_1_321' title='bbox 690 3473 765 3536; x_wconf 90' lang='lat' dir='ltr'><strong>licat,</strong></span> <span class='ocrx_word' id='word_1_322' title='bbox 805 3478 906 3527; x_wconf 88' lang='lat' dir='ltr'><strong>tissime</strong></span> <span class='ocrx_word' id='word_1_323' title='bbox 923 3478 1006 3526; x_wconf 91' lang='lat' dir='ltr'><strong>totam</strong></span> <span class='ocrx_word' id='word_1_324' title='bbox 1028 3477 1209 3527; x_wconf 89' lang='lat' dir='ltr'><strong>narrationem</strong></span> <span class='ocrx_word' id='word_1_325' title='bbox 1230 3476 1333 3528; x_wconf 82' lang='lat' dir='ltr'><strong>tribuit.</strong></span> 
     </span>
     <span class='ocr_line' id='line_1_36' title="bbox 242 3548 1337 3615; baseline 0.004 -17"><span class='ocrx_word' id='word_1_326' title='bbox 242 3561 330 3610; x_wconf 91' lang='lat' dir='ltr'><strong>neque</strong></span> <span class='ocrx_word' id='word_1_327' title='bbox 348 3548 465 3597; x_wconf 88' lang='lat' dir='ltr'><strong>Salmasii</strong></span> <span class='ocrx_word' id='word_1_328' title='bbox 484 3550 530 3597; x_wconf 90' lang='lat' dir='ltr'><strong>aut</strong></span> <span class='ocrx_word' id='word_1_329' title='bbox 548 3548 690 3611; x_wconf 88' lang='lat' dir='ltr'><strong>Boettigeri</strong></span> <span class='ocrx_word' id='word_1_330' title='bbox 708 3562 768 3598; x_wconf 89' lang='lat' dir='ltr'><strong>eru·</strong></span> <span class='ocrx_word' id='word_1_331' title='bbox 804 3551 1005 3615; x_wconf 84' lang='lat' dir='ltr'><strong>videdenique,</strong></span> <span class='ocrx_word' id='word_1_332' title='bbox 1018 3564 1052 3601; x_wconf 88' lang='lat' dir='ltr'><strong>ne</strong></span> <span class='ocrx_word' id='word_1_333' title='bbox 1064 3552 1132 3602; x_wconf 90' lang='lat' dir='ltr'><strong>haec</strong></span> <span class='ocrx_word' id='word_1_334' title='bbox 1144 3552 1229 3601; x_wconf 88' lang='lat' dir='ltr'><strong>Satira</strong></span> <span class='ocrx_word' id='word_1_335' title='bbox 1241 3564 1337 3603; x_wconf 80' lang='lat' dir='ltr'><strong>exem·</strong></span> 
     </span>
     <span class='ocr_line' id='line_1_37' title="bbox 242 3620 1337 3690; baseline 0.007 -20"><span class='ocrx_word' id='word_1_336' title='bbox 242 3620 306 3671; x_wconf 91' lang='lat' dir='ltr'><strong>ditio</strong></span> <span class='ocrx_word' id='word_1_337' title='bbox 330 3624 454 3686; x_wconf 88' lang='lat' dir='ltr'><strong>suppetat</strong></span> <span class='ocrx_word' id='word_1_338' title='bbox 477 3621 511 3671; x_wconf 90' lang='lat' dir='ltr'><strong>ad</strong></span> <span class='ocrx_word' id='word_1_339' title='bbox 535 3635 629 3673; x_wconf 90' lang='lat' dir='ltr'><strong>omnes</strong></span> <span class='ocrx_word' id='word_1_340' title='bbox 655 3623 767 3687; x_wconf 86' lang='lat' dir='ltr'><strong>ineptias</strong></span> <span class='ocrx_word' id='word_1_341' title='bbox 803 3624 862 3690; x_wconf 90' lang='lat' dir='ltr'><strong>plar</strong></span> <span class='ocrx_word' id='word_1_342' title='bbox 879 3627 957 3676; x_wconf 85' lang='lat' dir='ltr'><strong>luerit</strong></span> <span class='ocrx_word' id='word_1_343' title='bbox 979 3628 1152 3677; x_wconf 81' lang='lat' dir='ltr'><strong>Petronianae</strong></span> <span class='ocrx_word' id='word_1_344' title='bbox 1170 3624 1238 3677; x_wconf 92' lang='lat' dir='ltr'><strong>illius</strong></span> <span class='ocrx_word' id='word_1_345' title='bbox 1261 3628 1337 3678; x_wconf 88' lang='lat' dir='ltr'><strong>Coe-</strong></span> 
     </span>
     <span class='ocr_line' id='line_1_38' title="bbox 241 3694 1336 3761; baseline 0.008 -18"><span class='ocrx_word' id='word_1_346' title='bbox 241 3694 479 3757; x_wconf 87' lang='lat' dir='ltr'><strong>damonstrandas,</strong></span> <span class='ocrx_word' id='word_1_347' title='bbox 493 3696 590 3758; x_wconf 92' lang='lat' dir='ltr'><strong>quibus</strong></span> <span class='ocrx_word' id='word_1_348' title='bbox 603 3696 671 3747; x_wconf 88' lang='lat' dir='ltr'><strong>haee</strong></span> <span class='ocrx_word' id='word_1_349' title='bbox 682 3710 767 3747; x_wconf 89' lang='lat' dir='ltr'><strong>coena</strong></span> <span class='ocrx_word' id='word_1_350' title='bbox 804 3712 855 3751; x_wconf 88' lang='lat' dir='ltr'><strong>nae</strong></span> <span class='ocrx_word' id='word_1_351' title='bbox 867 3700 1081 3761; x_wconf 86' lang='lat' dir='ltr'><strong>Trimalchionis,</strong></span> <span class='ocrx_word' id='word_1_352' title='bbox 1099 3702 1195 3751; x_wconf 91' lang='lat' dir='ltr'><strong>merito</strong></span> <span class='ocrx_word' id='word_1_353' title='bbox 1207 3699 1336 3752; x_wconf 84' lang='lat' dir='ltr'><strong>celebra·</strong></span> 
     </span>
     <span class='ocr_line' id='line_1_39' title="bbox 240 3767 1336 3826; baseline 0.008 -8"><span class='ocrx_word' id='word_1_354' title='bbox 240 3767 409 3818; x_wconf 84' lang='lat' dir='ltr'><strong>laboraverit.</strong></span> <span class='ocrx_word' id='word_1_355' title='bbox 450 3770 515 3818; x_wconf 82' lang='lat' dir='ltr'><strong>Zau.</strong></span> <span class='ocrx_word' id='word_1_356' title='bbox 541 3784 574 3820; x_wconf 84' lang='lat' dir='ltr'><strong>ex</strong></span> <span class='ocrx_word' id='word_1_357' title='bbox 600 3771 765 3821; x_wconf 82' lang='lat' dir='ltr'><strong>llarnnonrro.</strong></span> <span class='ocrx_word' id='word_1_358' title='bbox 803 3776 931 3825; x_wconf 90' lang='lat' dir='ltr'><strong>tissimae.</strong></span> <span class='ocrx_word' id='word_1_359' title='bbox 966 3777 1024 3825; x_wconf 89' lang='lat' dir='ltr'><strong>Non</strong></span> <span class='ocrx_word' id='word_1_360' title='bbox 1042 3776 1100 3826; x_wconf 88' lang='lat' dir='ltr'><strong>sine</strong></span> <span class='ocrx_word' id='word_1_361' title='bbox 1123 3775 1211 3825; x_wconf 86' lang='lat' dir='ltr'><strong>tractu</strong></span> <span class='ocrx_word' id='word_1_362' title='bbox 1231 3788 1336 3826; x_wconf 91' lang='lat' dir='ltr'><strong>consu-</strong></span> 
     </span>
     <span class='ocr_line' id='line_1_40' title="bbox 241 3840 1331 3913; baseline 0.006 -20"><span class='ocrx_word' id='word_1_363' title='bbox 241 3842 322 3893; x_wconf 78' lang='lat' dir='ltr'><strong>hliter</strong></span> <span class='ocrx_word' id='word_1_364' title='bbox 347 3842 389 3890; x_wconf 82' lang='lat' dir='ltr'><strong>vix</strong></span> <span class='ocrx_word' id='word_1_365' title='bbox 414 3840 472 3891; x_wconf 85' lang='lat' dir='ltr'><strong>fieri</strong></span> <span class='ocrx_word' id='word_1_366' title='bbox 497 3846 600 3907; x_wconf 90' lang='lat' dir='ltr'><strong>potest,</strong></span> <span class='ocrx_word' id='word_1_367' title='bbox 631 3858 712 3907; x_wconf 91' lang='lat' dir='ltr'><strong>quam</strong></span> <span class='ocrx_word' id='word_1_368' title='bbox 737 3848 767 3895; x_wconf 87' lang='lat' dir='ltr'><strong>ut</strong></span> <span class='ocrx_word' id='word_1_369' title='bbox 803 3848 843 3900; x_wconf 90' lang='lat' dir='ltr'><strong>les</strong></span> <span class='ocrx_word' id='word_1_370' title='bbox 859 3850 976 3913; x_wconf 75' lang='lat' dir='ltr'><strong>bottiger</strong></span> <span class='ocrx_word' id='word_1_371' title='bbox 991 3850 1331 3913; x_wconf 72' lang='lat' dir='ltr'><strong>kl.Schriftcalll.p.2t7:</strong></span> 
     </span>
     <span class='ocr_line' id='line_1_41' title="bbox 241 3914 1331 3982; baseline 0.005 -16"><span class='ocrx_word' id='word_1_372' title='bbox 241 3914 373 3966; x_wconf 90' lang='lat' dir='ltr'><strong>Nasidieni</strong></span> <span class='ocrx_word' id='word_1_373' title='bbox 386 3917 704 3982; x_wconf 77' lang='lat' dir='ltr'><strong>nomentinxeritpoeta;</strong></span> <span class='ocrx_word' id='word_1_374' title='bbox 718 3920 767 3969; x_wconf 91' lang='lat' dir='ltr'><strong>mi·</strong></span> <span class='ocrx_word' id='word_1_375' title='bbox 801 3924 852 3973; x_wconf 80' lang='lat' dir='ltr'><strong>Eia</strong></span> <span class='ocrx_word' id='word_1_376' title='bbox 873 3924 972 3974; x_wconf 75' lang='lat' dir='ltr'><strong>ortiher</strong></span> <span class='ocrx_word' id='word_1_377' title='bbox 993 3924 1167 3974; x_wconf 70' lang='lat' dir='ltr'><strong>Koctmzeoat</strong></span> <span class='ocrx_word' id='word_1_378' title='bbox 1189 3937 1237 3972; x_wconf 78' lang='lat' dir='ltr'><strong>aas</strong></span> <span class='ocrx_word' id='word_1_379' title='bbox 1257 3924 1331 3974; x_wconf 78' lang='lat' dir='ltr'><strong>hom.</strong></span> 
     </span>
     <span class='ocr_line' id='line_1_42' title="bbox 240 3990 1332 4059; baseline 0.005 -18"><span class='ocrx_word' id='word_1_380' title='bbox 240 3992 312 4041; x_wconf 91' lang='lat' dir='ltr'><strong>nime</strong></span> <span class='ocrx_word' id='word_1_381' title='bbox 334 3990 404 4039; x_wconf 90' lang='lat' dir='ltr'><strong>enim</strong></span> <span class='ocrx_word' id='word_1_382' title='bbox 429 3992 618 4053; x_wconf 87' lang='lat' dir='ltr'><strong>conveniebat,</strong></span> <span class='ocrx_word' id='word_1_383' title='bbox 645 3995 675 4043; x_wconf 91' lang='lat' dir='ltr'><strong>ul</strong></span> <span class='ocrx_word' id='word_1_384' title='bbox 699 4007 765 4045; x_wconf 83' lang='lat' dir='ltr'><strong>vero</strong></span> <span class='ocrx_word' id='word_1_385' title='bbox 804 3996 934 4059; x_wconf 89' lang='lat' dir='ltr'><strong>(Macrob.</strong></span> <span class='ocrx_word' id='word_1_386' title='bbox 957 3999 1062 4048; x_wconf 87' lang='lat' dir='ltr'><strong>Satura.</strong></span> <span class='ocrx_word' id='word_1_387' title='bbox 1085 3998 1113 4059; x_wconf 74' lang='lat'><strong>2,</strong></span> <span class='ocrx_word' id='word_1_388' title='bbox 1140 3998 1181 4059; x_wconf 83' lang='lat'><strong>9.)</strong></span> <span class='ocrx_word' id='word_1_389' title='bbox 1207 3997 1279 4046; x_wconf 81' lang='lat' dir='ltr'><strong>Bahr</strong></span> <span class='ocrx_word' id='word_1_390' title='bbox 1305 3998 1332 4047; x_wconf 92' lang='lat' dir='ltr'><strong>in</strong></span> 
     </span>
     <span class='ocr_line' id='line_1_43' title="bbox 240 4065 1330 4136; baseline 0.005 -20"><span class='ocrx_word' id='word_1_391' title='bbox 240 4066 348 4117; x_wconf 91' lang='lat' dir='ltr'><strong>nomine</strong></span> <span class='ocrx_word' id='word_1_392' title='bbox 361 4065 513 4116; x_wconf 89' lang='lat' dir='ltr'><strong>traduceret</strong></span> <span class='ocrx_word' id='word_1_393' title='bbox 524 4066 662 4119; x_wconf 90' lang='lat' dir='ltr'><strong>hominem</strong></span> <span class='ocrx_word' id='word_1_394' title='bbox 674 4071 767 4120; x_wconf 90' lang='lat' dir='ltr'><strong>etiam·</strong></span> <span class='ocrx_word' id='word_1_395' title='bbox 803 4073 921 4123; x_wconf 90' lang='lat' dir='ltr'><strong>Creuzer</strong></span> <span class='ocrx_word' id='word_1_396' title='bbox 942 4071 1028 4122; x_wconf 78' lang='lat' dir='ltr'><strong>Ahrlsa</strong></span> <span class='ocrx_word' id='word_1_397' title='bbox 1049 4072 1094 4121; x_wconf 80' lang='lat' dir='ltr'><strong>der</strong></span> <span class='ocrx_word' id='word_1_398' title='bbox 1115 4076 1179 4121; x_wconf 77' lang='lat' dir='ltr'><strong>rom.</strong></span> <span class='ocrx_word' id='word_1_399' title='bbox 1197 4071 1282 4132; x_wconf 73' lang='lat' dir='ltr'><strong>sarta</strong></span> <span class='ocrx_word' id='word_1_400' title='bbox 1302 4086 1330 4136; x_wconf 93' lang='lat' dir='ltr'><strong>p.</strong></span> 
     </span>
     <span class='ocr_line' id='line_1_44' title="bbox 238 4140 1329 4209; baseline 0.004 -18"><span class='ocrx_word' id='word_1_401' title='bbox 238 4144 302 4191; x_wconf 90' lang='lat' dir='ltr'><strong>tuno</strong></span> <span class='ocrx_word' id='word_1_402' title='bbox 313 4141 414 4203; x_wconf 84' lang='lat' dir='ltr'><strong>vivum,</strong></span> <span class='ocrx_word' id='word_1_403' title='bbox 435 4140 477 4190; x_wconf 92' lang='lat' dir='ltr'><strong>cui</strong></span> <span class='ocrx_word' id='word_1_404' title='bbox 494 4140 580 4205; x_wconf 90' lang='lat' dir='ltr'><strong>aliqua</strong></span> <span class='ocrx_word' id='word_1_405' title='bbox 594 4142 689 4194; x_wconf 81' lang='lat' dir='ltr'><strong>saltem</strong></span> <span class='ocrx_word' id='word_1_406' title='bbox 701 4158 763 4195; x_wconf 92' lang='lat' dir='ltr'><strong>cum</strong></span> <span class='ocrx_word' id='word_1_407' title='bbox 801 4145 859 4197; x_wconf 86' lang='lat' dir='ltr'><strong>ltl&#39;t.</strong></span> <span class='ocrx_word' id='word_1_408' title='bbox 878 4147 980 4197; x_wconf 82' lang='lat' dir='ltr'><strong>Becker</strong></span> <span class='ocrx_word' id='word_1_409' title='bbox 997 4146 1085 4197; x_wconf 84' lang='lat' dir='ltr'><strong>Gallos</strong></span> <span class='ocrx_word' id='word_1_410' title='bbox 1103 4143 1154 4208; x_wconf 84' lang='lat' dir='ltr'><strong>(ed.</strong></span> <span class='ocrx_word' id='word_1_411' title='bbox 1168 4142 1222 4208; x_wconf 81' lang='lat' dir='ltr'><strong>alt.)</strong></span> <span class='ocrx_word' id='word_1_412' title='bbox 1240 4146 1283 4195; x_wconf 90' lang='lat' dir='ltr'><strong>lll.</strong></span> <span class='ocrx_word' id='word_1_413' title='bbox 1301 4158 1329 4209; x_wconf 91' lang='lat' dir='ltr'><strong>p.</strong></span> 
     </span>
     <span class='ocr_line' id='line_1_45' title="bbox 239 4216 927 4284; baseline 0.003 -17"><span class='ocrx_word' id='word_1_414' title='bbox 239 4216 393 4267; x_wconf 89' lang='lat' dir='ltr'><strong>Maecenate</strong></span> <span class='ocrx_word' id='word_1_415' title='bbox 416 4216 586 4266; x_wconf 88' lang='lat' dir='ltr'><strong>necessitudo</strong></span> <span class='ocrx_word' id='word_1_416' title='bbox 612 4218 765 4269; x_wconf 88' lang='lat' dir='ltr'><strong>intercede·</strong></span> <span class='ocrx_word' id='word_1_417' title='bbox 802 4222 846 4270; x_wconf 78' lang='lat' dir='ltr'><strong>lii</strong></span> <span class='ocrx_word' id='word_1_418' title='bbox 866 4233 927 4284; x_wconf 90' lang='lat' dir='ltr'><strong>sqq.</strong></span> 
     </span>
    </p>
   </div>
   <div class='ocr_carea' id='block_1_6' title="bbox 0 0 1468 4892">
    <p class='ocr_par' dir='ltr' id='par_1_6' title="bbox 0 0 1468 4892">
     <span class='ocr_line' id='line_1_46' title="bbox 0 0 1468 4892; baseline 0 4"><span class='ocrx_word' id='word_1_419' title='bbox 0 0 1468 4892; x_wconf 95' lang='lat' dir='ltr'><strong> </strong></span> 
     </span>
    </p>
   </div>
  </div>
 </body>
</html>
