2925 4892
527 375 586 427 444.
605 376 624 425 4.
661 378 778 429 sinn.
1155 384 1197 447 35

118 526 198 607 Quid
219 526 457 615 responderet?
481 580 488 592 .
513 578 519 591 .
543 578 550 593 .
574 530 687 618 Magno
710 545 801 618 petro
824 544 899 601 nuta
920 536 1028 623 puelle
1050 549 1108 603 cst.

117 652 152 714 ir
171 658 290 735 quanto
313 647 446 715 meliora
468 661 577 717 monet
599 654 840 740 pugnantiaque
863 656 931 721 istis

117 770 208 837 Dives
229 770 302 856 opis
324 778 437 837 natura
460 792 555 847 suae,
580 782 613 837 tu
635 774 662 840 si
685 775 784 841 modo
807 787 895 845 recte

117 892 307 978 Dispensare
329 890 408 958 velis
431 912 470 959 ac
492 914 556 957 non
578 893 729 981 fugienda
751 897 901 983 petendis

117 1014 305 1079 immiscere.
349 1014 416 1079 Tuo
439 1013 516 1080 vitio
540 1034 689 1083 rerumne
714 1016 864 1095 labores,

115 1132 157 1197 444
179 1133 303 1201 4444444
324 1135 442 1219 putas?
463 1135 589 1213 Quare,
613 1156 654 1203 ne
677 1138 840 1223 poeniteat
861 1150 907 1210 te.

115 1256 226 1321 Desine
249 1264 412 1320 matrones
436 1256 608 1331 sectarim,
633 1256 719 1323 unde
742 1256 862 1325 laboris

113 1374 183 1439 Plus
205 1374 336 1441 baudra
358 1374 433 1439 mali
457 1384 507 1440 est
527 1396 624 1461 quam
647 1398 688 1442 ex
710 1400 745 1443 re
768 1378 946 1467 decerpere
969 1382 1099 1449 tructus.

171 1617 211 1667 rt.
231 1620 254 1666 ri
272 1623 300 1666 444
317 1620 345 1667 L.
367 1646 393 1654 -
413 1620 455 1667 46.
474 1633 588 1669 remur
605 1632 645 1685 pr.
665 1623 690 1669 S.
713 1650 740 1657 -
759 1624 800 1671 48.
820 1625 911 1673 recturi
928 1630 1057 1675 inctrouou
1072 1628 1119 1691 Bp.

109 1844 166 1893 dem
189 1844 333 1903 Faustam,
358 1844 389 1893 ut
412 1841 517 1906 glor-ieri
542 1845 633 1907 posset
670 1845 773 1907 Fragm.
787 1844 842 1894 Cic.
855 1858 882 1908 p.
902 1845 959 1895 443.
981 1873 1008 1883 -
1023 1846 1122 1897 Dicam
1136 1848 1197 1899 tuuc

108 1917 154 1967 sibi
168 1930 230 1969 rem
249 1930 312 1967 esse
325 1930 387 1967 cum
405 1918 541 1969 dictatoris
552 1916 630 1967 fllia.»
669 1918 778 1981 animur]
793 1918 834 1967 «si
851 1919 956 1969 enimus
967 1920 1031 1981 (der
1045 1921 1198 1971 4444444444

111 2019 134 2027 -
150 1992 238 2056 mu]
259 2004 362 2054 «usque
381 2004 413 2041 eo
425 1992 497 2055 quod
515 1994 579 2043 satis
591 2006 633 2043 es·
670 1991 770 2054 44444)
787 2004 851 2043 cum
861 2006 895 2042 4ο
907 1996 1024 2044 mutonis
1035 2006 1144 2047 cauum
1156 1996 1195 2046 sic

108 2070 169 2117 set·
190 2094 218 2101 -
238 2067 368 2116 Eucturur
382 2068 445 2131 fure]
463 2060 632 2118 4444444444-
669 2070 786 2129 egerere
806 2094 832 2101 -
851 2067 964 2127 ouidotr
978 2067 1052 2130 44444]
1071 2069 1193 2121 Formuta

108 2142 209 2205 σμένος
225 2137 287 2190 τῶν
298 2136 404 2190 4444λῶ4.
422 2143 555 2205 Aristopb.
567 2144 630 2205 Lys.
669 2142 711 2191 est
720 2140 938 2204 reprehensionis
947 2142 1194 2194 cumadmiratione

107 2215 158 2265 443.
179 2243 207 2251 -
220 2215 398 2277 4444444444]
417 2214 484 2265 eiius
500 2216 632 2266 moechus
668 2215 840 2265 coniunctae:
871 2217 950 2264 «tt'ur
976 2216 1022 2265 4444
1048 2216 1114 2267 dor?
1148 2219 1196 2268 Wo

107 2290 213 2341 Famtee
231 2302 297 2339 cum
315 2288 418 2347 Fulvio,
442 2286 546 2339 tullonis
563 2288 629 2351 tilio,
668 2288 753 2339 44444444
773 2289 808 2337 du
829 2287 910 2337 444444»
940 2290 995 2340 Cic.
1015 2289 1050 2339 de
1071 2292 1142 2341 Orat.
1161 2293 1193 2353 4,

108 2368 130 2412 et
138 2364 267 2428 Pompeio
276 2360 629 2426 tiieculaaliisquelblacrob.
668 2363 712 2423 64,
731 2362 789 2411 269.
808 2363 836 2412 el
857 2363 978 2425 Propert.
997 2365 1026 2421 t,
1052 2364 1099 2413 53:
1130 2368 1196 2427 Quid

108 2438 203 2487 saturn.
226 2439 258 2495 2,
282 2437 307 2485 4.
330 2448 357 2499 p.
377 2434 454 2499 aaa),
481 2447 563 2498 quem
589 2434 631 2485 iiia
667 2436 711 2485 titi
726 2435 778 2497 vu,
795 2434 904 2485 turone?
920 2438 993 2487 Pers.
1007 2438 1037 2497 u,
1057 2438 1119 2488 tta:
1140 2442 1195 2501 ouo

108 2509 250 2560 unevillio
263 2508 442 2572 praelerebat.
461 2510 528 2559 Huic
539 2510 631 2559 autem
667 2510 768 2569 44444444,
786 2510 888 2571 moue,
904 2510 973 2571 ruis,
986 2510 1057 2571 quo?
1074 2514 1140 2575 Quid
1150 2514 1195 2563 tibi

107 2582 209 2634 excluso
231 2586 408 2645 Longarenus
427 2595 476 2647 per
495 2584 631 2646 grassetu-
665 2582 721 2634 uir?
740 2612 767 2619 —
786 2584 859 2647 44444]
876 2584 935 2633 vid.
952 2583 986 2633 ed
1004 2598 1031 2633 v.
1044 2585 1085 2635 63.
1100 2587 1192 2647 -tral

107 2671 145 2709 444
166 2661 317 2708 nocuimus
339 2656 447 2707 insidias
470 2656 628 2708 tetenderat.
667 2658 758 2708 «turer
773 2655 903 2717 libidinis,
926 2658 1038 2719 tentigo,
1059 2660 1192 2721 prurigo.-

108 2732 249 2783 Deitilone
262 2733 336 2781 enim
347 2729 473 2795 explicari
486 2745 538 2783 non
549 2746 629 2796 posse
670 2760 696 2768 -
713 2730 808 2794 puello]
831 2730 865 2779 de
883 2729 1082 2780 adolescentula
1100 2736 1192 2795 nupta,

107 2806 300 2857 demonstrarit
316 2805 427 2868 iladvig.
441 2807 553 2869 Opuscc.
567 2808 586 2855 1.
602 2821 627 2870 p.
666 2808 696 2855 ut
712 2817 804 2869 saepe.
839 2803 898 2853 Vid.
917 2803 953 2852 ad
970 2804 1016 2853 0d.
1031 2802 1060 2864 3,
1085 2804 1131 2867 44,
1149 2807 1192 2857 to.

107 2882 143 2931 44.
162 2910 190 2919 -
203 2880 325 2944 moab]
343 2878 563 2950 προσωποποιῖα
580 2880 630 2931 ed·
669 2908 696 2917 -
715 2879 777 2943 44444]
796 2880 901 2941 «nugis,
921 2890 988 2942 ques
1010 2880 1038 2927 tu
1060 2879 1191 2943 protere.-

107 2956 212 3007 ruodum
248 2952 375 3014 ridicule,
410 2968 462 3018 qua
490 2956 553 3019 peni
580 2956 629 3019 ipsi
669 2982 695 2991 -
714 2953 777 3016 opis]
796 2966 849 3003 uon
866 2952 995 3015 caurillis,
1017 2952 1066 3005 sed
1083 2956 1192 3019 antique

106 3028 299 3094 ocuti,thus
311 3027 629 3089 videritmaieille,cum
667 3040 715 3091 pro
732 3041 815 3090 opum
851 3025 934 3077 Pleut.
954 3030 1030 3091 Capt.
1048 3027 1117 3079 Prot.
1144 3031 1189 3079 iu:

106 3104 192 3156 t'rllius
208 3096 308 3168 p'ugnis
326 3102 483 3153 caederetur
503 3104 629 3165 terraque
669 3104 715 3153 Ver
731 3104 775 3164 qui
788 3103 891 3165 potestis
906 3107 1045 3164 opcoertru
1056 3105 1187 3153 4444444444.

105 3182 249 3242 peteretur,
263 3182 292 3229 et
302 3177 386 3228 verbe
395 3178 555 3229 tribuuntur.
570 3180 630 3227 nsa-
668 3205 694 3215 -
723 3176 883 3241 Dispeururc]
909 3176 1138 3239 quemadmodum
1163 3180 1191 3227 in

106 3254 215 3315 4444444444
232 3254 277 3303 eat
292 3266 357 3317 pars
369 3251 508 3303 libidinosa
520 3252 629 3303 domiuo
666 3252 746 3303 divite
764 3251 845 3302 domo
857 3263 951 3301 omnes
967 3263 1012 3301 res
1023 3253 1097 3301 recto
1108 3255 1189 3315 atque

106 3340 175 3377 suo·
209 3330 290 3377 Grsn.
320 3328 363 3376 Sic
386 3328 416 3386 Q.
439 3328 569 3377 Sectanus
592 3328 627 3389 (s.
665 3324 787 3376 ordines
804 3324 987 3389 dispensatore
1005 3324 1192 3375 administren-

107 3402 165 3452 Lud.
183 3400 353 3463 Sergerdiusl
381 3402 433 3451 Sat.
457 3401 486 3461 4,
512 3402 542 3460 ὅ,
571 3402 626 3451 493.
666 3403 716 3449 tur.
739 3400 836 3449 -Tuo
857 3400 918 3448 uitio
937 3398 1000 3460 cet]
1022 3399 1078 3447 iioc
1100 3399 1189 3457 varie,

107 3488 220 3537 44444444
240 3476 379 3539 descripto
396 3475 564 3526 stomachum
588 3474 630 3525 in·
665 3472 801 3523 interdum
834 3472 919 3533 444444,
949 3470 1099 3533 expositum
1126 3470 1190 3520 nibil

107 3550 186 3601 ducit:
209 3552 328 3601 Mirarer
342 3550 412 3613 444444
427 3550 567 3599 staneches
583 3552 630 3601 du-
666 3547 737 3598 aliud
746 3546 895 3609 significare
905 3546 994 3608 potest
1005 3542 1069 3593 uisi:
1084 3544 1190 3593 «utrum

105 3626 233 3687 4444444444
249 3624 351 3674 ennae
364 3625 472 3686 lenanu
482 3625 630 3687 44444ίά444444
665 3623 773 3685 propria
790 3624 835 3671 tue
852 3618 930 3683 culpa
946 3616 1066 3679 iabores,
1084 3631 1118 3669 un
1130 3630 1191 3683 pro-

106 3700 177 3761 444444
188 3700 348 3762 intmopot,
366 3700 431 3748 uude
444 3699 477 3747 444
489 3712 541 3761 quc
554 3704 631 3761 parto
665 3700 726 3760 pter
747 3695 885 3745 externum
905 3692 1021 3757 aliquam
1043 3693 1191 3743 necessita·

105 3776 193 3835 uuum
215 3786 286 3837 quos
303 3786 400 3823 versus
416 3774 522 3823 Horatio
541 3774 630 3838 impu·
665 3774 734 3830 tem,
761 3770 803 3819 cui
826 3768 910 3819 obniti
931 3780 984 3818 non
1008 3769 1098 3831 putes;
1126 3766 1189 3817 iliud

105 3851 157 3898 tere
182 3862 237 3899 non
263 3846 384 3898 debehat
408 3848 627 3899 Wtistemanuus.
665 3846 756 3895 autem
781 3843 859 3907 longe
882 3844 960 3907 peius
982 3842 1121 3905 magisque
1144 3855 1190 3891 re-

107 3922 217 3973 tinerent
233 3924 339 3981 44444444,
358 3922 405 3985 qui
421 3934 564 3985 perperam
574 3934 630 3971 mu-
665 3916 914 3983 prehendendum.»
936 3944 963 3953 —
982 3916 1075 3978 Quare]
1093 3916 1191 3965 «liora-

105 4002 182 4048 toacnr
198 3999 226 4048 in
242 3998 372 4047 liudonem
392 3998 528 4046 mutarent
547 3997 628 4059 atque
665 3993 717 4043 tius
735 3992 761 4041 iu
772 3990 943 4042 sermonibus
955 3990 993 4051 (4,
1012 3990 1041 4050 4,
1059 3990 1100 4038 44.
1119 3990 1149 4048 4,
1162 3988 1187 4045 3,

106 4070 136 4121 de
147 4073 296 4131 0,.444444444
307 4068 494 4132 intelligerent,
507 4070 553 4132 qui
567 4082 628 4121 cum
666 4065 732 4127 446.)
751 4078 804 4115 non
821 4064 948 4115 abstinuit
964 4061 1091 4113 acauseli
1109 4074 1190 4123 quoru

107 4144 177 4197 ribo
185 4144 287 4197 annale
297 4144 489 4205 coniungitura
499 4144 628 4193 Cicerone
666 4142 692 4189 in
703 4141 777 4189 recte
787 4139 906 4189 oratione
918 4138 1004 4201 posito
1015 4150 1064 4201 pro
1074 4148 1107 4185 eo
1116 4136 1189 4198 quod

107 4230 153 4281 uro
172 4220 291 4271 Fuudau.
316 4220 404 4281 rrgm.
423 4220 446 4267 4.
465 4217 525 4267 vid.
544 4217 629 4267 Beieri
666 4218 707 4265 est
720 4220 868 4278 propterca,
886 4212 1012 4265 abstinuit
1023 4213 1048 4260 in
1061 4207 1188 4273 epistolis,
