2925 4892
248 336 312 400 agg
613 335 742 386 aonam
761 335 980 388 antsromnuu

294 492 408 578 Frigus
430 489 572 577 collegit,
597 490 707 556 iurnos
729 501 763 558 et
783 489 901 558 balnea
922 489 1031 556 laudat

294 615 333 682 Ut
354 612 546 678 fortunatam
567 611 663 699 plene
685 611 882 699 praestantia
904 611 1012 676 vitam.

292 736 371 809 Nec,
395 734 422 799 si
449 743 481 800 te
503 731 629 798 validus
651 733 817 800 iactaverit
839 735 954 798 Auster
976 732 1008 796 in
1030 731 1107 806 alto.
1303 733 1334 795 li

294 853 419 924 idcirco
442 875 559 921 navem
580 863 668 919 trans
691 856 855 940 Aegaeum
878 873 968 918 mare
991 851 1122 920 vendas.

295 974 449 1042 lnoolumi
471 973 602 1041 Rhodos
625 984 658 1041 et
679 973 832 1063 Mytilene
853 973 989 1061 pulchra
1010 974 1096 1052 lacit,
1123 974 1214 1063 quod

295 1095 436 1164 Paenula
460 1095 610 1173 solstitio,
633 1105 816 1183 campestre
839 1094 998 1162 nivalibus
1020 1095 1120 1172 auris,

320 1241 361 1290 ts.
380 1239 461 1290 maan
476 1238 503 1289 d.
523 1267 551 1275 -
572 1239 612 1289 ra.
630 1239 718 1288 motin
735 1237 822 1302 bcdp.
842 1239 871 1288 0.
886 1263 914 1273 -
935 1238 976 1288 ti.
989 1237 1088 1288 iliados
1106 1241 1310 1302 superaurati.

286 1313 418 1363 limiae.
437 1314 477 1374 (Ut
493 1326 555 1372 nos,
568 1311 628 1374 bE.)
648 1337 676 1348 -
691 1314 731 1364 48.
744 1313 840 1363 Peneia
851 1326 873 1362 a.
889 1337 916 1348 -
931 1313 999 1364 toria
1015 1313 1033 1362 d
1050 1315 1080 1370 et
1093 1326 1231 1378 superscr.
1245 1315 1315 1363 auru

288 1389 314 1436 S.
329 1387 369 1449 (itt
379 1399 437 1446 nos,
449 1386 525 1448 bEc.)
540 1414 567 1422 —
580 1387 621 1436 20.
635 1386 674 1450 oc]
693 1393 716 1436 et
731 1387 820 1448 sdct.
836 1411 864 1422 -
879 1389 919 1438 at.
933 1387 1055 1436 laudetur
1071 1401 1113 1452 pr.
1127 1387 1152 1437 d.
1169 1415 1195 1423 -
1212 1389 1259 1437 Vv.
1273 1389 1312 1438 ἥ.

255 1519 288 1557 ex
305 1506 402 1568 rebus,
429 1511 459 1557 ut
475 1508 518 1570 ot,
544 1507 590 1558 ubi
608 1511 648 1558 tot
663 1509 782 1558 iumenta
821 1507 857 1558 ris
874 1507 981 1558 turnum
993 1507 1035 1558 vel
1052 1510 1079 1557 in
1094 1509 1214 1559 thermas
1229 1510 1340 1595 intraret.

256 1584 374 1648 qnotidie
400 1587 551 1646 bomanel,
578 1583 706 1649 paulatim
725 1587 784 1634 orto
820 1585 850 1632 ut
867 1595 896 1633 se
914 1580 1069 1644 collocaret,
1088 1581 1152 1633 sed·
1171 1586 1224 1634 cet.
1245 1611 1274 1620 -
1292 1585 1342 1632 Pti-

256 1659 344 1708 viator
371 1661 476 1724 aspergi
504 1661 626 1723 poterat3
656 1659 684 1708 id
711 1658 783 1723 quod
820 1669 881 1720 aaa,
900 1657 967 1706 sitim
983 1654 1067 1720 (Ovid.
1087 1657 1148 1708 tdet.
1162 1657 1193 1717 a,
1213 1656 1284 1720 tio.)
1300 1658 1342 1707 eol·

256 1734 390 1783 immerito
413 1748 428 1784 a
448 1733 580 1785 nonnullis
599 1733 785 1784 addubitatum
821 1731 897 1794 lipom
914 1731 957 1780 est
972 1743 1014 1794 pr.
1043 1731 1091 1780 «in
1112 1731 1236 1780 intimum
1254 1743 1344 1795 corpus

259 1809 309 1857 est.
344 1809 383 1857 De
402 1822 434 1858 ea
453 1808 496 1859 via
513 1808 561 1859 ctr.
580 1809 682 1858 Becker
699 1807 786 1857 Gallae
821 1806 970 1868 recipere·
1006 1806 1044 1854 De
1069 1805 1165 1867 frigore
1190 1817 1214 1854 s.
1238 1805 1344 1855 horrore
1426 1803 1427 1828 ³

259 1881 310 1943 led.
329 1879 383 1944 alt.)
410 1883 429 1932 i.
456 1896 483 1946 p.
502 1883 533 1933 67
556 1895 616 1946 sqq.
657 1883 785 1932 Ceterum
823 1877 908 1929 lebriii
926 1880 986 1941 (Sat.
1006 1880 1033 1940 t,
1052 1880 1144 1941 t,8⁰.l
1163 1880 1208 1930 bic
1225 1879 1344 1944 explicari

258 1955 325 2004 mira
352 1955 457 2006 accidat
479 1969 591 2006 necesse
609 1958 652 2006 est
668 1956 735 2006 baec
753 1957 788 2007 si-
822 1953 927 2018 nequit‚
953 1965 1016 2003 curn
1041 1951 1224 2004 febricitantes
1250 1955 1345 2005 nonin
1428 2013 1429 2018 η

258 2028 380 2080 mititudo
397 2033 436 2091 et,
456 2033 501 2094 qui
518 2032 622 2094 ignorat
638 2031 708 2082 hanc
722 2043 787 2094 quo-
822 2029 913 2080 turnos
938 2041 970 2078 uc
994 2026 1092 2078 balnea
1116 2028 1297 2080 deducantur.
1321 2055 1344 2064 —

259 2115 312 2166 que
336 2105 362 2154 in
380 2105 529 2155 Stoicorum
547 2103 644 2155 sobolis
661 2107 785 2156 usitatam
822 2103 917 2153 idcirco
942 2104 1111 2164 creancet]
1142 2104 1219 2153 «Nec
1241 2105 1347 2167 propter
1429 2111 1430 2128 ³

258 2177 330 2228 haud
358 2177 521 2228 dissimiliter
550 2177 640 2228 tuisse.
681 2180 783 2229 arrian.
823 2191 905 2228 unani
926 2175 1072 2242 procellam
1097 2178 1159 2226 navi
1175 2177 1300 2239 vendita,
1324 2179 1347 2226 et
1430 2211 1431 2216 κ

259 2253 344 2316 Epiet.
363 2254 393 2314 2,
411 2251 456 2313 23,
476 2252 525 2302 ³6:
552 2252 587 2302 Τί
603 2242 656 2302 οὖν
673 2251 736 2302 ἐστὶ
752 2248 786 2302 τὸ
824 2251 934 2314 quidem
960 2257 1032 2301 boris
1055 2251 1184 2316 Aegaeum
1208 2265 1298 2314 mare,
1323 2253 1347 2300 ut
1431 2296 1432 2316 p

260 2322 430 2391 partcipem,-
448 2319 517 2374 Olov
534 2323 619 2388 εἴτις
635 2320 730 2377 auda
747 2327 788 2388 εἰς
824 2329 870 2390 qui
887 2339 1023 2390 nunquam
1041 2327 1068 2376 in
1086 2326 1199 2390 patriam
1218 2327 1347 2377 redituros
1431 2321 1432 2324 ’

259 2396 314 2465 τὴν
331 2397 452 2471 πατρίδα
468 2395 522 2464 τὴν
540 2397 787 2451 auctorizatam
824 2407 872 2468 sit,
900 2403 1041 2456 nauclerus
1059 2405 1085 2454 in
1104 2407 1271 2469 perpetuum
1288 2405 1348 2456 mari
1432 2417 1433 2444 1

260 2471 352 2525 δεύων
377 2473 550 2524 πανδοκεῖον
580 2471 685 2537 καλόν,
719 2469 788 2547 cipa-
824 2479 1010 2530 renuntiabit.»
1045 2481 1137 2530 Utrum
1157 2479 1273 2530 tortasse
1292 2477 1349 2530 Bul-

261 2563 368 2612 σαντος
379 2543 458 2616 αὐτῷ
469 2546 522 2600 τοῦ
536 2546 722 2611 πανδοκείου,
739 2565 788 2599 κα·
824 2554 902 2604 latius
918 2555 1027 2618 propter
1044 2552 1151 2616 aliquod
1167 2553 1290 2604 taedium
1300 2554 1349 2604 ani·

261 2626 382 2690 ταμένοι
398 2624 429 2676 ἐν
445 2621 485 2691 τῷ
502 2620 672 2692 πανδοκείῳ.
707 2624 789 2676 Aliter
825 2630 861 2678 mi
879 2629 990 2678 Romam
1007 2639 1144 2690 nunquam
1157 2626 1249 2677 redire
1262 2628 1349 2678 decre·

262 2702 352 2750 tamen
374 2700 516 2762 imaginem
541 2699 717 2750 conformavit
734 2701 789 2750 lto·
825 2703 901 2764 verit,
915 2715 1031 2764 eumque
1044 2699 1087 2750 tali
1097 2714 1114 2749 a
1127 2699 1241 2751 consilio
1252 2702 1349 2751 amicus

261 2775 344 2824 ratius
369 2774 421 2823 boc
446 2773 616 2836 significans:
643 2777 717 2825 «tam
739 2775 789 2824 etsi
826 2776 960 2826 dehortari
972 2773 1097 2836 voluerit,
1110 2789 1145 2825 an
1156 2777 1191 2826 sit
1199 2774 1349 2840 exemplum

262 2860 358 2898 verum
375 2850 429 2909 est,
448 2861 524 2908 eum¹
544 2849 589 2911 qui
607 2848 790 2914 nullacnpidi-
825 2864 874 2916 per
899 2863 929 2900 se
956 2850 1073 2914 positum
1102 2862 1191 2913 neque
1221 2850 1258 2901 ad
1283 2849 1350 2900 illum

262 2925 317 2972 tate
329 2925 499 2973 transversus
510 2927 611 2985 agatur,
625 2927 719 2988 quovis
730 2924 789 2976 loco
826 2925 973 2989 quidquam
990 2925 1120 2984 attinens,
1139 2937 1188 2975 nos
1200 2937 1269 2976 sane
1280 2925 1350 2988 igno-

263 2994 403 3057 tranquille
420 2997 503 3046 vitam
514 2996 612 3060 degere
629 3013 725 3062 posse,
745 3015 790 3051 ne-
825 3013 925 3050 ramus.
952 3001 1034 3050 ilecta
1052 3001 1184 3050 Diinlzer:
1216 3001 1287 3050 «Die
1301 2999 1350 3048 drai

264 3081 311 3118 mo
336 3071 427 3119 tamen
452 3069 521 3119 adeo
547 3071 643 3122 strrltus
669 3075 733 3136 erit,
762 3077 791 3124 ut
825 3075 943 3137 Beiqriale
958 3075 1044 3138 seiger
1061 3074 1124 3134 alb,
1147 3075 1205 3123 dara
1220 3087 1284 3124 maa
1299 3075 1349 3132 dor,

263 3143 374 3206 propter
389 3141 449 3193 leve
466 3143 573 3208 aliquod
588 3147 790 3200 incommodum
825 3163 880 3200 roos
903 3163 965 3199 mon
986 3149 1106 3198 rarlotl
1127 3147 1228 3212 bedorf,
1257 3149 1297 3198 alt
1314 3149 1350 3198 eia

263 3214 306 3266 vel
323 3217 414 3267 neseio
431 3231 485 3281 qno
502 3219 590 3269 taedio
609 3220 731 3284 fatigatus
748 3237 791 3274 se-
826 3225 877 3276 Got
893 3223 1033 3274 &aarum
1049 3223 1130 3284 Mna,
1148 3223 1211 3272 obre
1226 3225 1351 3272 daemon

264 3291 344 3342 cedat
360 3291 386 3341 in
408 3290 499 3344 locum
514 3293 631 3358 aliquem
656 3298 789 3359 ingratum
826 3300 877 3350 rtet
893 3297 1139 3350 demaenetum
1150 3299 1201 3348 drot
1210 3297 1258 3360 μᾶν
1268 3299 1352 3348 em

263 3366 354 3430 ibique
370 3369 502 3432 perpetuo
527 3368 636 3422 latitet.»
654 3373 791 3434 Coopoum
827 3373 954 3426 mwdblrn
969 3373 1078 3422 werde.»

264 3444 336 3492 enirn
369 3443 440 3507 apud
473 3446 597 3508 antiquos
629 3445 788 3510 plerumque
860 3448 948 3497 tr-at.
975 3445 1103 3509 Incolumi]
1123 3446 1257 3508 «integro,
1273 3457 1350 3496 sanae

264 3519 340 3567 amnt
351 3519 406 3568 tam
416 3519 602 3570 incommodae
611 3535 644 3572 ac
653 3523 787 3584 sordidae,
826 3522 923 3572 mentis
935 3521 1044 3581 bomini,
1058 3521 1189 3570 constanti
1201 3521 1350 3584 amuleto.»

263 3593 294 3640 ut
309 3592 336 3640 in
353 3592 384 3642 iis
396 3592 441 3643 dtu
452 3596 558 3659 tempus
570 3597 657 3646 terere
671 3599 789 3660 pessima
826 3598 917 3647 Sciron.
944 3596 987 3645 Sic
1004 3597 1057 3644 Sat.
1071 3595 1086 3643 t
1098 3595 1146 3656 ,3,
1160 3593 1217 3644 tii.
1237 3594 1351 3644 mni

264 3668 337 3714 esset
354 3666 483 3718 condicio.
510 3669 557 3732 (ct.
576 3669 701 3734 Dazobry
713 3673 790 3722 dona
825 3671 907 3734 rapite
923 3683 973 3720 aare
990 3669 1134 3735 opponitur
1150 3669 1279 3718 insaniae.
1306 3667 1351 3717 nii

264 3752 300 3787 aa
324 3737 403 3789 Sidete
423 3742 557 3806 unoquo
577 3747 597 3794 1.
624 3760 651 3810 p.
670 3745 719 3796 2t3
736 3745 788 3810 sq.)
827 3746 915 3796 minus
936 3747 1011 3795 recte
1029 3745 1063 3794 de
1081 3743 1152 3793 bona
1169 3743 1290 3807 corporis
1306 3755 1352 3789 aa·

265 3813 406 3862 «Summae
418 3815 525 3876 igitur,-
540 3818 633 3881 inquit‚
648 3818 788 3870 «strrltitiaa
825 3818 943 3870 letudine
960 3819 1182 3882 interpretantur:
1204 3829 1293 3880 nequa
1310 3827 1353 3864 au·

264 3887 348 3946 esaet,
375 3888 398 3936 si
415 3888 475 3950 quis
496 3890 524 3940 in
541 3891 584 3940 via
601 3894 684 3956 Appia
702 3892 788 3944 imbre
826 3895 955 3946 diendum
967 3907 1066 3944 censeo
1078 3892 1193 3943 lloiman
1206 3889 1353 3943 Peerlkam-

263 3959 479 4024 permadelactns
502 3978 555 4015 non
578 3967 629 4017 iter
650 3972 787 4032 pergeret,
827 3970 913 4034 pium,
933 3969 979 4031 qui
996 3968 1023 4016 in
1040 3964 1107 4016 Btbl.
1125 3969 1182 4017 crit.
1203 3979 1270 4016 nova
1282 3964 1306 4015 i.
1326 3977 1349 4027 p.

263 4034 312 4086 sed
330 4037 356 4085 in
368 4049 517 4100 cauponam
529 4053 590 4091 sese
601 4042 727 4104 abderet,
746 4043 789 4093 vel
827 4041 883 4094 itit.
912 4041 1015 4092 conlert
1042 4041 1095 4090 Liv.
1121 4041 1166 4102 22,
1192 4041 1239 4090 6⁰:
1271 4037 1353 4088 Liberi

263 4110 359 4174 frigore
377 4109 490 4162 biberno
507 4118 647 4179 correptus
659 4120 686 4167 et
701 4119 790 4181 rigens
827 4123 902 4180 atque
925 4116 1124 4166 incolomes
1146 4115 1282 4165 desiderata
1302 4125 1353 4174 po·

264 4199 316 4236 non
334 4187 394 4238 ideo
412 4187 514 4238 tantrmr
531 4190 558 4240 in
575 4189 692 4255 aliquem
708 4193 791 4256 pisto-
827 4193 917 4252 triam
948 4190 994 4242 ubi
1022 4191 1156 4241 incolam
1184 4189 1353 4255 opponuntur
