2925 4892
286 338 348 402 640
651 338 779 388 Horatii
797 339 1017 392 Erisronlltitll

329 493 423 574 Quod
446 491 519 580 quis
541 489 681 568 deridet,
705 513 804 578 quam
825 493 915 579 quod
937 493 1053 578 probat
1070 503 1106 560 et
1127 507 1306 562 veneratur.

329 615 375 681 Nil
400 634 508 682 moror
529 611 683 688 officium,
706 613 797 699 quod
820 633 874 679 me
894 624 1022 700 parat,
1046 635 1085 680 ac
1106 635 1214 702 neque
1235 615 1309 683 licto

329 737 364 800 iu
387 735 480 822 peius
501 732 588 800 voltu
611 733 749 820 proponi
771 753 888 800 cereus
910 755 1063 821 usquam,
1308 737 1369 802 265

330 858 396 923 Neo
418 875 517 942 prave
539 854 629 920 lactis
651 854 800 922 deuorari
823 853 971 922 versibus
993 865 1083 943 opto,

354 1051 411 1101 265.
429 1063 542 1112 uupuom
558 1051 668 1114 quartus
686 1048 822 1099 Schmidii.
843 1076 870 1085 -
888 1049 946 1100 268.
961 1056 1088 1113 protectur
1104 1053 1193 1104 Lario.
1211 1056 1267 1104 Lai.
1284 1055 1341 1106 binii

320 1141 347 1192 p.
361 1125 416 1177 lai.
433 1153 459 1162 -
478 1129 569 1188 operto
585 1123 629 1186 Sd,
650 1135 717 1174 unna
728 1123 846 1174 Pottierii
863 1123 903 1184 (H.
915 1124 977 1185 bii),
996 1124 1222 1188 Guelferbytanus
1238 1129 1342 1178 Sebini-

321 1202 369 1260 dii,
388 1201 449 1250 LlF:
468 1204 556 1260 opertu
571 1197 684 1261 Porph.,
703 1195 752 1256 bc,
776 1199 884 1261 praeter
905 1209 989 1246 uuum
1013 1197 1086 1249 illum
1108 1202 1190 1250 ceteri
1211 1203 1341 1282 Pollierii,

288 1367 323 1416 ab
335 1365 486 1415 bominibus
498 1365 605 1426 lostivis)
618 1363 701 1415 edisci
713 1376 746 1414 ao
756 1377 813 1414 me-
851 1379 899 1415 σιν
915 1357 937 1429 ἢ
951 1359 1085 1434 γράψασι
1100 1367 1205 1430 ζημίαν
1216 1363 1251 1416 τὸ
1262 1369 1374 1433 τίμημα

288 1443 372 1493 moria
405 1441 491 1490 oneri
516 1451 597 1504 quum
622 1437 811 1500 admirabiles;
851 1435 930 1508 δρᾴν.
952 1465 978 1475 -
993 1441 1105 1502 proponi
1120 1440 1213 1504 emen]
1232 1441 1271 1491 ci.
1284 1444 1336 1492 Sat.
1349 1444 1373 1502 ι,

289 1530 352 1580 ergo
375 1517 400 1565 in
422 1518 560 1564 aeternam
581 1514 739 1564 memoriam
756 1513 814 1564 loe·
850 1514 877 1575 3,
896 1511 957 1564 tta:
984 1515 1077 1564 albens
1095 1519 1124 1563 ιιι
1143 1519 1198 1563 ater.
1232 1514 1374 1566 Probabile

290 1591 367 1641 dalus
385 1591 441 1650 est,
460 1600 541 1651 quem
559 1586 610 1638 tale
628 1600 737 1638 carmen
754 1586 815 1651 pol-
850 1591 893 1640 est
908 1589 1008 1638 Horatii
1022 1588 1189 1654 temporibus
1200 1603 1295 1640 cereas
1306 1593 1375 1640 ima·

289 1665 394 1716 luerit.»
412 1665 473 1714 lun.
503 1663 607 1712 Etenim
626 1660 692 1712 tales
708 1659 760 1712 looi
776 1662 815 1711 ri-
851 1663 927 1725 ginee
943 1663 1062 1713 virorum
1078 1661 1233 1723 dlusbium,
1260 1664 1371 1723 ducum,

289 1737 369 1790 diouli
393 1737 491 1790 satirae
516 1737 599 1786 instar
622 1737 684 1784 sunt
706 1735 731 1786 iu
750 1747 814 1785 eum
852 1739 1000 1798 oratomm,
1023 1739 1180 1801 poetarum,
1203 1737 1377 1803 pbilosopho—
1451 1772 1452 1811 ζ

288 1812 467 1876 oonsnriptae‚
486 1821 569 1872 quem
584 1807 692 1858 laudare
708 1807 814 1858 volebat
851 1822 928 1871 runa,
946 1809 1055 1862 venales
1072 1810 1154 1861 luisse
1172 1825 1224 1875 per
1240 1811 1375 1874 labarum,

289 1889 376 1951 poam.
565 1891 573 1908 ·
851 1897 920 1948 quae
937 1883 972 1934 ab
989 1884 1194 1948 emptoribuein
1208 1885 1377 1939 bibliothecis

319 1958 442 2010 ilii-267.
463 1957 507 2006 Nil
522 1955 682 2019 mororcet.]
702 1954 813 2006 aAdme
852 1961 967 2010 maxime
989 1961 1211 2024 proponerentur.
1241 1963 1300 2012 iana
1323 1964 1377 2013 sia

289 2039 363 2087 certa
381 2031 454 2096 quod
470 2031 576 2091 attinet,
595 2031 707 2092 Caesar,
726 2031 749 2080 si
763 2031 814 2081 ieto
851 2032 997 2096 ceroplasta
1022 2031 1111 2096 aliquo
1132 2035 1258 2098 imperito
1283 2036 1311 2086 in
1332 2050 1378 2101 pe·

290 2121 379 2160 essum
404 2103 477 2164 loco,
503 2106 533 2154 ut
555 2105 614 2167 quis
637 2116 681 2155 me
704 2102 813 2153 laudare
852 2107 893 2156 ius
917 2106 1023 2156 ellictim
1047 2111 1136 2167 erant,
1164 2121 1226 2169 eos,
1262 2123 1377 2172 quorum

289 2181 382 2242 vellat,
409 2179 457 2229 sed
483 2177 576 2228 inscite
598 2176 626 2226 id
647 2179 814 2241 propositum
852 2183 929 2230 erant
950 2182 1093 2243 imagines,
1114 2184 1259 2246 propterea
1276 2186 1379 2235 stoma·

290 2255 499 2318 exsequeretur,
524 2249 597 2302 nibili
614 2250 746 2311 laceram,
763 2253 816 2301 im·
852 2248 946 2304 ebatos
959 2267 1021 2306 esee
1032 2257 1309 2310 oonsentaneumast:
1329 2273 1378 2309 uec

290 2343 335 2380 nro
347 2338 504 2391 respuerem
518 2323 648 2386 olfiuium,
667 2324 741 2387 quod
750 2325 816 2375 mibi
852 2330 943 2378 tumen
960 2329 1097 2391 cogitarim
1115 2329 1236 2380 consulto
1257 2333 1283 2381 in
1303 2334 1378 2397 peius

290 2403 365 2453 oneri
385 2401 473 2466 potine
496 2411 578 2463 quam
599 2397 693 2448 bonori
716 2400 814 2448 esaei·
853 2399 1074 2465 Hotaslilulorum
1096 2403 1250 2469 aarum)
1271 2403 1378 2457 ludibrii
1450 2416 1451 2483 g

291 2479 380 2540 «Ego,
404 2475 489 2537 inquit
506 2472 643 2531 Horatius,
667 2469 749 2521 nolim
766 2470 816 2520 da-
852 2477 880 2526 el
897 2475 1073 2528 contumeliae
1088 2489 1167 2527 causa
1180 2481 1277 2541 exponi
1288 2479 1378 2531 solitae
1450 2496 1451 2519 ι

291 2551 377 2602 ourari
399 2547 521 2613 turpibus
537 2544 678 2606 versibus,
705 2557 739 2594 ue
755 2545 816 2608 piu·
853 2563 928 2613 osse,
952 2550 980 2600 id
1005 2550 1078 2614 quod
1101 2563 1166 2601 sane
1188 2552 1283 2622 famosi
1300 2553 1379 2605 libelli

291 2627 349 2689 gui,
368 2623 393 2673 id
412 2625 465 2682 est,
484 2619 578 2672 stolido
596 2620 745 2682 composito
759 2631 817 2668 mu·
853 2625 935 2675 instar
950 2624 1057 2682 iubeat,
1076 2626 1112 2675 ita
1128 2628 1158 2675 ιιι
1173 2625 1262 2676 laesus
1273 2630 1379 2679 actione

290 2710 357 2748 uero
374 2697 487 2746 donatus
498 2693 624 2754 rubeam,
643 2694 743 2743 alcum
754 2703 816 2742 meo
853 2699 1008 2749 iniuriarum
1031 2699 1160 2750 munnam
1181 2704 1312 2764 persequi
1330 2717 1379 2767 po.

291 2769 429 2821 laudatore
447 2767 552 2818 delerar
573 2768 599 2818 in
617 2768 706 2816 vinum
723 2767 832 2816 ιιιιιιι-·
852 2772 955 2822 tuisset.
970 2799 998 2808 —
1016 2773 1139 2837 αοααναιι]
1157 2773 1217 2823 κατ’
1231 2775 1379 2845 alpmvalar
1450 2772 1451 2787 ¹

292 2843 375 2904 rium;
394 2839 478 2892 multo
495 2853 574 2904 porro
586 2841 675 2890 minus
686 2842 727 2901 tu,
748 2840 816 2890 Cae-
852 2857 903 2909 pro
915 2845 1091 2910 «demrpam.
1107 2875 1134 2882 -
1148 2848 1188 2896 Ne
1195 2847 1313 2914 mbenrn]
1327 2852 1378 2899 «He

231 2901 238 2912 ⁵
289 2929 351 2978 sar,
372 2915 401 2964 id
416 2912 517 2964 voles.»
539 2916 696 2964 Guarinus.
727 2911 818 2964 asulae
853 2917 945 2969 insulsi
964 2921 1113 2983 praeconii,
1136 2919 1261 2972 versibus
1284 2923 1379 2987 ineptis

294 2989 417 3039 Horatius
428 2987 548 3051 saepius,
561 2989 705 3050 postquam
715 2999 761 3037 ree
771 2999 817 3036 so-
854 2993 1008 3055 oompositi,
1026 2993 1128 3057 pudore
1145 3006 1190 3042 me
1207 2993 1336 3054 debeat.-

293 3063 346 3112 rias
362 3061 496 3120 tractavit,
515 3057 648 3122 epilogum
659 3059 759 3110 addere
776 3061 818 3110 io·
886 3065 1008 3116 aberro.
1033 3065 1096 3130 meo]
1115 3065 1197 3117 «ldeo
1209 3069 1272 3131 quia
1290 3071 1318 3120 in
1335 3083 1378 3120 ω

293 3135 331 3184 oie
343 3133 496 3195 lucretiisque
509 3131 648 3194 reiertum,
665 3145 753 3196 neque
764 3133 818 3184 hoc
854 3139 917 3188 dem
939 3138 1007 3188 libro
1024 3141 1051 3190 et
1066 3141 1203 3204 scriptoris
1219 3156 1322 3194 nomen
1338 3147 1378 3193 est

293 3205 380 3258 solum
405 3207 431 3257 in
456 3203 578 3268 Epistoliu
603 3209 631 3255 et
656 3207 761 3268 Satiris,
787 3209 817 3257 ut
854 3214 883 3262 et
907 3213 979 3274 aius,
1005 3212 1039 3262 da
1064 3227 1118 3277 quo
1139 3215 1279 3277 scribitur,
1306 3221 1337 3267 ut
1353 3219 1376 3266 in

292 3283 346 3332 Sal.
359 3282 388 3342 i,
402 3282 426 3329 ι.
447 3280 477 3340 2,
490 3277 514 3330 i.
533 3279 558 3338 ι,
571 3280 595 3328 i.
620 3280 686 3344 Epp.
700 3281 729 3342 4,
746 3283 770 3331 4.
790 3283 814 3343 4,
853 3283 959 3349 Virgilio
970 3290 1084 3348 Aeneas,
1096 3290 1122 3338 iu
1134 3289 1252 3339 Homero
1265 3290 1375 3342 Ulixes.-

292 3355 317 3410 i.
335 3357 364 3408 ei
379 3355 409 3404 l.
422 3356 463 3415 P.,
481 3353 530 3404 sed
548 3355 627 3404 ellam
642 3354 816 3406 interdumiu
852 3359 914 3408 Ace.
949 3359 1098 3424 Simplicius
1119 3361 1244 3425 quidem,
1272 3369 1304 3414 ut
1319 3365 1376 3429 opi-

292 3427 644 3490 oarmlnibuu‚ul0d.t,6.
657 3429 682 3489 3,
693 3430 717 3479 3.
730 3428 814 3492 Epod.
853 3445 915 3494 nor,
941 3434 980 3484 sic
1005 3447 1136 3499 expones:
1164 3429 1238 3488 «lina
1264 3452 1328 3489 cum
1344 3451 1375 3488 eo

292 3505 334 3554 2.»
353 3505 456 3553 liranus.
478 3529 504 3538 -
528 3503 586 3566 flcio
602 3503 631 3551 ln
644 3502 723 3566 peius]
750 3501 814 3553 Ptin.
852 3505 1032 3571 melopoeia,
1059 3511 1104 3572 qui
1125 3523 1171 3560 mo
1187 3509 1316 3564 laudibus
1331 3525 1375 3562 ex-

293 3579 359 3641 Epp.
373 3579 397 3636 b,
411 3578 455 3627 to:
471 3577 580 3638 pictores
592 3577 725 3638 polubrum
742 3577 816 3628 obeo-
853 3579 945 3632 todora
963 3583 1052 3646 inepte
1070 3585 1181 3634 ooualus
1198 3588 1266 3636 est.»
1280 3613 1310 3624 -
1319 3600 1375 3649 por»

292 3651 419 3710 ιιιιααιᾳιιο
439 3651 549 3713 fonnem
571 3652 747 3700 reruni-rite
762 3664 816 3712 pe-
852 3655 943 3719 ractio]
961 3657 1374 3725 «Beneporrectusetinoapsa

292 3724 343 3772 ius
359 3723 487 3786 emptori.
516 3722 615 3775 Aelian.
633 3725 663 3773 V.
686 3725 717 3774 H.
736 3724 765 3786 t,
784 3723 813 3776 l:
852 3733 953 3789 opertis
979 3730 1056 3792 quasi
1081 3735 1203 3782 mortuus
1227 3734 1254 3782 in
1278 3734 1374 3784 ieretm

290 3791 397 3845 Ἀκούω
430 3797 545 3848 κεῖσθαι
577 3794 670 3862 νόμον
698 3794 816 3862 Θήβησι
853 3801 1371 3860 delemrinuiuumtburarium.»Poare.

293 3868 509 3938 προστάττοντα
531 3875 593 3934 τοῖς
609 3874 751 3934 τεχνίταις
765 3874 815 3923 καὶ
853 3876 892 3927 Cl.
905 3877 990 3941 Epod.
1004 3880 1045 3941 to,
1057 3880 1098 3928 24.
1113 3903 1141 3916 -
1160 3881 1260 3945 apertu]
1277 3879 1373 3944 Signifi-

292 3947 355 4005 τοις
379 3949 532 4012 γραφικοῖς
553 3946 679 4008 καὶτοῖς
696 3945 815 3998 nieme-
852 3953 911 4011 oat,
937 3963 1020 4014 quam
1044 3965 1154 4016 prorsus
1177 3952 1326 4018 negligatur
1347 3955 1372 4002 et

292 4020 356 4080 κοῖς
382 4019 423 4079 εἰς
439 4014 473 4068 τὸ
489 4024 616 4090 κριῖπον
633 4017 684 4083 τὰς
700 4017 815 4084 εἰκόνας
852 4026 1039 4076 oontemnalur
1060 4025 1118 4076 tatis
1138 4029 1235 4090 poeta:
1266 4040 1369 4092 ιωρειι,

292 4091 455 4158 μιμεῖσθαι.
486 4087 606 4144 ‘aduatici
628 4093 659 4145 dl
682 4089 699 4145 ὁ
723 4093 815 4159 νόμος
852 4109 923 4160 quaa
940 4113 974 4149 na
992 4099 1204 4163 operlaquidem
1216 4105 1286 4153 esi.»
1303 4101 1372 4152 Hidi·

293 4171 355 4229 τοῖς
372 4167 412 4230 εις
427 4162 461 4218 τὸ
478 4164 576 4238 χεῖρόν
593 4182 662 4220 ποτε
672 4163 693 4235 ἧ
704 4167 815 4221 πλάσαι·
851 4170 911 4221 oula
927 4175 985 4222 tum
1002 4172 1152 4235 dumtaxat,
1170 4177 1201 4224 ut
1218 4174 1316 4238 debet,
1333 4189 1372 4226 re·
1449 4166 1450 4235 l
