2925 4892
524 357 584 408 lte.
603 359 633 408 ll.
669 357 769 410 lil’lST.
788 360 808 408 l.

160 514 237 580 Sive
260 511 393 600 elephas
414 509 508 578 albus
529 510 613 600 volgi
636 523 841 580 converteret
861 533 935 592 ora;

160 635 328 721 Spectaret
348 631 505 720 populum
526 631 610 700 ludis
632 634 783 700 attentius
806 633 902 721 ipsis,

161 754 202 822 Ut
223 753 285 820 sibi
308 751 518 840 praebentem
540 753 638 820 mimo
660 753 846 842 spectacula
866 753 973 843 plura;

159 873 343 960 Scriptores
365 881 473 942 autem
495 894 628 942 narrare
650 885 778 962 putaret
802 874 903 944 asello

184 1070 243 1120 496.
268 1071 418 1119 converterit
444 1082 506 1120 cnm
523 1070 649 1120 Prisciani
666 1071 732 1122 Cod.
753 1069 903 1134 cantabrig.
924 1072 960 1133 (et
977 1069 1062 1122 tribus
1078 1070 1176 1121 Kreblii

149 1145 178 1193 T.
188 1143 208 1192 4,
219 1156 246 1206 p.
261 1143 327 1205 484.)
345 1141 488 1194 Bentleius.
507 1145 547 1206 (lit
558 1157 622 1206 nos,
641 1146 739 1206 nostri,
757 1147 875 1196 Pnttierii
887 1145 1175 1207 etScbmldiinmues.)
1227 1177 1234 1186 ·

150 1243 178 1253 -
197 1217 255 1267 498.
275 1215 381 1266 Habent
395 1219 472 1266 miore
490 1219 573 1268 nostri
591 1221 618 1268 et
635 1219 753 1269 Pottierii
776 1233 880 1270 omnes.
906 1219 973 1268 Vide
991 1219 1125 1270 4444404444.
1146 1245 1172 1254 -

144 1289 234 1356 ptm]
251 1292 306 1340 44444
322 1305 349 1355 p.

114 1457 185 1522 ebur]
213 1457 306 1520 :signa
330 1459 357 1506 et
373 1459 459 1509 omnis
476 1460 581 1522 generis
599 1471 645 1508 or·
681 1459 723 1508 sit.
754 1459 888 1522 Significat
903 1459 1131 1524 camelopardalis,
1151 1461 1208 1511 Gi-

115 1535 243 1582 namenta
255 1529 401 1581 eburnea·
420 1533 473 1582 Nisi
481 1546 546 1584 vero
558 1534 644 1584 mavis
679 1533 775 1595 rasse.
794 1530 858 1582 Plin.
872 1533 902 1581 il.
918 1534 949 1583 44.
962 1534 987 1594 8,
1003 1533 1044 1593 444,
1057 1533 1101 1582 m:
1122 1534 1209 1584 Came-

114 1603 264 1668 iutelligere
281 1604 376 1656 dentes
394 1605 541 1666 eburneos;
571 1606 643 1672 apud
679 1603 819 1667 4000440444
835 1605 964 1654 Materia
980 1605 1096 1656 00040444
1110 1607 1209 1657 0440044-

115 1679 219 1730 Livium
244 1681 316 1728 certe
339 1678 383 1740 37,
402 1679 443 1729 st.
463 1679 490 1730 ln
507 1681 643 1744 triumpho
679 1679 747 1729 sibus
763 1679 828 1728 4444444
840 1679 953 1741 primun
967 1681 1023 1729 cisa
1033 1681 1135 1730 4400400.
1164 1682 1207 1730 lia

115 1751 642 1804 denotiochoocumoidmusuccivffl.
679 1767 707 1804 on
731 1752 834 1802 utine
857 1753 985 1814 0444444444,
1010 1758 1112 1816 aspecto
1126 1757 1209 1818 mepte

114 1826 212 1890 portali
238 1839 299 1876 esse
325 1825 456 1876 dicuntur.
480 1852 508 1862 -
541 1829 644 1889 captiua
679 1826 1025 1889 quamsrritcteconspimc,
1041 1829 1208 1889 qucreaticm

114 1897 255 1962 0044444404]
276 1896 397 1963 Plerique
415 1901 640 1964 interpretantur:
679 1899 737 1950 ovis
755 1898 827 1949 ierac
844 1913 934 1950 44044044
950 1901 1051 1951 incenit.
1073 1925 1101 1936 -
1121 1900 1206 1966 044444]

116 1975 205 2024 «unta
217 1974 257 2024 vis
268 1974 403 2036 signorum
415 1985 561 2024 aeneorum
573 1987 643 2024 mar·
679 1971 841 2036 Elepbnntes
867 1972 920 2023 albi
945 1975 1060 2025 rariores
1085 1978 1156 2025 sunt.
1178 2003 1204 2011 -

115 2059 341 2110 memoremque,
360 2049 458 2110 quanta
476 2059 490 2096 e
509 2049 537 2100 L.
554 2049 642 2098 ilium-
678 2047 840 2110 converteret]
860 2049 977 2112 Tempus
994 2048 1065 2098 idem
1083 2051 1125 2097 est
1142 2059 1206 2098 eum

114 2125 169 2176 mio
187 2123 314 2174 Corintho
326 2123 436 2174 Romam
448 2125 491 2172 est
501 2122 641 2173 advecta.»
678 2119 722 2170 illn
738 2122 760 2170 44
775 2121 841 2183 soret
857 2121 883 2170 444
894 2123 982 2182 terris,
1001 2135 1048 2172 «ac
1060 2125 1123 2172 tunc
1134 2121 1205 2186 volgi

115 2197 256 2248 Praestare
282 2199 372 2246 temen
398 2196 503 2246 videtur
530 2198 642 2248 Acrenie
678 2208 725 2244 ora
733 2200 887 2246 converteret
895 2194 1115 2259 camelopardalis
1124 2209 1146 2255 ,ι
1155 2209 1206 2259 pro

115 2269 271 2335 explicatio:
296 2283 378 2320 evesa
396 2271 560 2332 Corinthia»
579 2283 641 2322 cnm
678 2281 731 2332 quo
755 2270 806 2320 etsi
823 2268 873 2320 alia
892 2269 1020 2334 temporis
1037 2271 1140 2320 ratione
1158 2282 1206 2318 ae-

114 2346 198 2396 etiam
215 2344 357 2408 Pompeius
374 2340 444 2394 ludis
461 2345 516 2395 suis
527 2345 555 2394 iu
566 2345 641 2408 Equo
679 2355 731 2405 que
750 2344 840 2393 tamen
861 2345 967 2394 rectum
984 2345 1058 2394 esset
1073 2343 1207 2394 0044004444-

115 2419 565 2482 Troianoexposueritcrctercrmn
579 2422 641 2482 (non
677 2421 720 2466 set.
746 2444 772 2452 --
798 2416 972 2480 ludis-ipris]
998 2429 1103 2480 «quam
1127 2416 1205 2467 ludos

112 2494 250 2554 0044044044)
273 2493 325 2542 tric
340 2492 413 2542 4444440
433 2493 495 2555 (Cic.
515 2493 549 2544 ad
565 2493 639 2544 Fam.
677 2491 778 2554 ipsos.»
803 2489 841 2540 ct.
855 2490 909 2553 sat.
924 2490 952 2551 4,
970 2491 999 2551 4,
1017 2489 1058 2539 97.
1074 2517 1101 2526 -
1119 2489 1205 2554 numo]

113 2569 141 2628 i,
155 2569 184 2628 4,
198 2567 243 2629 4.).
267 2569 307 2618 De
319 2567 437 2616 Corinthi
449 2569 544 2632 captae
556 2569 641 2620 simu
678 2577 726 2627 pro
739 2563 834 2626 quovis
845 2563 981 2613 histrione,
1001 2561 1111 2626 (ceodd.
1125 2566 1203 2626 quat-

113 2639 186 2692 44040
204 2639 311 2703 intelligi
327 2641 369 2690 vix
386 2642 484 2704 potest.
677 2639 739 2685 tuor
751 2637 859 2699 cruquii
870 2637 987 2698 4444440444,
1005 2635 1078 2698 quod
1089 2637 1202 2686 tortasse

677 2710 780 2760 verius:
807 2711 946 2773 «Popnlmn
961 2715 990 2760 ut
1005 2709 1110 2760 mimum
1123 2723 1203 2772 prae-

145 2787 269 2839 itt-let.
283 2788 447 2852 Deroocritus]
461 2789 640 2840 liuncomnes
677 2784 773 2834 beatem
796 2783 843 2832 tibi
869 2783 1013 2845 3440446144
1035 2783 1115 2846 plum
1138 2783 1203 2832 ludis

113 2875 157 2912 res
174 2861 306 2912 humanas
323 2865 454 2926 perpetuo
471 2864 540 2924 risu,
559 2863 641 2914 llere-
676 2859 762 2921 mais.»
788 2857 927 2907 4444444444
949 2857 1069 2907 incuria
1088 2858 1203 2908 novissi-

112 2933 205 2986 clitum
222 2933 333 2986 easdem
350 2935 415 2986 lietu
432 2939 562 3001 perpetuo
575 2949 640 3000 pro-
676 2931 736 2982 mis.
763 2931 816 2982 Sed
839 2931 905 2982 mire
928 2931 979 2981 bac
996 2930 1110 2981 lectione
1126 2933 1203 2982 intri-

112 3013 237 3062 secutum
254 3023 315 3062 esse
333 3009 477 3061 narrabant
498 3011 524 3060 in
542 3009 640 3062 scholis
676 3009 752 3056 catur
780 3007 953 3057 constructio.
1000 3005 1068 3066 Quid
1097 3005 1202 3057 multat

112 3083 272 3149 philosophi.
291 3083 331 3136 Ci.
348 3083 414 3149 Epp.
429 3086 458 3144 4,
475 3085 519 3146 ii,
537 3085 576 3134 44.
595 3087 640 3136 444-
675 3081 781 3131 mimano
797 3084 839 3132 est
854 3093 928 3131 mera
942 3080 1155 3133 accommodatio
1167 3081 1202 3132 ad

112 3171 172 3208 ven.
187 3159 228 3218 40,
241 3157 288 3208 33;
303 3159 423 3220 &matun
434 3159 489 3208 44444
496 3159 640 3222 pulmonem
675 3156 842 3220 praecedens
859 3154 982 3205 verbum.
1012 3159 1105 3219 Aeque
1122 3156 1202 3206 vitio-

110 3231 314 3297 cpituresolebct
325 3233 491 3282 44044400444444.
505 3260 533 3268 -
545 3233 639 3283 Diver-
675 3243 721 3280 sae
739 3232 803 3280 sunt
817 3228 946 3280 lectiones
964 3229 1077 3283 duorum
1096 3230 1201 3280 Schmi-

109 3319 165 3356 44404
176 3305 292 3369 -pms1
320 3307 407 3356 «mire
432 3307 543 3356 mixtum
569 3307 639 3356 inter
676 3303 712 3353 dii
728 3302 835 3352 nimium
852 3305 879 3353 et
895 3301 1008 3352 aliorum
1023 3301 1093 3367 apud
1106 3303 1202 3354 Marci-

110 3393 140 3430 se
158 3393 193 3430 ex
210 3379 302 3430 iormls
318 3392 399 3442 quam
411 3379 526 3430 maxime
539 3379 639 3430 discre—
674 3375 740 3428 lium
757 3377 835 3428 nimio
850 3376 994 3438 spectacula
1003 3375 1079 3438 44444.)
1093 3401 1120 3410 -
1133 3375 1203 3425 Scri-

109 3453 272 3518 paniihus;n
291 3466 361 3504 non:
381 3453 533 3506 «diversum
547 3456 638 3506 tamen
672 3455 756 3513 ptores
767 3447 830 3512 cet]
849 3451 962 3498 «Poetas
976 3451 1067 3499 nutem
1077 3449 1200 3499 scenicos

109 3528 144 3578 ab
166 3530 295 3592 utroque,
323 3527 426 3580 camelo
450 3531 477 3580 et
493 3529 637 3592 panthera,
674 3527 747 3590 ipsos
765 3536 875 3588 operam
891 3521 984 3573 ludere
999 3523 1116 3585 putaret,
1136 3534 1199 3572 cum

109 3615 230 3666 genuen
256 3602 283 3652 id
300 3602 374 3666 quod
390 3602 443 3652 dici
460 3601 523 3652 nihil
541 3603 638 3652 4444440-
674 3596 830 3662 plebeculae
847 3599 902 3646 tam
919 3594 1014 3646 stultae
1032 3593 1135 3645 tabulas
1150 3595 1199 3644 da-

108 3675 164 3726 bat.
195 3677 243 3726 Est
259 3679 349 3728 autern
366 3690 392 3727 v.
413 3689 491 3742 aenas
508 3677 638 3742 appositio
674 3675 759 3724 rent.»
775 3700 801 3707 -
816 3669 901 3734 asello]
912 3669 970 3720 Duo
982 3667 1126 3734 proverbia
1138 3683 1200 3719 con-

108 3750 311 3813 potiusquam,
330 3763 411 3812 quem
429 3749 534 3810 dicunt,
546 3763 637 3820 taccu·
674 3747 769 3797 iunxit:
789 3746 865 3794 440440
876 3743 1110 3806 communicatam
1123 3744 1197 3806 iilos:

108 3825 210 3874 nativus
222 3825 357 3874 Graecus:
371 3824 552 3890 συγχυθεῖσα
563 3817 637 3874 κατὰ
673 3821 766 3871 leuben
775 3821 856 3870 Obren
865 3817 1009 3883 precipen.)
1024 3819 1130 3868 Terent,
1145 3817 1199 3868 lie-

107 3897 191 3960 γένος
212 3892 372 3966 διάφορον,
399 3898 528 3950 «confusa
550 3899 576 3948 in
594 3898 637 3948 di·
673 3896 727 3946 aut.
751 3896 781 3954 2,
801 3895 830 3955 4,
850 3894 889 3942 iti.
912 3895 938 3942 et
961 3894 1091 3942 Graecum
1116 3888 1196 3941 illud:

108 3982 218 4022 versum
231 3970 425 4034 genua,»qued
436 3971 637 4036 placetScbmi-
665 3963 739 4034 Ὄνῳ
764 3982 806 4030 τις
832 3959 911 4032 ἔλεγε
934 3961 1049 4031 μῦθον·
1076 3959 1145 4014 ὅδὲ
1163 3961 1198 4014 τὰ

108 4044 152 4094 (440
168 4057 196 4107 p.
210 4044 267 4096 3⁰8.
295 4044 347 4095 Sed
359 4046 417 4109 ipsa
430 4045 574 4096 verborum
586 4059 636 4110 po·
673 4033 734 4092 ὦτα
750 4041 853 4092 ἐκίνει·
881 4041 922 4103 εἰς
941 4033 1139 4105 ἀναισθησίαν
1155 4052 1198 4088 τι-

109 4119 214 4179 silinue,
227 4120 257 4168 ut
267 4120 341 4168 reete
353 4119 425 4170 idem
438 4132 464 4183 p.
477 4119 544 4178 tte..
557 4133 635 4170 mon·
673 4113 729 4167 νῶν
747 4111 765 4182 ἡ
784 4117 924 4188 παροιμία
940 4112 1050 4186 εἴρηται
1066 4113 1126 4165 κτλ.
1148 4115 1198 4163 Ze-

110 4194 243 4242 siruosnm
260 4191 382 4244 animalis
399 4191 513 4244 sormam
525 4207 637 4258 expres·
672 4189 737 4243 nob.
756 4193 783 4253 5,
802 4189 844 4242 44.
