2925 4892
269 326 331 392 382
637 325 768 378 donarit
784 324 1006 377 EPlSTOLARllll

313 485 346 552 Si
369 495 457 551 recte
480 483 588 550 iacies.
633 484 692 549 llic
714 503 826 547 murus
849 489 971 548 aeneus
994 492 1081 548 esto:

313 605 361 672 Nil
385 607 531 673 conscire
554 605 629 682 sibi,
654 603 740 670 nulla
762 603 941 691 pallescere
963 603 1069 692 culpa.

313 728 442 804 Roscia,
467 726 520 794 dic
542 726 654 803 sodes,
679 725 795 792 melior·
816 725 883 803 lex,
907 747 948 791 an
970 746 1149 814 puerorum
1170 737 1220 793 est
1286 731 1290 736 ’

316 850 432 926 Nenia,
457 869 542 938 quae
565 869 702 937 regnum
723 859 812 915 recte
834 847 1026 915 facientibus
1047 847 1158 923 offert,

315 973 354 1038 lit
373 970 518 1038 maribus
540 971 645 1038 Curiis
667 980 700 1037 et
721 970 890 1036 decantata
914 968 1079 1036 Camillis?

316 1095 388 1161 lsne
411 1093 467 1160 tibi
488 1093 604 1160 melius
627 1091 758 1168 suadet,
782 1093 838 1179 qui
860 1112 929 1158 rem
952 1090 1067 1167 iacias,
1091 1112 1176 1169 rem,
1321 1094 1362 1157 65

340 1236 380 1286 60.
397 1236 479 1300 {adca
496 1233 522 1286 d.
544 1262 571 1272 -
590 1235 631 1284 62.
650 1240 685 1285 eat
701 1247 756 1284 om.
775 1233 804 1284 C.
825 1232 938 1297 (Habent
959 1235 1042 1297 nostri
1064 1233 1148 1283 Codd.
1161 1237 1232 1284 etex
1248 1234 1331 1284 Bent-

306 1309 399 1360 lelanis
415 1307 487 1376 βγό.)
508 1337 534 1345 -
553 1310 594 1360 644.
613 1311 656 1370 qui
678 1315 707 1359 αι
722 1323 777 1359 rem
793 1310 811 1357 i.

274 1433 298 1484 8.
317 1431 366 1482 Ed.
385 1431 512 1494 nostrae.)
532 1458 559 1468 -
578 1431 607 1480 Si
626 1435 692 1481 rocio
713 1430 799 1495 soom}
868 1429 953 1479 62-67.
973 1429 1150 1492 nouem-tm]
1162 1428 1266 1479 Vidad
1278 1429 1361 1494 Epod.

274 1507 382 1558 Addunt
398 1504 485 1556 Sobol.
505 1507 533 1556 ei
551 1505 669 1556 isidorus
686 1506 755 1568 orig.
769 1505 798 1561 9,
837 1502 865 1564 4,
892 1505 933 1553 lb.
963 1531 991 1538 —
1017 1503 1114 1565 melior]
1142 1505 1252 1553 umboni
1278 1505 1363 1566 magis

275 1581 303 1641 3,
323 1580 351 1632 l:
370 1581 391 1630 si
407 1581 559 1642 consedes,
571 1580 691 1629 macris.
722 1579 800 1629 Pueri
836 1581 1043 1628 consentanea.»
1062 1606 1090 1615 -
1109 1578 1205 1642 Nerato]
1224 1592 1264 1643 pr.
1281 1591 1363 1626 «ear-

275 1657 313 1706 sic
339 1653 495 1718 intelligunt:
526 1655 566 1703 «Si
593 1653 674 1704 lactes
699 1655 800 1718 optime
837 1666 901 1703 men
910 1652 1022 1703 lunebre
1031 1653 1240 1716 practicarum·
1264 1652 1363 1703 deinde

275 1731 344 1780 inter
354 1742 462 1790 omnes,
481 1741 551 1792 quae
562 1727 617 1779 ludi
633 1728 676 1779 lex
686 1729 800 1792 poscit.»
837 1729 945 1778 «omnis
967 1725 1100 1777 cantilena
1122 1725 1277 1791 popularis·
1300 1727 1362 1790 (od.

276 1805 330 1854 liac
352 1806 442 1854 autem
467 1816 534 1853 voce
562 1802 635 1853 velot
661 1800 801 1863 perculsus
837 1802 866 1863 3,
884 1803 929 1864 28,
949 1803 989 1852 46.
1020 1803 1158 1853 Phaedrus
1180 1803 1205 1852 3.
1235 1800 1304 1852 Prol.
1321 1802 1362 1851 to.

276 1875 443 1943 παθητικῶς
451 1877 582 1929 exclamat
590 1881 678 1942 poeta:
693 1879 801 1927 sNonne
838 1876 941 1927 tabulas
966 1889 1029 1927 suas
1054 1880 1132 1928 vocal
1159 1878 1221 1926 viles
1242 1877 1363 1939 nonius),

276 1955 343 2004 haec
371 1951 455 2002 verba
486 1951 693 2002 reconditiorem
722 1951 801 2001 etiam
838 1952 919 2001 etiam
931 1953 1096 2001 «nutricum»
1109 1951 1217 2015 (Arnob.
1228 1953 1252 2010 ⁷,
1266 1965 1294 2016 p.
1304 1952 1362 2002 237.

277 2029 378 2078 babent
408 2039 536 2088 sensum,
570 2025 617 2076 ubi
648 2025 745 2076 eadem
768 2025 803 2074 ad
839 2026 931 2090 lugd:
950 2024 1364 2089 ennemtas,nnue1mtorum

277 2105 359 2153 mium
393 2101 531 2150 bominum
567 2102 648 2150 vitum
685 2100 803 2165 applica·
837 2100 969 2164 intonare),
988 2101 1014 2150 b.
1028 2099 1044 2150 l.
1058 2115 1204 2165 puerorum
1226 2098 1291 2151 illud
1311 2103 1366 2151 liae

277 2179 335 2227 risi
357 2177 394 2225 Ac
419 2175 539 2238 prolecto
562 2176 614 2225 hoo
636 2174 708 2224 idem
728 2177 802 2226 recle
838 2177 889 2226 erit
904 2178 955 2225 cot.
988 2175 1102 2225 «Eadem
1124 2176 1276 2241 proiecto,»
1301 2187 1365 2239 per-

278 2250 366 2301 iacere
384 2245 557 2317 (κατορθοῦν
571 2248 728 2310 Stoicorum)
748 2247 805 2299 nnl-
839 2251 888 2314 git,
909 2252 983 2299 «erat
1000 2251 1132 2300 sententia
1150 2252 1184 2301 ll.
1198 2251 1270 2300 Curii
1291 2250 1366 2299 Den-

277 2324 382 2387 liusque
403 2324 493 2386 flagitii
519 2323 570 2374 sibi
595 2325 734 2374 conscium
759 2336 804 2373 es-
839 2324 899 2384 tati,
926 2325 971 2388 qui
989 2324 1101 2374 Sabinos
1119 2328 1146 2375 et
1165 2324 1298 2386 Pyrrhum
1316 2323 1367 2372 de-

278 2411 321 2460 se,
348 2401 390 2448 est
415 2397 478 2448 illud
502 2397 575 2449 velut
599 2397 803 2462 inexpugnabile
838 2400 914 2459 vicit,
936 2401 974 2449 ll.
997 2400 1066 2449 Furii
1088 2397 1204 2460 Camilli,
1232 2397 1366 2447 Gallorum

278 2471 520 2540 propugnaculum,
551 2473 624 2538 quod
646 2469 700 2524 'nos
726 2485 805 2537 pror·-
839 2474 963 2534 victoris,
982 2472 1090 2523 alterius
1107 2471 1224 2532 Romuli,
1242 2471 1367 2522 aliorum-

278 2561 325 2600 sus
350 2561 460 2600 securos
486 2549 512 2599 ei
539 2549 680 2613 propterea
708 2547 804 2597 beatos
840 2560 893 2610 que
910 2549 1081 2610 antiquorum
1097 2548 1139 2598 bis
1156 2545 1295 2604 similium,
1314 2546 1366 2596 bac

279 2625 398 2676 reddit.»
427 2651 453 2662 -
481 2624 521 2674 Ad
544 2626 613 2674 mari
641 2624 714 2674 cinei
739 2621 802 2686 (Od.
839 2624 910 2673 vitae
931 2635 1024 2672 norma
1050 2623 1207 2683 utebantur,
1232 2624 1261 2672 ul
1282 2622 1367 2672 uirtus

278 2700 309 2760 3,
338 2700 369 2760 3,
400 2698 456 2761 63.)
485 2699 628 2762 imaginem
655 2697 702 2749 cir.
727 2696 802 2747 Pind.
839 2697 934 2747 honori
959 2701 1045 2757 esset,
1073 2711 1126 2748 non
1152 2697 1291 2747 divitiae.»
1325 2697 1364 2746 Cl.

279 2774 546 2837 Fragm.ttt³.liiss.:
573 2768 684 2838 Σχήσει
700 2767 736 2822 τὸ
754 2784 804 2820 ντε-
840 2771 888 2822 Od.
907 2773 935 2833 4,
958 2773 1004 2832 42,
1026 2771 1055 2822 44
1082 2784 1144 2835 sqq.
1169 2797 1197 2807 -
1223 2770 1365 2833 οοοαιιοιο]

279 2849 430 2920 πρωμένον
455 2841 489 2896 οὐ
516 2844 584 2917 πῦρ,
610 2841 645 2897 ori
670 2842 804 2914 σιδάρεον
841 2851 983 2898 Permanet
999 2849 1025 2898 in
1042 2849 1136 2898 nenias
1151 2849 1280 2911 imagine:
1299 2847 1367 2898 «hoc

280 2923 391 2983 Τεῖχος.
419 2920 712 2985 Aeschininctesipb.
727 2920 803 2983 §.ab
841 2937 950 2986 semper
966 2926 993 2972 et
1015 2923 1041 2973 in
1058 2925 1148 2973 animo
1165 2927 1193 2974 et
1209 2925 1236 2972 in
1253 2934 1301 2972 ore
1316 2923 1367 2971 ba-

278 2993 400 3056 χαλκοτς
419 2994 469 3043 καὶ
490 2988 696 3059 ἀδαμαντίνοις
712 2996 805 3054 τείχε-
840 2997 968 3048 hebent.»
995 2998 1049 3048 Cic.
1063 2996 1097 3047 de
1109 2999 1178 3048 Orat.
1191 2999 1221 3058 2,
1240 2997 1285 3058 32,
1304 2996 1364 3047 tio:

279 3083 336 3120 σιν.
373 3068 479 3118 lucian.
493 3068 526 3118 de
544 3067 594 3118 cul.
613 3081 667 3119 non
685 3071 749 3120 tem.
766 3081 803 3118 cr.
840 3074 1042 3122 immodicaeet
1055 3077 1222 3134 peccassent
1238 3072 1365 3133 (causae),

280 3145 325 3195 20:
348 3136 543 3207 ἀδαμάντινον
559 3147 656 3205 τεῖχος
672 3139 725 3208 τῆς
743 3151 805 3207 ψο-
840 3153 869 3197 ut
884 3160 928 3197 eas
943 3159 1026 3196 omnes
1042 3147 1368 3209 ditipentesetmomoresct

279 3215 337 3283 χῆς
348 3215 592 3288 προβεβλημένος.
609 3219 709 3268 Seneca
722 3219 804 3283 Epist.
841 3222 917 3273 animi
928 3227 1042 3271 oratores
1056 3234 1191 3282 percamus
1201 3227 1225 3271 et
1237 3235 1320 3284 prope
1331 3222 1368 3270 dt-

280 3294 327 3345 82:
345 3293 500 3356 Philosophia
515 3293 696 3344 ercomenon
708 3295 807 3359 cst‚io-
841 3311 900 3347 cam
923 3297 1114 3346 decantatos
1138 3296 1229 3345 babere
1253 3296 1365 3346 ἀώαιαι.

279 3369 455 3434 espupnobllis
477 3381 578 3431 murto,
606 3383 679 3432 quem
701 3370 806 3433 sorbeio
844 3373 940 3420 -lsue
956 3369 1018 3432 cet]
1038 3383 1091 3420 uon
1108 3371 1232 3429 Roscius,
1251 3371 1282 3418 ut
1295 3372 1368 3419 ratus

279 3446 364 3496 multis
377 3446 499 3496 macmnis
510 3445 709 3495 lacesdtomnon
723 3449 806 3495 bone
842 3447 885 3495 est
900 3444 1060 3504 Lambinus,
1087 3445 1137 3494 sed
1158 3438 1383 3507 «qualiscunque

280 3521 307 3571 tt.
333 3549 360 3558 -
384 3522 528 3584 Aptissima
550 3523 640 3572 numm
667 3522 735 3571 baec
757 3534 806 3570 ex·
842 3520 992 3569 divitiarum
1013 3518 1190 3578 admirator-3
1217 3519 1370 3569 cuiusmodi

281 3593 404 3644 clamatio
421 3598 463 3646 est
480 3596 517 3656 ei,
536 3608 618 3658 quem
629 3607 709 3658 snpra
722 3594 804 3656 tetigi,
842 3595 982 3644 hominum
999 3593 1075 3644 solita
1092 3591 1203 3644 consilia
1219 3593 1313 3644 statim
1329 3607 1371 3644 re-

282 3669 362 3718 ioiius
379 3667 511 3732 Epistolae
522 3666 693 3740 χαρακτῆρι,
713 3681 807 3732 quam·
842 3668 901 3718 lert.
921 3693 951 3704 -
968 3681 1023 3717 rein
1039 3681 1124 3717 -rom
1139 3695 1155 3705 -
1170 3668 1261 3732 -rem]
1288 3668 1372 3719 stulta

282 3755 364 3806 quam
380 3743 455 3792 mulii
472 3744 499 3794 in
516 3757 547 3793 ea
560 3745 737 3804 offenderunt,
755 3743 807 3793 mi·
842 3755 905 3793 cum
921 3743 948 3792 vi
965 3743 1007 3792 ter
1020 3742 1092 3792 idem
1104 3741 1278 3803 vocabulum,
1297 3744 1373 3806 quod

282 3818 320 3867 ris
337 3819 445 3881 insuper
462 3817 725 3882 interpretationibus
742 3831 807 3882 pro-
843 3819 979 3868 notionem
1017 3816 1193 3881 principalem
1229 3817 1371 3880 exprimit,

283 3891 387 3955 positis,
407 3890 491 3941 velut:
511 3893 534 3955 4)
553 3893 636 3943 «haec
653 3895 688 3943 sit
707 3893 807 3945 immu—
842 3893 949 3956 repetiit
970 3894 1059 3956 potita.
1094 3893 1140 3942 Vis
1161 3895 1252 3942 autem
1270 3905 1304 3941 eo
1321 3905 1373 3941 au-

283 3962 370 4015 tabilis
386 3963 458 4014 lexin
483 3967 507 4028 2)
526 3967 638 4031 «opponi
657 3969 729 4017 hunc
746 3979 808 4017 mu·
843 3970 934 4030 getur,
953 3965 1026 4030 quod
1043 3965 1086 4017 bis
1104 3967 1130 4016 in
1145 3966 1308 4017 sineremus
1324 3979 1374 4029 po·

284 4050 345 4088 rum
354 4041 467 4088 aeneum
482 4039 671 4102 (symbolicum
683 4053 705 4090 s.
717 4053 808 4092 mora-
844 4042 926 4092 eitum
937 4043 987 4091 est.
999 4067 1027 4078 -
1040 4046 1069 4090 ut
1082 4042 1189 4103 propos
1203 4045 1296 4102 spectes
1307 4040 1371 4103 oet]

283 4111 346 4174 lem)
363 4110 409 4173 illi,
433 4124 514 4176 quem
532 4114 730 4176 quodammodo
749 4114 809 4165 elfl-
845 4127 915 4178 equo
938 4117 1042 4165 mnium
1062 4115 1177 4176 babeas,
1203 4117 1233 4164 ut
1253 4115 1280 4165 in
1303 4115 1371 4164 ΚΝ.

284 4187 684 4250 οἱοα4αοε,οτεαιιιαο],αααιιη.
697 4189 808 4251 tutti»
843 4189 982 4240 ordinibus
999 4190 1068 4240 inter
1084 4191 1201 4254 equites,
1223 4187 1267 4239 vel
1287 4190 1372 4239 etiam
