2925 4892
513 361 572 412 um.
591 361 621 412 ιι.
657 361 756 413 crrsr.
775 364 794 413 1.
1139 364 1202 430 62³

155 517 203 584 nd
225 517 310 584 bene
333 515 506 584 dicendum
528 515 823 606 delectandumque
846 513 977 586 redacti.
1139 521 1201 587 tac

156 639 293 707 Graecia
314 646 408 726 capta
431 637 535 704 lerum
556 639 711 706 victorem
732 639 819 727 cepit
838 650 871 706 et
891 650 978 708 artes

156 759 263 826 lutulit
284 759 402 846 agresti
425 759 532 840 Lati03
554 759 602 825 sic
627 758 779 826 horridus
801 760 854 828 ille

153 879 294 946 Deduxit
314 900 470 946 numerus
491 881 669 958 Satumius‚
694 889 726 948 et
747 901 846 968 grave
868 883 957 950 virus

152 1000 328 1068 Munditiae
349 1001 524 1090 pepulere;
550 1001 609 1069 sed
631 1003 664 1068 in
686 1002 817 1090 longum
837 1013 946 1072 mmen
968 1025 1084 1073 aevum

110 1247 165 1296 lam
189 1247 217 1295 ie
243 1246 378 1296 Graeciam
402 1245 536 1308 Anienaque
562 1251 637 1296 aaa·
674 1247 1199 1317 smiptteaeaedeeanSetmresenat·

110 1321 250 1370 aeonem
274 1319 386 1369 anteibat
408 1319 538 1370 libidinem
554 1319 637 1370 llleee-
672 1325 723 1370 ter.
742 1321 837 1382 larici,
852 1322 924 1374 tete.
940 1326 1060 1391 -oimtl
1079 1325 1199 1390 plerum-

111 1395 162 1444 brta
180 1395 290 1457 repetet
311 1399 335 1445 et
354 1395 439 1460 reatae
458 1395 533 1444 etiem
556 1399 637 1444 attre-
674 1407 727 1458 que
752 1407 835 1446 aucus
860 1399 954 1450 noxius
979 1413 1012 1450 ac
1033 1403 1196 1464 venenatus.

110 1474 208 1519 elamet
227 1481 321 1534 aenea·
347 1482 375 1519 ee
398 1469 458 1530 ples
476 1469 579 1530 berrao,
606 1481 637 1517 na
674 1471 731 1518 tum
757 1473 784 1519 et
805 1470 901 1522 foedus
916 1471 997 1534 odor,
1023 1476 1197 1538 utcastorei,

110 1543 637 1606 illaemayiareaeoteeperielqaam
674 1543 744 1605 Virg.
758 1545 804 1593 Ge.
819 1545 916 1606 t,tta.‚
935 1548 963 1596 at
979 1548 1097 1610 ingratus
1108 1562 1197 1613 sapor,

109 1617 268 1666 ansillae.
577 1642 581 1653 ·
674 1619 703 1666 ut
720 1619 955 1681 aquaemariuae,
974 1622 1196 1685 quaeuotiob.l.

142 1691 265 1742 tas-too.
291 1690 412 1756 Destituit]
431 1689 575 1742 «Paulatim
591 1691 637 1740 La·
674 1692 761 1754 aptior
775 1691 882 1742 videtur
898 1707 979 1757 quem
997 1697 1043 1745 aut
1053 1696 1126 1746 virus
1143 1709 1199 1746 ser-

110 1767 155 1816 tini
174 1779 208 1816 eo
219 1767 257 1816 uti
270 1765 434 1816 desierunt.»
450 1793 477 1802 -
492 1766 635 1830 Saturnian]
672 1765 807 1829 pontium,
825 1768 872 1816 aut
887 1769 975 1818 saules
993 1781 1089 1819 eanum
1106 1769 1198 1820 rabio-

110 1842 279 1890 llermaunus
308 1839 374 1904 Epit.
400 1839 485 1890 doctr.
509 1843 588 1890 metr.
607 1853 634 1904 p.
673 1852 765 1889 sorum
791 1843 837 1890 aut
860 1842 931 1891 cirta
952 1843 1103 1892 acerbitatis.
1132 1844 1195 1906 (Cle.

108 1913 171 1964 att:
192 1915 339 1964 «Numeros
356 1913 437 1964 babet
449 1913 514 1964 hos:
534 1914 637 1964 Debent
674 1911 743 1963 Laol.
756 1915 798 1974 23,
811 1916 863 1977 87.)
889 1917 947 1966 Nou
963 1919 1036 1967 euim
1045 1919 1100 1966 tam
1111 1917 1197 1968 reler-

107 1989 205 2038 melem
221 1987 312 2037 Metelli
329 1989 424 2038 Naevio
438 1991 537 2051 poetae.
558 1989 636 2050 (Nae-
673 1989 715 2036 tur
738 1987 772 2037 ad
795 1988 895 2039 iamosa
913 1991 1031 2040 carmina
1050 1993 1077 2040 et
1094 1990 1196 2041 rabiem

108 2064 181 2111 vius:
208 2062 304 2111 Nouem
326 2063 392 2112 iouia
416 2065 549 2113 macereas
566 2065 635 2127 tiliae
673 2061 706 2124 (v.
721 2060 802 2125 tta),
827 2075 910 2126 quam
927 2064 961 2113 ad
979 2067 1062 2115 totam
1079 2064 1196 2116 indolem

106 2135 227 2200 meres.)
262 2136 313 2186 Sed
343 2140 371 2186 et
394 2151 534 2188 caesuram
552 2151 633 2204 saepe
672 2138 799 2187 rusticam
833 2140 913 2201 utque
940 2138 1067 2189 incultam
1091 2140 1196 2203 pascae

107 2209 284 2274 neglexerunt
303 2211 386 2262 rudes
408 2213 450 2262 isti
469 2216 580 2276 poetae,
607 2215 634 2262 et
671 2214 761 2277 poesis
778 2214 900 2276 Latinae,
927 2227 960 2265 ex
980 2215 1079 2265 iudicio
1101 2215 1196 2266 saltem

107 2286 181 2336 omui
192 2299 292 2348 genere
304 2285 465 2338 solutionum
477 2289 518 2338 usl
530 2291 635 2338 sunt.·-
672 2287 780 2337 Horatii.
815 2290 899 2339 Grave
919 2292 1010 2340 autem
1031 2289 1138 2342 solitum
1155 2294 1197 2342 est

107 2360 263 2411 Postremus
289 2361 483 2424 Romanorum,
511 2364 556 2426 qui
581 2364 633 2413 boc
671 2361 750 2412 buius
772 2375 833 2413 voc.
851 2363 999 2426 ἐπίθετον,
1024 2367 1055 2413 ut
1071 2367 1197 2428 quattuor

107 2435 194 2484 metro
220 2435 355 2495 uteretur,
382 2436 465 2485 Varro
491 2436 573 2487 luisse
593 2438 634 2487 vl·
672 2435 801 2500 exemplis
820 2451 852 2486 ex
869 2437 943 2488 Plinii
960 2441 990 2489 ii.
1004 2441 1034 2488 N.
1048 2439 1077 2499 9,
1093 2439 1138 2499 36,
1152 2440 1193 2489 60.

107 2508 230 2557 daturin
250 2508 367 2559 Satiris.»
397 2509 494 2561 Contra
517 2511 634 2562 Diintzer
672 2510 717 2570 ll,
736 2511 782 2572 53,
800 2512 856 2560 liti.
879 2512 925 2574 21,
942 2513 971 2573 b,
990 2512 1030 2562 ta.
1049 2512 1095 2570 ΞΒ,
1108 2513 1137 2573 t,
1151 2513 1192 2563 23.

107 2585 134 2632 et
152 2583 251 2632 berech
271 2583 416 2644 (Diversa,
440 2597 512 2646 quea
532 2591 632 2648 occant,
671 2581 756 2634 allatis
767 2587 924 2635 monstravit
935 2584 1076 2636 Bentleius.
1096 2585 1106 2649 (
1134 2588 1139 2598 ’

106 2657 238 2706 Samnio.
263 2657 379 2718 flendae,
402 2658 485 2720 4838.)
505 2660 633 2710 osteude—
670 2659 740 2722 liet.)
759 2687 786 2695 -
810 2661 961 2725 munditiae]
985 2661 1083 2724 partim
1108 2663 1195 2710 metra

105 2743 136 2780 re
154 2732 243 2780 eonati
261 2734 334 2790 sunt,
353 2732 546 2795 Saturuierum,
565 2747 633 2797 quos
671 2735 786 2794 Graeca,
813 2734 910 2797 partim
935 2732 1030 2785 cultior
1055 2736 1083 2784 et
1103 2736 1196 2798 purior

105 2806 219 2865 vocant,
247 2817 374 2856 versuum
395 2809 497 2856 certam
519 2807 633 2858 sormam
670 2820 774 2868 serm03
801 2807 874 2858 idem
894 2820 978 2872 prope
996 2811 1077 2872 utque
1093 2809 1195 2873 elaeon·

105 2895 245 2946 uunquam
263 2883 394 2934 exstitisse
407 2883 488 2948 idque
500 2885 588 2949 ipsum
601 2899 632 2936 ex
669 2883 720 2943 tie,
748 2895 864 2945 quacum
890 2883 1006 2945 iungitur
1029 2884 1155 2933 munditia
1178 2897 1194 2933 a

105 2959 228 3009 velerum
239 2961 633 3026 grammaticorumpraeceptis
671 2957 801 3006 Cicerone
818 2957 845 3006 in
862 2957 932 3008 Orat.
946 2957 990 3018 23,
1009 2957 1050 3006 79.
1069 2957 1143 3007 Ovid.
1162 2959 1192 3008 Α.

105 3031 249 3082 manifesto
266 3045 397 3095 apparere
409 3047 414 3092 ;
433 3033 522 3098 itaque
535 3035 562 3084 b.
575 3033 592 3084 l.
606 3049 631 3084 r.
670 3032 700 3080 d.
714 3029 739 3088 3,
752 3029 814 3080 tte:
833 3031 943 3093 Mende,
961 3033 1003 3081 ted
1019 3032 1126 3082 cnudo
1137 3043 1195 3081 eoo-

104 3119 240 3156 nemerem
270 3119 323 3156 uon
354 3108 502 3171 siguificare
528 3111 632 3159 certum
669 3109 788 3168 cetoque
802 3105 892 3168 cerba,
908 3105 1019 3168 paellae,
1037 3106 1150 3155 &ritib
1164 3133 1191 3142 -

105 3184 239 3242 metrum,
272 3180 321 3231 sed
345 3183 449 3232 motum
472 3182 633 3233 atmodum
664 3179 1003 3243 emmae-Memmiae]
1029 3181 1068 3230 De
1091 3180 1193 3250 formae

105 3253 225 3319 aliquem
242 3253 406 3318 syllabarum
424 3258 496 3306 certa
514 3255 572 3320 lege
590 3269 633 3306 ea-
670 3254 808 3317 utriusque
820 3255 973 3306 discrimina
985 3254 1102 3319 disputat
1111 3256 1194 3317 Wag-

104 3332 221 3379 rentem.
248 3329 318 3392 Virg.
333 3331 379 3380 Ge.
393 3331 423 3392 2,
439 3331 501 3380 385:
520 3332 632 3382 Necnon
670 3341 719 3378 uer
736 3331 854 3388 Quaestt.
873 3330 943 3391 virg.
961 3328 1018 3378 Vol.
1036 3330 1067 3377 V.
1089 3341 1115 3392 p.
1129 3327 1191 3378 39⁴:

103 3404 209 3454 amenti
219 3429 258 3441 -·
274 3404 355 3453 eclani
373 3405 487 3454 Versibus
502 3405 634 3469 incomptis
671 3403 805 3467 «Longior
822 3403 907 3453 iorma
927 3405 985 3454 tum
1001 3400 1120 3466 praelata
1137 3403 1191 3461 est,

103 3479 209 3537 ludent,
227 3477 274 3527 ubi
290 3479 414 3530 Servius:
435 3479 481 3530 «id
498 3483 553 3542 est,
571 3493 633 3531 car·
668 3477 715 3527 ubi
740 3476 890 3541 perlectum
914 3489 963 3527 sua
989 3487 1021 3526 ac
1043 3475 1152 3539 propria
1167 3477 1194 3524 vl

104 3551 224 3603 minibus
236 3553 357 3604 Saturnio
369 3556 456 3606 metro
468 3557 631 3620 compositis3
669 3552 820 3615 praeditum
832 3551 859 3600 et
870 3563 885 3600 a
897 3549 974 3600 uobis
983 3547 1127 3600 vernaculo
1137 3561 1195 3599 aer-

105 3627 178 3692 quod
196 3626 231 3676 ad
244 3627 400 3691 rhythmum
411 3628 499 3680 solum
510 3628 632 3694 volgares
669 3639 749 3677 moue
765 3623 937 3688 loquentibus
948 3626 976 3674 et
986 3635 1001 3674 a
1013 3625 1113 3674 Graece
1125 3625 1194 3674 ocri—

104 3713 270 3766 eompouere
293 3705 521 3754 consueverunt.»
550 3705 631 3754 itecta
668 3699 795 3751 bentibus
811 3712 861 3764 per
877 3699 950 3749 idem
961 3697 1195 3762 tempusreddou-

104 3774 162 3826 illos
184 3776 309 3826 reiutavil
331 3775 532 3841 clementerque
550 3779 632 3829 casti·
669 3775 733 3826 dum
760 3777 826 3826 eat.»
855 3776 923 3825 Item
948 3775 1034 3825 Haase
1055 3773 1090 3822 ad
1107 3773 1194 3836 lteialg

103 3849 176 3913 gavit
186 3849 380 3900 Weissenborn
396 3852 421 3902 in
433 3853 631 3902 Zimmermenu
668 3852 724 3901 let.
740 3850 870 3912 Sereeltw.
891 3862 918 3914 p.
936 3847 994 3899 iat.
1013 3848 1079 3899 scita
1097 3847 1193 3898 obser-

103 3923 242 3987 Zaitaebrifl
259 3923 332 3974 tait.
351 3937 411 3988 pag.
424 3925 563 3990 iliseqq.
591 3925 629 3976 ci.
668 3925 729 3974 vat:
757 3925 855 3974 Taedet
870 3924 913 3973 leet
929 3926 1006 3973 eruut
1022 3937 1072 3971 aar
1087 3922 1132 3986 [νιν
1147 3922 1194 3971 dat

104 3997 229 4050 eiusdem
253 3997 380 4049 iudicium
405 3998 439 4048 de
463 3997 542 4049 Flavii
559 3999 632 4050 Sosi·
664 3999 847 4061 praemelium
857 3999 1002 4061 Perfectum,
1015 3998 1082 4046 aicit
1091 3997 1135 4059 fiir
1146 3997 1193 4045 dan

103 4073 174 4137 patri
199 4073 311 4124 Charisii
338 4072 372 4122 de
399 4085 480 4124 versu
508 4075 631 4124 Saturnio
667 4075 764 4133 Acrist,
789 4085 836 4122 ere
853 4073 965 4135 deeeeen
980 4071 1121 4132 abolerem
1135 4070 1193 4118 tecit

105 4147 222 4198 editione
250 4147 441 4198 Schneidewin.
461 4149 629 4212 (Gottingae,
667 4147 782 4211 ldefiqer
805 4147 857 4196 end
879 4147 924 4208 sar
948 4147 1027 4196 beiden
1046 4144 1191 4209 eebreacbt,

106 4221 190 4285 1839.)
200 4220 323 4273 ibid‘lst
335 4235 396 4287 sqq.
410 4221 631 4275 Streuberdela·
667 4221 786 4272 wessbdb
816 4221 866 4270 tici
889 4222 952 4271 dene
972 4222 1043 4284 jener
1067 4218 1192 4270 netdrlieb
