<?xml version="1.0" encoding="UTF-8"?>
<!DOCTYPE html PUBLIC "-//W3C//DTD XHTML 1.0 Transitional//EN"
    "http://www.w3.org/TR/xhtml1/DTD/xhtml1-transitional.dtd">
<html xmlns="http://www.w3.org/1999/xhtml" xml:lang="en" lang="en">
 <head>
  <title>
</title>
<meta http-equiv="Content-Type" content="text/html;charset=utf-8" />
  <meta name='ocr-system' content='tesseract 3.04.00' />
  <meta name='ocr-capabilities' content='ocr_page ocr_carea ocr_par ocr_line ocrx_word'/>
</head>
<body>
  <div class='ocr_page' id='page_1' title='image "./qhoratiusflaccu03baitgoog/qhoratiusflaccu03baitgoog_0154.png"; bbox 0 0 2925 4892; ppageno 0'>
   <div class='ocr_carea' id='block_1_1' title="bbox 244 328 955 397">
    <p class='ocr_par' dir='ltr' id='par_1_1' title="bbox 244 328 955 397">
     <span class='ocr_line' id='line_1_1' title="bbox 244 328 955 397; baseline -0.01 -8"><span class='ocrx_word' id='word_1_1' title='bbox 244 330 308 397; x_wconf 66' lang='lat' dir='ltr'>ilfi</span> <span class='ocrx_word' id='word_1_2' title='bbox 627 330 757 381; x_wconf 78' lang='lat' dir='ltr'>nouam</span> <span class='ocrx_word' id='word_1_3' title='bbox 774 328 955 382; x_wconf 76' lang='lat' dir='ltr'>sartultttttt</span> 
     </span>
    </p>
   </div>
   <div class='ocr_carea' id='block_1_2' title="bbox 280 484 1332 937">
    <p class='ocr_par' dir='ltr' id='par_1_2' title="bbox 282 484 1138 555">
     <span class='ocr_line' id='line_1_2' title="bbox 282 484 1138 555; baseline -0.007 0"><span class='ocrx_word' id='word_1_4' title='bbox 282 488 412 555; x_wconf 86' lang='lat' dir='ltr'>Diffissa</span> <span class='ocrx_word' id='word_1_5' title='bbox 433 496 508 554; x_wconf 86' lang='lat' dir='ltr'>nate</span> <span class='ocrx_word' id='word_1_6' title='bbox 529 486 627 553; x_wconf 88' lang='lat' dir='ltr'>licus:</span> <span class='ocrx_word' id='word_1_7' title='bbox 649 494 683 551; x_wconf 82' lang='lat' dir='ltr'>at</span> <span class='ocrx_word' id='word_1_8' title='bbox 704 484 778 552; x_wconf 88' lang='lat' dir='ltr'>illae</span> <span class='ocrx_word' id='word_1_9' title='bbox 801 504 934 552; x_wconf 85' lang='lat' dir='ltr'>currere</span> <span class='ocrx_word' id='word_1_10' title='bbox 957 485 990 550; x_wconf 90' lang='lat' dir='ltr'>in</span> <span class='ocrx_word' id='word_1_11' title='bbox 1011 484 1138 551; x_wconf 86' lang='lat' dir='ltr'>urbem.</span> 
     </span>
    </p>

    <p class='ocr_par' dir='ltr' id='par_1_3' title="bbox 282 604 1102 694">
     <span class='ocr_line' id='line_1_3' title="bbox 282 604 1102 694; baseline -0.006 -18"><span class='ocrx_word' id='word_1_12' title='bbox 282 609 436 676; x_wconf 83' lang='lat' dir='ltr'><strong>Canidiae</strong></span> <span class='ocrx_word' id='word_1_13' title='bbox 458 608 587 685; x_wconf 85' lang='lat' dir='ltr'>dentes,</span> <span class='ocrx_word' id='word_1_14' title='bbox 610 606 709 674; x_wconf 90' lang='lat' dir='ltr'>altum</span> <span class='ocrx_word' id='word_1_15' title='bbox 731 608 878 694; x_wconf 83' lang='lat' dir='ltr'>Saganae</span> <span class='ocrx_word' id='word_1_16' title='bbox 901 604 1102 673; x_wconf 82' lang='lat' dir='ltr'>caliendrum</span> 
     </span>
    </p>

    <p class='ocr_par' dir='ltr' id='par_1_4' title="bbox 281 726 1156 817">
     <span class='ocr_line' id='line_1_4' title="bbox 281 726 1156 817; baseline 0.001 -22"><span class='ocrx_word' id='word_1_17' title='bbox 281 729 439 797; x_wconf 79' lang='lat' dir='ltr'>Excidere</span> <span class='ocrx_word' id='word_1_18' title='bbox 460 739 558 817; x_wconf 85' lang='lat' dir='ltr'>atque</span> <span class='ocrx_word' id='word_1_19' title='bbox 580 726 699 795; x_wconf 89' lang='lat' dir='ltr'>herbas</span> <span class='ocrx_word' id='word_1_20' title='bbox 721 736 820 815; x_wconf 83' lang='lat' dir='ltr'>atque</span> <span class='ocrx_word' id='word_1_21' title='bbox 842 727 1002 794; x_wconf 85' lang='lat' dir='ltr'>incantata</span> <span class='ocrx_word' id='word_1_22' title='bbox 1026 727 1156 796; x_wconf 83' lang='lat' dir='ltr'>lacertis</span> 
     </span>
    </p>

    <p class='ocr_par' dir='ltr' id='par_1_5' title="bbox 280 846 1332 937">
     <span class='ocr_line' id='line_1_5' title="bbox 280 846 1332 937; baseline -0.003 -19"><span class='ocrx_word' id='word_1_23' title='bbox 280 850 413 918; x_wconf 85' lang='lat' dir='ltr'>Vincula</span> <span class='ocrx_word' id='word_1_24' title='bbox 434 871 508 917; x_wconf 91' lang='lat' dir='ltr'>cum</span> <span class='ocrx_word' id='word_1_25' title='bbox 529 869 646 937; x_wconf 81' lang='lat' dir='ltr'>magno</span> <span class='ocrx_word' id='word_1_26' title='bbox 668 848 804 935; x_wconf 88' lang='lat' dir='ltr'>risuque</span> <span class='ocrx_word' id='word_1_27' title='bbox 825 846 966 936; x_wconf 88' lang='lat' dir='ltr'>iocoque</span> <span class='ocrx_word' id='word_1_28' title='bbox 988 848 1129 917; x_wconf 84' lang='lat' dir='ltr'>videres.</span> <span class='ocrx_word' id='word_1_29' title='bbox 1287 852 1332 915; x_wconf 80' lang='lat'>50</span> 
     </span>
    </p>
   </div>
   <div class='ocr_carea' id='block_1_3' title="bbox 302 1046 747 1111">
    <p class='ocr_par' dir='ltr' id='par_1_6' title="bbox 302 1046 747 1111">
     <span class='ocr_line' id='line_1_6' title="bbox 302 1046 747 1111; baseline -0.007 -13"><span class='ocrx_word' id='word_1_30' title='bbox 302 1047 343 1099; x_wconf 81' lang='lat' dir='ltr'>ts.</span> <span class='ocrx_word' id='word_1_31' title='bbox 361 1048 510 1098; x_wconf 77' lang='lat' dir='ltr'>citiendrone</span> <span class='ocrx_word' id='word_1_32' title='bbox 533 1058 668 1111; x_wconf 84' lang='lat' dir='ltr'>superscr.</span> <span class='ocrx_word' id='word_1_33' title='bbox 685 1060 704 1095; x_wconf 83' lang='lat' dir='ltr'>e</span> <span class='ocrx_word' id='word_1_34' title='bbox 721 1046 747 1095; x_wconf 89' lang='lat' dir='ltr'>s.</span> 
     </span>
    </p>
   </div>
   <div class='ocr_carea' id='block_1_4' title="bbox 234 1190 1334 3039">
    <p class='ocr_par' dir='ltr' id='par_1_7' title="bbox 234 1190 1334 3039">
     <span class='ocr_line' id='line_1_7' title="bbox 236 1190 1330 1261; baseline 0 -16"><span class='ocrx_word' id='word_1_35' title='bbox 236 1197 318 1245; x_wconf 71' lang='lat' dir='ltr'>nitrea</span> <span class='ocrx_word' id='word_1_36' title='bbox 333 1195 443 1257; x_wconf 75' lang='lat' dir='ltr'>disploso</span> <span class='ocrx_word' id='word_1_37' title='bbox 458 1200 566 1257; x_wconf 77' lang='lat' dir='ltr'>repente.</span> <span class='ocrx_word' id='word_1_38' title='bbox 589 1220 614 1233; x_wconf 90' lang='lat'>-</span> <span class='ocrx_word' id='word_1_39' title='bbox 631 1193 703 1259; x_wconf 70' lang='lat' dir='ltr'>flere]</span> <span class='ocrx_word' id='word_1_40' title='bbox 717 1196 763 1244; x_wconf 87' lang='lat' dir='ltr'>ut-</span> <span class='ocrx_word' id='word_1_41' title='bbox 800 1192 1017 1259; x_wconf 86' lang='lat' dir='ltr'>capillameutum</span> <span class='ocrx_word' id='word_1_42' title='bbox 1041 1190 1177 1260; x_wconf 79' lang='grc' dir='ltr'><strong><em>(κόσμιον</em></strong></span> <span class='ocrx_word' id='word_1_43' title='bbox 1197 1194 1330 1261; x_wconf 77' lang='grc' dir='ltr'><strong><em>κεφαλῆς</em></strong></span> 
     </span>
     <span class='ocr_line' id='line_1_8' title="bbox 235 1268 1328 1335; baseline 0.001 -15"><span class='ocrx_word' id='word_1_44' title='bbox 235 1274 299 1334; x_wconf 86' lang='lat' dir='ltr'>pote</span> <span class='ocrx_word' id='word_1_45' title='bbox 322 1268 395 1333; x_wconf 88' lang='lat' dir='ltr'>quod</span> <span class='ocrx_word' id='word_1_46' title='bbox 418 1269 453 1320; x_wconf 84' lang='lat' dir='ltr'>sit</span> <span class='ocrx_word' id='word_1_47' title='bbox 476 1269 577 1332; x_wconf 83' lang='lat' dir='ltr'>lignum</span> <span class='ocrx_word' id='word_1_48' title='bbox 599 1282 762 1333; x_wconf 80' lang='lat' dir='ltr'>magnopere</span> <span class='ocrx_word' id='word_1_49' title='bbox 801 1268 886 1319; x_wconf 85' lang='lat' dir='ltr'>Gloss.</span> <span class='ocrx_word' id='word_1_50' title='bbox 906 1268 1018 1331; x_wconf 71' lang='lat' dir='ltr'>Philon..</span> <span class='ocrx_word' id='word_1_51' title='bbox 1036 1270 1328 1335; x_wconf 59' lang='lat' dir='ltr'>torneamentum.</span> 
     </span>
     <span class='ocr_line' id='line_1_9' title="bbox 236 1341 1330 1410; baseline 0.002 -17"><span class='ocrx_word' id='word_1_52' title='bbox 236 1342 327 1394; x_wconf 80' lang='lat' dir='ltr'>fissile.</span> <span class='ocrx_word' id='word_1_53' title='bbox 356 1370 384 1379; x_wconf 89' lang='lat'>-</span> <span class='ocrx_word' id='word_1_54' title='bbox 411 1344 438 1393; x_wconf 81' lang='lat' dir='ltr'>in</span> <span class='ocrx_word' id='word_1_55' title='bbox 463 1341 564 1406; x_wconf 63' lang='lat' dir='ltr'>rebem]</span> <span class='ocrx_word' id='word_1_56' title='bbox 590 1343 664 1393; x_wconf 85' lang='lat' dir='ltr'>Horti</span> <span class='ocrx_word' id='word_1_57' title='bbox 690 1343 763 1393; x_wconf 80' lang='lat' dir='ltr'>euim</span> <span class='ocrx_word' id='word_1_58' title='bbox 801 1342 876 1394; x_wconf 78' lang='lat' dir='ltr'>Cous.</span> <span class='ocrx_word' id='word_1_59' title='bbox 897 1344 1013 1407; x_wconf 81' lang='lat' dir='ltr'>Bb&#39;ttiger</span> <span class='ocrx_word' id='word_1_60' title='bbox 1037 1344 1134 1395; x_wconf 70' lang='lat' dir='ltr'>Sabino</span> <span class='ocrx_word' id='word_1_61' title='bbox 1158 1346 1178 1395; x_wconf 93' lang='grc' dir='ltr'>Ι.</span> <span class='ocrx_word' id='word_1_62' title='bbox 1206 1359 1233 1410; x_wconf 87' lang='lat' dir='ltr'>p.</span> <span class='ocrx_word' id='word_1_63' title='bbox 1261 1344 1330 1408; x_wconf 85' lang='lat' dir='ltr'>tlt.)</span> 
     </span>
     <span class='ocr_line' id='line_1_10' title="bbox 236 1415 1332 1482; baseline 0.003 -15"><span class='ocrx_word' id='word_1_64' title='bbox 236 1417 441 1479; x_wconf 69' lang='lat' dir='ltr'>Maecenatiani,</span> <span class='ocrx_word' id='word_1_65' title='bbox 459 1416 505 1466; x_wconf 91' lang='lat' dir='ltr'>ubi</span> <span class='ocrx_word' id='word_1_66' title='bbox 522 1430 604 1467; x_wconf 87' lang='lat' dir='ltr'>scena</span> <span class='ocrx_word' id='word_1_67' title='bbox 615 1416 695 1466; x_wconf 87' lang='lat' dir='ltr'>huius</span> <span class='ocrx_word' id='word_1_68' title='bbox 706 1418 763 1465; x_wconf 86' lang='lat' dir='ltr'>tra-</span> <span class='ocrx_word' id='word_1_69' title='bbox 800 1420 846 1467; x_wconf 89' lang='lat' dir='ltr'>aut</span> <span class='ocrx_word' id='word_1_70' title='bbox 863 1415 1021 1481; x_wconf 77' lang='lat' dir='ltr'>galericulus</span> <span class='ocrx_word' id='word_1_71' title='bbox 1039 1420 1166 1482; x_wconf 89' lang='lat' dir='ltr'>capitisve</span> <span class='ocrx_word' id='word_1_72' title='bbox 1184 1432 1332 1470; x_wconf 87' lang='lat' dir='ltr'>ornamen-</span> 
     </span>
     <span class='ocr_line' id='line_1_11' title="bbox 237 1489 1331 1554; baseline 0.002 -13"><span class='ocrx_word' id='word_1_73' title='bbox 237 1490 347 1554; x_wconf 80' lang='lat' dir='ltr'>goediae</span> <span class='ocrx_word' id='word_1_74' title='bbox 372 1490 432 1552; x_wconf 84' lang='lat' dir='ltr'>luit,</span> <span class='ocrx_word' id='word_1_75' title='bbox 460 1494 535 1541; x_wconf 81' lang='lat' dir='ltr'>extra</span> <span class='ocrx_word' id='word_1_76' title='bbox 555 1489 653 1540; x_wconf 89' lang='lat' dir='ltr'>urbem</span> <span class='ocrx_word' id='word_1_77' title='bbox 670 1492 762 1551; x_wconf 89' lang='lat' dir='ltr'>erant,</span> <span class='ocrx_word' id='word_1_78' title='bbox 801 1494 866 1541; x_wconf 90' lang='lat' dir='ltr'>tum.</span> <span class='ocrx_word' id='word_1_79' title='bbox 890 1490 1023 1542; x_wconf 87' lang='lat' dir='ltr'>caliendri</span> <span class='ocrx_word' id='word_1_80' title='bbox 1048 1492 1171 1543; x_wconf 89' lang='lat' dir='ltr'>meminit</span> <span class='ocrx_word' id='word_1_81' title='bbox 1193 1495 1221 1543; x_wconf 90' lang='lat' dir='ltr'>et</span> <span class='ocrx_word' id='word_1_82' title='bbox 1245 1494 1331 1543; x_wconf 84' lang='lat' dir='ltr'>Varro</span> 
     </span>
     <span class='ocr_line' id='line_1_12' title="bbox 236 1562 1334 1632; baseline 0.002 -18"><span class='ocrx_word' id='word_1_83' title='bbox 236 1563 676 1629; x_wconf 82' lang='lat' dir='ltr'>quamquaminproximavicinia.</span> <span class='ocrx_word' id='word_1_84' title='bbox 689 1562 763 1614; x_wconf 83' lang='lat' dir='ltr'>Philo</span> <span class='ocrx_word' id='word_1_85' title='bbox 800 1567 827 1615; x_wconf 91' lang='lat' dir='ltr'>in</span> <span class='ocrx_word' id='word_1_86' title='bbox 845 1578 877 1615; x_wconf 88' lang='lat' dir='ltr'>so</span> <span class='ocrx_word' id='word_1_87' title='bbox 895 1564 963 1617; x_wconf 90' lang='lat' dir='ltr'>libro</span> <span class='ocrx_word' id='word_1_88' title='bbox 981 1566 1027 1629; x_wconf 82' lang='lat' dir='ltr'>qui</span> <span class='ocrx_word' id='word_1_89' title='bbox 1049 1566 1203 1617; x_wconf 80' lang='lat' dir='ltr'>inscribitur</span> <span class='ocrx_word' id='word_1_90' title='bbox 1225 1568 1334 1632; x_wconf 63' lang='lat' dir='ltr'>Wrfflrta</span> 
     </span>
     <span class='ocr_line' id='line_1_13' title="bbox 235 1638 1333 1705; baseline 0.003 -16"><span class='ocrx_word' id='word_1_91' title='bbox 235 1638 271 1689; x_wconf 89' lang='lat' dir='ltr'>de</span> <span class='ocrx_word' id='word_1_92' title='bbox 294 1641 356 1702; x_wconf 76' lang='lat' dir='ltr'>teg.</span> <span class='ocrx_word' id='word_1_93' title='bbox 379 1638 414 1689; x_wconf 87' lang='lat' dir='ltr'>ad</span> <span class='ocrx_word' id='word_1_94' title='bbox 438 1640 531 1689; x_wconf 86' lang='lat' dir='ltr'>Caium</span> <span class='ocrx_word' id='word_1_95' title='bbox 554 1640 583 1688; x_wconf 87' lang='lat' dir='ltr'>T.</span> <span class='ocrx_word' id='word_1_96' title='bbox 602 1638 633 1687; x_wconf 81' lang='lat' dir='ltr'>V.</span> <span class='ocrx_word' id='word_1_97' title='bbox 658 1650 684 1701; x_wconf 86' lang='lat' dir='ltr'>p.</span> <span class='ocrx_word' id='word_1_98' title='bbox 704 1638 761 1689; x_wconf 68' lang='lat' dir='ltr'>tat.</span> <span class='ocrx_word' id='word_1_99' title='bbox 800 1640 900 1701; x_wconf 78' lang='lat' dir='ltr'>diuino,</span> <span class='ocrx_word' id='word_1_100' title='bbox 927 1640 1035 1691; x_wconf 80' lang='lat' dir='ltr'>diceas:</span> <span class='ocrx_word' id='word_1_101' title='bbox 1064 1641 1119 1705; x_wconf 74' lang='grc' dir='ltr'>Ερο</span> <span class='ocrx_word' id='word_1_102' title='bbox 1142 1654 1209 1691; x_wconf 79' lang='lat' dir='ltr'>nrmc</span> <span class='ocrx_word' id='word_1_103' title='bbox 1230 1642 1333 1704; x_wconf 77' lang='lat' dir='ltr'>pacem</span> 
     </span>
     <span class='ocr_line' id='line_1_14' title="bbox 236 1706 1334 1779; baseline 0.004 -15"><span class='ocrx_word' id='word_1_104' title='bbox 236 1713 317 1778; x_wconf 79' lang='lat' dir='ltr'>lips:</span> <span class='ocrx_word' id='word_1_105' title='bbox 330 1710 599 1777; x_wconf 69' lang='grc' dir='ltr'><em>μεταπεμψάμενος</em></span> <span class='ocrx_word' id='word_1_106' title='bbox 607 1706 676 1774; x_wconf 74' lang='grc' dir='ltr'><strong><em>τοὺς</em></strong></span> <span class='ocrx_word' id='word_1_107' title='bbox 684 1709 763 1762; x_wconf 78' lang='grc' dir='ltr'><strong><em>δυεῖν</em></strong></span> <span class='ocrx_word' id='word_1_108' title='bbox 800 1714 989 1779; x_wconf 66' lang='lat' dir='ltr'>daemonnm</span> <span class='ocrx_word' id='word_1_109' title='bbox 998 1728 1095 1776; x_wconf 71' lang='lat' dir='ltr'>omma,</span> <span class='ocrx_word' id='word_1_110' title='bbox 1114 1716 1191 1766; x_wconf 76' lang='lat' dir='ltr'>tontis</span> <span class='ocrx_word' id='word_1_111' title='bbox 1202 1717 1334 1769; x_wconf 72' lang='lat' dir='ltr'>cotlmis</span> 
     </span>
     <span class='ocr_line' id='line_1_15' title="bbox 235 1782 1330 1858; baseline 0.005 -22"><span class='ocrx_word' id='word_1_112' title='bbox 235 1787 336 1853; x_wconf 78' lang='grc' dir='ltr'><em>κήπων</em></span> <span class='ocrx_word' id='word_1_113' title='bbox 361 1784 533 1858; x_wconf 72' lang='grc' dir='ltr'><strong><em>ἐπιτρόπους</em></strong></span> <span class='ocrx_word' id='word_1_114' title='bbox 557 1782 610 1837; x_wconf 79' lang='grc' dir='ltr'>τοῦ</span> <span class='ocrx_word' id='word_1_115' title='bbox 636 1800 667 1836; x_wconf 77' lang='lat' dir='ltr'>re</span> <span class='ocrx_word' id='word_1_116' title='bbox 688 1786 764 1837; x_wconf 83' lang='grc' dir='ltr'><strong><em>Μαι-</em></strong></span> <span class='ocrx_word' id='word_1_117' title='bbox 801 1789 892 1851; x_wconf 76' lang='lat' dir='ltr'>accipit</span> <span class='ocrx_word' id='word_1_118' title='bbox 913 1789 1017 1840; x_wconf 66' lang='lat' dir='ltr'>tlttoca</span> <span class='ocrx_word' id='word_1_119' title='bbox 1033 1790 1214 1839; x_wconf 66' lang='lat' dir='ltr'>caliendrum·</span> <span class='ocrx_word' id='word_1_120' title='bbox 1242 1791 1330 1841; x_wconf 74' lang='lat' dir='ltr'>Coun.</span> 
     </span>
     <span class='ocr_line' id='line_1_16' title="bbox 235 1858 1333 1928; baseline 0.002 -15"><span class='ocrx_word' id='word_1_121' title='bbox 235 1859 312 1928; x_wconf 78' lang='grc' dir='ltr'>κήνα</span> <span class='ocrx_word' id='word_1_122' title='bbox 322 1863 371 1913; x_wconf 67' lang='grc' dir='ltr'>καὶ</span> <span class='ocrx_word' id='word_1_123' title='bbox 383 1861 499 1926; x_wconf 61' lang='lat' dir='ltr'>Acuta·</span> <span class='ocrx_word' id='word_1_124' title='bbox 512 1859 636 1926; x_wconf 77' lang='grc' dir='ltr'><strong><em>πλησίον</em></strong></span> <span class='ocrx_word' id='word_1_125' title='bbox 647 1858 679 1911; x_wconf 76' lang='grc' dir='ltr'>δέ</span> <span class='ocrx_word' id='word_1_126' title='bbox 690 1862 764 1912; x_wconf 80' lang='grc' dir='ltr'><strong><em>εἰσιν</em></strong></span> <span class='ocrx_word' id='word_1_127' title='bbox 802 1863 880 1921; x_wconf 81' lang='lat' dir='ltr'>Cauo.</span> <span class='ocrx_word' id='word_1_128' title='bbox 909 1864 1018 1913; x_wconf 86' lang='lat' dir='ltr'>Praeter</span> <span class='ocrx_word' id='word_1_129' title='bbox 1030 1863 1169 1914; x_wconf 87' lang='lat' dir='ltr'>Horatium</span> <span class='ocrx_word' id='word_1_130' title='bbox 1185 1865 1213 1913; x_wconf 88' lang='lat' dir='ltr'>et</span> <span class='ocrx_word' id='word_1_131' title='bbox 1228 1865 1333 1915; x_wconf 81' lang='lat' dir='ltr'>Varro·</span> 
     </span>
     <span class='ocr_line' id='line_1_17' title="bbox 235 1930 1332 2001; baseline 0.002 -14"><span class='ocrx_word' id='word_1_132' title='bbox 235 1930 368 2001; x_wconf 72' lang='grc' dir='ltr'><strong><em>ἆλλήλων</em></strong></span> <span class='ocrx_word' id='word_1_133' title='bbox 383 1951 415 1987; x_wconf 74' lang='grc' dir='ltr'>τε</span> <span class='ocrx_word' id='word_1_134' title='bbox 431 1938 482 1987; x_wconf 64' lang='grc' dir='ltr'>καὶ</span> <span class='ocrx_word' id='word_1_135' title='bbox 498 1931 551 2001; x_wconf 83' lang='grc' dir='ltr'>τῆς</span> <span class='ocrx_word' id='word_1_136' title='bbox 569 1932 690 1997; x_wconf 78' lang='grc' dir='ltr'><em>πόλεως.</em></span> <span class='ocrx_word' id='word_1_137' title='bbox 708 1939 765 1986; x_wconf 77' lang='lat' dir='ltr'>Au·</span> <span class='ocrx_word' id='word_1_138' title='bbox 802 1950 865 1987; x_wconf 89' lang='lat' dir='ltr'>nem</span> <span class='ocrx_word' id='word_1_139' title='bbox 888 1938 939 1987; x_wconf 89' lang='lat' dir='ltr'>hac</span> <span class='ocrx_word' id='word_1_140' title='bbox 958 1950 1026 1988; x_wconf 87' lang='lat' dir='ltr'>voce</span> <span class='ocrx_word' id='word_1_141' title='bbox 1049 1950 1114 1989; x_wconf 88' lang='lat' dir='ltr'>usus</span> <span class='ocrx_word' id='word_1_142' title='bbox 1135 1936 1242 1988; x_wconf 84' lang='lat' dir='ltr'>videtur</span> <span class='ocrx_word' id='word_1_143' title='bbox 1258 1951 1332 1989; x_wconf 90' lang='lat' dir='ltr'>unus</span> 
     </span>
     <span class='ocr_line' id='line_1_18' title="bbox 236 2009 1331 2074; baseline 0 -13"><span class='ocrx_word' id='word_1_144' title='bbox 236 2011 355 2061; x_wconf 89' lang='lat' dir='ltr'>ctoribus</span> <span class='ocrx_word' id='word_1_145' title='bbox 381 2012 441 2061; x_wconf 84' lang='lat' dir='ltr'>Sex.</span> <span class='ocrx_word' id='word_1_146' title='bbox 463 2011 530 2061; x_wconf 83' lang='lat' dir='ltr'>Rulo</span> <span class='ocrx_word' id='word_1_147' title='bbox 556 2012 584 2060; x_wconf 86' lang='lat' dir='ltr'>et</span> <span class='ocrx_word' id='word_1_148' title='bbox 608 2012 636 2059; x_wconf 83' lang='lat' dir='ltr'>P.</span> <span class='ocrx_word' id='word_1_149' title='bbox 654 2010 762 2059; x_wconf 76' lang='lat' dir='ltr'>Victore</span> <span class='ocrx_word' id='word_1_150' title='bbox 800 2009 933 2060; x_wconf 81' lang='lat' dir='ltr'>Arnobius</span> <span class='ocrx_word' id='word_1_151' title='bbox 959 2010 983 2060; x_wconf 89' lang='grc'>6.</span> <span class='ocrx_word' id='word_1_152' title='bbox 1003 2023 1029 2074; x_wconf 89' lang='lat' dir='ltr'>p.</span> <span class='ocrx_word' id='word_1_153' title='bbox 1048 2011 1106 2060; x_wconf 70' lang='lat'>209.</span> <span class='ocrx_word' id='word_1_154' title='bbox 1134 2034 1161 2046; x_wconf 91' lang='lat'><em>-</em></span> <span class='ocrx_word' id='word_1_155' title='bbox 1187 2010 1331 2074; x_wconf 72' lang='lat' dir='ltr'>incomta]</span> 
     </span>
     <span class='ocr_line' id='line_1_19' title="bbox 234 2083 1332 2148; baseline 0.001 -14"><span class='ocrx_word' id='word_1_156' title='bbox 234 2084 406 2148; x_wconf 80' lang='lat' dir='ltr'>pertinebant</span> <span class='ocrx_word' id='word_1_157' title='bbox 422 2084 457 2135; x_wconf 88' lang='lat' dir='ltr'>ad</span> <span class='ocrx_word' id='word_1_158' title='bbox 476 2084 615 2146; x_wconf 78' lang='lat' dir='ltr'>regionem</span> <span class='ocrx_word' id='word_1_159' title='bbox 633 2083 762 2145; x_wconf 83' lang='lat' dir='ltr'>quintam,</span> <span class='ocrx_word' id='word_1_160' title='bbox 802 2096 887 2148; x_wconf 75' lang='lat' dir='ltr'>aquae</span> <span class='ocrx_word' id='word_1_161' title='bbox 919 2083 1038 2135; x_wconf 84' lang='lat' dir='ltr'>formulis</span> <span class='ocrx_word' id='word_1_162' title='bbox 1064 2085 1174 2147; x_wconf 83' lang='lat' dir='ltr'>magicis</span> <span class='ocrx_word' id='word_1_163' title='bbox 1199 2084 1234 2134; x_wconf 89' lang='lat' dir='ltr'>ad</span> <span class='ocrx_word' id='word_1_164' title='bbox 1260 2098 1332 2148; x_wconf 83' lang='lat' dir='ltr'>opus</span> 
     </span>
     <span class='ocr_line' id='line_1_20' title="bbox 236 2156 1330 2224; baseline -0.001 -15"><span class='ocrx_word' id='word_1_165' title='bbox 236 2156 402 2221; x_wconf 83' lang='lat' dir='ltr'>Esquilinam</span> <span class='ocrx_word' id='word_1_166' title='bbox 412 2171 476 2209; x_wconf 90' lang='lat' dir='ltr'>cum</span> <span class='ocrx_word' id='word_1_167' title='bbox 489 2156 548 2209; x_wconf 86' lang='lat' dir='ltr'>colli</span> <span class='ocrx_word' id='word_1_168' title='bbox 557 2157 679 2208; x_wconf 87' lang='lat' dir='ltr'>viminali</span> <span class='ocrx_word' id='word_1_169' title='bbox 691 2169 765 2207; x_wconf 89' lang='lat' dir='ltr'>com·</span> <span class='ocrx_word' id='word_1_170' title='bbox 800 2159 853 2208; x_wconf 91' lang='lat' dir='ltr'>hoc</span> <span class='ocrx_word' id='word_1_171' title='bbox 869 2160 931 2222; x_wconf 88' lang='lat' dir='ltr'>apta</span> <span class='ocrx_word' id='word_1_172' title='bbox 948 2158 1147 2208; x_wconf 78' lang='lat' dir='ltr'>reddiderant.»</span> <span class='ocrx_word' id='word_1_173' title='bbox 1167 2184 1195 2195; x_wconf 91' lang='lat'><em>-</em></span> <span class='ocrx_word' id='word_1_174' title='bbox 1215 2159 1330 2224; x_wconf 76' lang='lat' dir='ltr'>Vincrrtc]</span> 
     </span>
     <span class='ocr_line' id='line_1_21' title="bbox 236 2230 1331 2298; baseline 0 -15"><span class='ocrx_word' id='word_1_175' title='bbox 236 2233 407 2298; x_wconf 84' lang='lat' dir='ltr'>plectentem.</span> <span class='ocrx_word' id='word_1_176' title='bbox 437 2233 509 2293; x_wconf 54' lang='lat' dir='ltr'>⁴(Alii</span> <span class='ocrx_word' id='word_1_177' title='bbox 534 2232 681 2297; x_wconf 81' lang='lat' dir='ltr'>explicant:</span> <span class='ocrx_word' id='word_1_178' title='bbox 710 2246 764 2283; x_wconf 80' lang='lat' dir='ltr'>«ex</span> <span class='ocrx_word' id='word_1_179' title='bbox 802 2233 929 2294; x_wconf 73' lang='lat' dir='ltr'>«amoris,</span> <span class='ocrx_word' id='word_1_180' title='bbox 942 2232 1001 2283; x_wconf 90' lang='lat' dir='ltr'>licia</span> <span class='ocrx_word' id='word_1_181' title='bbox 1014 2246 1047 2283; x_wconf 78' lang='lat' dir='ltr'>ex</span> <span class='ocrx_word' id='word_1_182' title='bbox 1058 2232 1171 2283; x_wconf 72' lang='lat' dir='ltr'>diversis</span> <span class='ocrx_word' id='word_1_183' title='bbox 1183 2230 1331 2295; x_wconf 83' lang='lat' dir='ltr'>coloribus,</span> 
     </span>
     <span class='ocr_line' id='line_1_22' title="bbox 235 2306 1334 2372; baseline 0 -15"><span class='ocrx_word' id='word_1_184' title='bbox 235 2308 319 2357; x_wconf 89' lang='lat' dir='ltr'>hortis</span> <span class='ocrx_word' id='word_1_185' title='bbox 337 2306 477 2370; x_wconf 84' lang='lat' dir='ltr'>Esquilinis</span> <span class='ocrx_word' id='word_1_186' title='bbox 494 2306 654 2372; x_wconf 81' lang='lat' dir='ltr'>plerumque</span> <span class='ocrx_word' id='word_1_187' title='bbox 672 2306 764 2357; x_wconf 85' lang='lat' dir='ltr'>solita-</span> <span class='ocrx_word' id='word_1_188' title='bbox 801 2306 898 2370; x_wconf 79' lang='lat' dir='ltr'>quibus</span> <span class='ocrx_word' id='word_1_189' title='bbox 926 2310 1032 2358; x_wconf 84' lang='lat' dir='ltr'>mentes</span> <span class='ocrx_word' id='word_1_190' title='bbox 1059 2306 1198 2357; x_wconf 88' lang='lat' dir='ltr'>homiuum</span> <span class='ocrx_word' id='word_1_191' title='bbox 1226 2306 1334 2357; x_wconf 87' lang='lat' dir='ltr'>vincie-</span> 
     </span>
     <span class='ocr_line' id='line_1_23' title="bbox 236 2380 1333 2445; baseline 0 -14"><span class='ocrx_word' id='word_1_192' title='bbox 236 2381 282 2431; x_wconf 89' lang='lat' dir='ltr'>riis</span> <span class='ocrx_word' id='word_1_193' title='bbox 298 2382 325 2430; x_wconf 90' lang='lat' dir='ltr'>iu</span> <span class='ocrx_word' id='word_1_194' title='bbox 342 2380 553 2442; x_wconf 79' lang='lat' dir='ltr'>frequentiorem</span> <span class='ocrx_word' id='word_1_195' title='bbox 564 2380 641 2433; x_wconf 83' lang='lat' dir='ltr'>Urbis</span> <span class='ocrx_word' id='word_1_196' title='bbox 657 2383 763 2445; x_wconf 87' lang='lat' dir='ltr'>partem</span> <span class='ocrx_word' id='word_1_197' title='bbox 800 2380 891 2431; x_wconf 74' lang='lat' dir='ltr'>baut.»</span> <span class='ocrx_word' id='word_1_198' title='bbox 935 2382 1020 2432; x_wconf 75' lang='lat' dir='ltr'>Coras.</span> <span class='ocrx_word' id='word_1_199' title='bbox 1048 2381 1127 2437; x_wconf 85' lang='lat' dir='ltr'>Cruo.</span> <span class='ocrx_word' id='word_1_200' title='bbox 1171 2381 1238 2430; x_wconf 87' lang='lat' dir='ltr'>Suut</span> <span class='ocrx_word' id='word_1_201' title='bbox 1265 2380 1333 2431; x_wconf 89' lang='lat' dir='ltr'>nodi</span> 
     </span>
     <span class='ocr_line' id='line_1_24' title="bbox 236 2454 1334 2520; baseline -0.003 -14"><span class='ocrx_word' id='word_1_202' title='bbox 236 2454 413 2516; x_wconf 80' lang='lat' dir='ltr'>recurrunt»)</span> <span class='ocrx_word' id='word_1_203' title='bbox 427 2482 456 2491; x_wconf 91' lang='lat'>—</span> <span class='ocrx_word' id='word_1_204' title='bbox 469 2456 589 2505; x_wconf 76' lang='lat' dir='ltr'>Canidiae</span> <span class='ocrx_word' id='word_1_205' title='bbox 605 2455 762 2520; x_wconf 65' lang='lat' dir='ltr'>deremet]</span> <span class='ocrx_word' id='word_1_206' title='bbox 800 2455 935 2516; x_wconf 88' lang='lat' dir='ltr'>amatorii,</span> <span class='ocrx_word' id='word_1_207' title='bbox 949 2454 1181 2514; x_wconf 68' lang='lat' dir='ltr'>ttebeslrnmm</span> <span class='ocrx_word' id='word_1_208' title='bbox 1199 2466 1334 2503; x_wconf 74' lang='lat' dir='ltr'>veracu-</span> 
     </span>
     <span class='ocr_line' id='line_1_25' title="bbox 237 2526 1329 2592; baseline -0.002 -13"><span class='ocrx_word' id='word_1_209' title='bbox 237 2530 358 2579; x_wconf 75' lang='lat' dir='ltr'>«locatur</span> <span class='ocrx_word' id='word_1_210' title='bbox 368 2530 395 2580; x_wconf 90' lang='lat' dir='ltr'>in</span> <span class='ocrx_word' id='word_1_211' title='bbox 405 2529 469 2591; x_wconf 84' lang='lat' dir='ltr'>has,</span> <span class='ocrx_word' id='word_1_212' title='bbox 489 2531 566 2592; x_wconf 84' lang='lat' dir='ltr'>quasi</span> <span class='ocrx_word' id='word_1_213' title='bbox 578 2529 662 2581; x_wconf 86' lang='lat' dir='ltr'>altera</span> <span class='ocrx_word' id='word_1_214' title='bbox 674 2530 763 2581; x_wconf 87' lang='lat' dir='ltr'>denti-</span> <span class='ocrx_word' id='word_1_215' title='bbox 800 2528 881 2579; x_wconf 86' lang='lat' dir='ltr'>berte</span> <span class='ocrx_word' id='word_1_216' title='bbox 897 2529 1034 2579; x_wconf 80' lang='lat' dir='ltr'>Nestetn.</span> <span class='ocrx_word' id='word_1_217' title='bbox 1065 2528 1136 2591; x_wconf 81' lang='lat' dir='ltr'>virg.</span> <span class='ocrx_word' id='word_1_218' title='bbox 1154 2526 1209 2577; x_wconf 88' lang='lat' dir='ltr'>Ecl.</span> <span class='ocrx_word' id='word_1_219' title='bbox 1228 2527 1258 2589; x_wconf 84' lang='lat'>8,</span> <span class='ocrx_word' id='word_1_220' title='bbox 1279 2527 1329 2577; x_wconf 75' lang='lat' dir='ltr'>ts:</span> 
     </span>
     <span class='ocr_line' id='line_1_26' title="bbox 235 2601 1331 2668; baseline -0.002 -14"><span class='ocrx_word' id='word_1_221' title='bbox 235 2601 288 2654; x_wconf 88' lang='lat' dir='ltr'>bus</span> <span class='ocrx_word' id='word_1_222' title='bbox 296 2604 425 2667; x_wconf 87' lang='lat' dir='ltr'>appositis</span> <span class='ocrx_word' id='word_1_223' title='bbox 433 2604 538 2668; x_wconf 85' lang='lat' dir='ltr'>(emptis</span> <span class='ocrx_word' id='word_1_224' title='bbox 546 2607 627 2668; x_wconf 85' lang='lat' dir='ltr'>atque</span> <span class='ocrx_word' id='word_1_225' title='bbox 635 2604 761 2667; x_wconf 77' lang='lat' dir='ltr'>insiticits}</span> <span class='ocrx_word' id='word_1_226' title='bbox 801 2603 882 2653; x_wconf 68' lang='lat' dir='ltr'>Terea</span> <span class='ocrx_word' id='word_1_227' title='bbox 906 2603 950 2653; x_wconf 75' lang='lat' dir='ltr'>cor</span> <span class='ocrx_word' id='word_1_228' title='bbox 973 2602 1092 2666; x_wconf 82' lang='lat' dir='ltr'>(imagini</span> <span class='ocrx_word' id='word_1_229' title='bbox 1115 2602 1244 2665; x_wconf 79' lang='lat' dir='ltr'>magicae)</span> <span class='ocrx_word' id='word_1_230' title='bbox 1266 2601 1331 2652; x_wconf 81' lang='lat' dir='ltr'>boec</span> 
     </span>
     <span class='ocr_line' id='line_1_27' title="bbox 235 2676 1333 2744; baseline -0.001 -17"><span class='ocrx_word' id='word_1_231' title='bbox 235 2678 273 2727; x_wconf 91' lang='lat' dir='ltr'>uti</span> <span class='ocrx_word' id='word_1_232' title='bbox 290 2677 366 2728; x_wconf 90' lang='lat' dir='ltr'>solita</span> <span class='ocrx_word' id='word_1_233' title='bbox 383 2680 425 2737; x_wconf 77' lang='lat' dir='ltr'>sit,</span> <span class='ocrx_word' id='word_1_234' title='bbox 441 2678 533 2741; x_wconf 81' lang='lat' dir='ltr'>ultera,</span> <span class='ocrx_word' id='word_1_235' title='bbox 552 2680 626 2743; x_wconf 86' lang='lat' dir='ltr'>quod</span> <span class='ocrx_word' id='word_1_236' title='bbox 643 2679 724 2744; x_wconf 75' lang='lat' dir='ltr'>gibba</span> <span class='ocrx_word' id='word_1_237' title='bbox 735 2677 760 2742; x_wconf 82' lang='lat' dir='ltr'>(l.</span> <span class='ocrx_word' id='word_1_238' title='bbox 797 2678 911 2741; x_wconf 74' lang='lat' dir='ltr'>primum</span> <span class='ocrx_word' id='word_1_239' title='bbox 932 2678 1025 2739; x_wconf 79' lang='lat' dir='ltr'>triptici</span> <span class='ocrx_word' id='word_1_240' title='bbox 1041 2677 1143 2737; x_wconf 72' lang='lat' dir='ltr'>diumso</span> <span class='ocrx_word' id='word_1_241' title='bbox 1157 2676 1240 2727; x_wconf 86' lang='lat' dir='ltr'>colore</span> <span class='ocrx_word' id='word_1_242' title='bbox 1255 2676 1333 2726; x_wconf 80' lang='lat' dir='ltr'>licia</span> 
     </span>
     <span class='ocr_line' id='line_1_28' title="bbox 235 2750 1334 2817; baseline -0.001 -15"><span class='ocrx_word' id='word_1_243' title='bbox 235 2751 338 2817; x_wconf 65' lang='lat' dir='ltr'>alatro)</span> <span class='ocrx_word' id='word_1_244' title='bbox 356 2752 443 2816; x_wconf 79' lang='lat' dir='ltr'>merit,</span> <span class='ocrx_word' id='word_1_245' title='bbox 457 2752 631 2813; x_wconf 84' lang='lat' dir='ltr'>caliendrum,</span> <span class='ocrx_word' id='word_1_246' title='bbox 645 2756 699 2804; x_wconf 88' lang='lat' dir='ltr'>hoc</span> <span class='ocrx_word' id='word_1_247' title='bbox 710 2755 761 2815; x_wconf 87' lang='lat' dir='ltr'>est,</span> <span class='ocrx_word' id='word_1_248' title='bbox 799 2754 934 2803; x_wconf 73' lang='lat' dir='ltr'>otrmnnrto.</span> <span class='ocrx_word' id='word_1_249' title='bbox 969 2750 1044 2802; x_wconf 90' lang='lat' dir='ltr'>Ovid.</span> <span class='ocrx_word' id='word_1_250' title='bbox 1057 2752 1117 2801; x_wconf 81' lang='lat' dir='ltr'>Am.</span> <span class='ocrx_word' id='word_1_251' title='bbox 1131 2753 1160 2811; x_wconf 84' lang='lat' dir='ltr'>t,</span> <span class='ocrx_word' id='word_1_252' title='bbox 1179 2751 1208 2813; x_wconf 88' lang='lat'>8,</span> <span class='ocrx_word' id='word_1_253' title='bbox 1226 2751 1255 2800; x_wconf 82' lang='lat'>7:</span> <span class='ocrx_word' id='word_1_254' title='bbox 1273 2750 1334 2801; x_wconf 79' lang='lat' dir='ltr'>Scit</span> 
     </span>
     <span class='ocr_line' id='line_1_29' title="bbox 237 2824 1333 2891; baseline 0 -16"><span class='ocrx_word' id='word_1_255' title='bbox 237 2824 409 2888; x_wconf 60' lang='lat' dir='ltr'>§clericulum</span> <span class='ocrx_word' id='word_1_256' title='bbox 441 2825 542 2876; x_wconf 87' lang='lat' dir='ltr'>babere</span> <span class='ocrx_word' id='word_1_257' title='bbox 571 2829 761 2879; x_wconf 71' lang='lat' dir='ltr'>consuesset.»</span> <span class='ocrx_word' id='word_1_258' title='bbox 800 2826 1038 2891; x_wconf 68' lang='lat' dir='ltr'>beccelenussaga)‚</span> <span class='ocrx_word' id='word_1_259' title='bbox 1058 2824 1333 2888; x_wconf 60' lang='lat' dir='ltr'>quaereremque</span> 
     </span>
     <span class='ocr_line' id='line_1_30' title="bbox 238 2899 1332 2963; baseline 0 -14"><span class='ocrx_word' id='word_1_260' title='bbox 238 2900 332 2949; x_wconf 78' lang='lat' dir='ltr'>Poura.</span> <span class='ocrx_word' id='word_1_261' title='bbox 353 2924 381 2935; x_wconf 88' lang='lat'><em>-</em></span> <span class='ocrx_word' id='word_1_262' title='bbox 399 2899 562 2963; x_wconf 79' lang='lat' dir='ltr'>caliendrum]</span> <span class='ocrx_word' id='word_1_263' title='bbox 582 2900 707 2963; x_wconf 73' lang='lat' dir='ltr'>epeplum</span> <span class='ocrx_word' id='word_1_264' title='bbox 719 2913 763 2949; x_wconf 90' lang='lat' dir='ltr'>ca·</span> <span class='ocrx_word' id='word_1_265' title='bbox 800 2906 865 2951; x_wconf 84' lang='lat' dir='ltr'>torto</span> <span class='ocrx_word' id='word_1_266' title='bbox 876 2900 974 2951; x_wconf 82' lang='lat' dir='ltr'>concita</span> <span class='ocrx_word' id='word_1_267' title='bbox 989 2900 1092 2949; x_wconf 80' lang='lat' dir='ltr'>rtomm</span> <span class='ocrx_word' id='word_1_268' title='bbox 1108 2899 1193 2961; x_wconf 81' lang='lat' dir='ltr'>licio,</span> <span class='ocrx_word' id='word_1_269' title='bbox 1212 2899 1332 2963; x_wconf 76' lang='lat' dir='ltr'>quidec-</span> 
     </span>
     <span class='ocr_line' id='line_1_31' title="bbox 238 2974 1165 3039; baseline 0.001 -16"><span class='ocrx_word' id='word_1_270' title='bbox 238 2974 299 3038; x_wconf 84' lang='lat' dir='ltr'>pitis</span> <span class='ocrx_word' id='word_1_271' title='bbox 323 2974 370 3024; x_wconf 86' lang='lat' dir='ltr'>aut</span> <span class='ocrx_word' id='word_1_272' title='bbox 393 2974 473 3025; x_wconf 89' lang='lat' dir='ltr'>crinis</span> <span class='ocrx_word' id='word_1_273' title='bbox 498 2976 687 3039; x_wconf 86' lang='lat' dir='ltr'>suppositicius</span> <span class='ocrx_word' id='word_1_274' title='bbox 712 2988 762 3027; x_wconf 85' lang='lat' dir='ltr'>seu</span> <span class='ocrx_word' id='word_1_275' title='bbox 800 2976 849 3026; x_wconf 84' lang='lat' dir='ltr'>tect</span> <span class='ocrx_word' id='word_1_276' title='bbox 864 2976 936 3025; x_wconf 75' lang='lat' dir='ltr'>uirus</span> <span class='ocrx_word' id='word_1_277' title='bbox 951 2974 1061 3026; x_wconf 71' lang='lat' dir='ltr'>maante</span> <span class='ocrx_word' id='word_1_278' title='bbox 1077 2987 1165 3037; x_wconf 76' lang='lat' dir='ltr'>equae.</span> 
     </span>
    </p>
   </div>
   <div class='ocr_carea' id='block_1_5' title="bbox 0 0 1470 4892">
    <p class='ocr_par' dir='ltr' id='par_1_8' title="bbox 0 0 1470 4892">
     <span class='ocr_line' id='line_1_32' title="bbox 0 0 1470 4892; baseline 0 0"><span class='ocrx_word' id='word_1_279' title='bbox 0 0 1470 4892; x_wconf 95' lang='lat' dir='ltr'> </span> 
     </span>
    </p>
   </div>
  </div>
 </body>
</html>
