2925 4892
255 349 316 416 522
615 347 745 398 uonnrn
762 345 983 400 sennonteus

296 509 398 572 Dente
422 504 576 584 lacessiti3
600 503 657 570 luit
678 503 804 571 intactis
826 523 960 591 quoque
982 523 1062 569 cura

298 627 494 695 Condicioue
515 647 615 714 super
638 625 817 704 commuui;
839 625 918 712 quin
940 624 1037 692 etiam
1058 623 1112 690 lex

297 751 472 836 Poenaque
493 748 572 826 late,
595 747 679 814 melo
702 767 788 834 quae
809 744 909 812 nollet
929 746 1073 814 carmine
1094 766 1292 834 quemquam

296 869 459 950 Describi3
482 880 609 936 vertere
631 867 779 944 modum,
803 866 974 934 formidine
995 867 1087 934 fustis

320 1067 377 1118 toa.
395 1071 459 1116 noto
474 1078 514 1130 pr.
534 1063 588 1126 ΕΙ),
608 1065 726 1130 quinque
743 1065 874 1125 Pottieril,
894 1066 949 1116 tres
965 1064 1101 1116 Schmidii.

254 1237 334 1299 atque
360 1235 386 1284 in
414 1230 535 1282 exsilium
563 1231 669 1296 pulsum
698 1243 777 1291 esse;
815 1232 883 1296 dun]
910 1233 1016 1282 «coacti
1038 1235 1101 1282 sunt
1123 1231 1260 1284 abstinere
1280 1249 1339 1286 sea

253 1309 325 1361 unde
352 1308 432 1358 etiam
454 1307 516 1356 ante
539 1306 711 1356 Decemviros
728 1305 779 1356 ho-
815 1305 885 1356 male
910 1306 1026 1356 dicendo
1050 1305 1177 1370 singultu
1209 1322 1265 1373 quo
1284 1312 1341 1375 ipso

254 1385 341 1436 mines
352 1379 502 1446 petulantes
514 1379 664 1444 opprobriis
677 1381 778 1444 petisse
817 1393 897 1430 nemo
913 1380 968 1431 iam
983 1379 1155 1442 laedebatur,
1180 1395 1277 1435 omnes
1294 1384 1342 1435 de-

253 1457 367 1509 civltutis
383 1455 517 1519 principes
534 1453 602 1505 lucili
620 1468 701 1518 opera
714 1468 780 1504 con·
815 1453 1009 1506 lectabantrr.»

253 1533 335 1582 licere
352 1531 464 1594 poterat.
492 1530 611 1578 «Severa
628 1531 718 1578 autem
737 1527 779 1579 illa
849 1530 906 1579 teo.
918 1529 1247 1594 tti.Groeciocoptocet.]
1259 1533 1341 1582 Etiam

254 1606 319 1670 legis
333 1617 420 1669 poena
432 1602 577 1662 deterriti»
589 1602 683 1666 inquit,
698 1606 780 1666 «pott-
816 1603 843 1652 in
863 1602 905 1652 his
926 1603 1015 1667 potius
1032 1603 1102 1654 inest
1122 1605 1228 1667 poetica
1245 1607 1341 1655 verius

254 1685 297 1731 tae
314 1679 348 1730 ad
366 1679 457 1739 iocos,
475 1678 521 1742 qui
538 1675 636 1728 nullam
654 1676 780 1726 offensio·
816 1689 898 1740 mam
914 1677 1056 1738 historica;
1081 1678 1215 1740 siquidem
1233 1680 1342 1730 Graecia
1444 1718 1445 1721 ,

253 1767 316 1807 uem
334 1754 475 1814 haberent,
494 1751 682 1816 proterendos,
696 1750 781 1800 nomi-
816 1753 894 1814 capta
909 1752 1018 1816 proprie
1035 1754 1077 1803 est
1092 1752 1204 1803 demum
1217 1754 1343 1804 Coriutlm

227 1831 336 1882 'uelim
358 1829 393 1880 ad
410 1827 564 1879 comoedias
580 1825 713 1891 palliatas,
737 1827 780 1874 to·
817 1824 1122 1890 deleta(a.u.c.t⁰8.)‚
1140 1833 1342 1888 cumeaastas,
1444 1826 1445 1831 ’

253 1907 342 1969 gaus,
366 1902 499 1954 Atellanas
517 1900 717 1965 componendas
734 1913 780 1949 re-
816 1912 870 1964 qua
892 1898 995 1950 litterae
1019 1903 1137 1952 Graecae
1155 1903 1275 1965 primum
1291 1904 1343 1952 llo-

254 1980 324 2031 dacti
342 1981 429 2030 sunta
816 1987 889 2025 mam
901 1975 1021 2026 invectae
1029 1976 1241 2040 antiquissimam
1249 1977 1342 2040 poesin
1444 2002 1445 2013 κ

287 2052 417 2102 tet-tto.
445 2055 548 2100 mento
565 2053 644 2100 Dente
663 2047 778 2112 locesdtt]
815 2050 998 2100 Romanorum
1022 2063 1128 2101 sacram
1148 2049 1267 2113 (saliaria
1284 2065 1343 2101 oar-

254 2125 463 2176 «obtrectatione
473 2126 500 2174 et
508 2123 778 2186 maledicentie,quae
816 2123 889 2174 mina
912 2124 974 2186 oet.)
999 2127 1026 2174 et
1046 2124 1198 2188 protanam,
1221 2139 1278 2188 qua
1299 2138 1343 2175 re·

253 2198 354 2250 lacerat
378 2197 459 2246 etiam
484 2197 618 2260 probem»
649 2202 780 2246 euentum
816 2197 1342 2262 gumstduoumsuonrmleudesetque
1444 2208 1445 2241 t

254 2275 344 2324 autem
361 2272 426 2322 dicit
441 2273 779 2322 dentemmorsueruorem
815 2274 927 2324 virtutes
947 2272 1119 2324 celebrabant
1141 2273 1224 2336 (coni.
1242 2286 1289 2324 me
1309 2273 1343 2323 ad
1444 2296 1445 2301 κ

254 2347 412 2399 elicientem.
441 2345 480 2396 cf.
502 2345 609 2410 Eppt,
628 2345 726 2405 ⁴82⁸&
748 2369 775 2380 -
817 2346 1102 2410 Cic.lusc.l,2,tt.),
1120 2360 1196 2399 suam
1214 2347 1251 2397 ad
1266 2347 1343 2399 indo-
1444 2356 1445 2359 ’

252 2424 301 2486 tittt
316 2422 417 2472 intectis
432 2421 494 2485 cet]
521 2421 560 2470 nli
583 2432 706 2483 quoque,
734 2420 780 2482 qui
817 2419 872 2471 lem
883 2422 985 2472 sensim
995 2420 1343 2485 traduxerunt,repetenda

254 2498 374 2550 noudum
389 2496 497 2561 probris
513 2495 588 2560 petiti
598 2495 688 2554 erant,
706 2493 779 2544 idem
818 2495 852 2545 sit
868 2496 967 2546 aLtvlo
978 2495 1129 2546 Andronico
1141 2497 1173 2557 (a.
1186 2507 1214 2545 u.
1228 2509 1253 2546 c.
1264 2495 1341 2558 ets),

254 2571 355 2624 malum
372 2569 461 2622 oblata
478 2571 563 2634 prima
580 2581 688 2634 quaque
699 2582 780 2620 occa·
817 2571 927 2630 Naevio,
941 2569 1039 2630 Ennio,
1053 2569 1177 2631 Pacuvio,
1189 2571 1237 2632 qui
1247 2583 1343 2621 omnes

254 2649 328 2700 sione
346 2646 397 2697 sibi
413 2647 554 2696 imminere
563 2643 615 2694 rati
628 2646 698 2705 sunt,
717 2656 780 2693 cum
817 2645 878 2694 ente
895 2644 1033 2694 Graeciam
1056 2646 1162 2708 captam
1183 2644 1341 2695 floruerunt.

253 2723 374 2773 omnium
386 2720 483 2771 eadem
495 2721 568 2770 esset
581 2718 715 2776 condicio;
734 2731 781 2767 ue·
818 2717 900 2778 Quid,
925 2718 998 2781 quod
1018 2718 1083 2769 livii
1100 2717 1245 2770 Andronici
1269 2723 1344 2770 aetas

253 2798 354 2848 minem
367 2796 468 2846 enimn
485 2793 677 2845 maledicorum
696 2791 779 2842 livore
816 2789 907 2842 multis
932 2792 1009 2842 annis
1031 2793 1180 2856 praecessit
1196 2793 1280 2843 etiam
1297 2807 1343 2844 oa-

253 2865 779 2934 malisque‚idest‚lamosis‚cerminibus
816 2868 876 2929 pies
893 2868 1040 2929 Syracusas
1058 2868 1092 2930 (a.
1112 2880 1138 2916 u.
1158 2881 1183 2916 c.
1195 2866 1281 2931 sin),
1309 2869 1342 2920 de

253 2947 341 2996 tutum
358 2957 419 2994 esse
437 2943 610 2993 cernebant.»
628 2943 681 2992 sat.
700 2943 729 3002 t,
749 2941 778 3000 t,
817 2939 915 3002 quium
931 2942 1020 2992 linus
1030 2942 1078 3003 at,
1091 2940 1140 2992 to:
1158 2943 1216 2992 inde
1227 2945 1343 3006 prim

253 3019 298 3069 23:
312 3017 357 3067 siti
368 3019 472 3078 quisque
483 3017 562 3076 tinet,
579 3019 781 3076 quemquamst
815 3014 915 3064 tedium
933 3016 1046 3066 moedi
1068 3016 1227 3066 Graecorum
1246 3020 1343 3069 arttam

243 3093 374 3151 intactae,
401 3095 424 3139 et
447 3090 506 3138 odit.
535 3117 563 3125 -
590 3090 632 3138 tec
648 3090 780 3150 Poenoque
816 3103 902 3152 opero.
931 3091 1023 3153 Neque
1040 3103 1105 3140 vero
1125 3091 1250 3143 Horatius
1269 3096 1343 3158 eogi-

253 3165 315 3230 tcto]
334 3161 457 3214 lacillimo
475 3164 613 3226 zeugmate
630 3175 695 3227 pro:
715 3161 779 3214 «lex
816 3163 891 3224 tevit,
927 3165 958 3213 ut
981 3163 1124 3215 voluerunt
1147 3165 1282 3227 nonnulli,
1308 3169 1341 3219 de

253 3240 306 3291 lata
322 3250 464 3303 poenaque
481 3238 595 3299 irrogata
613 3238 679 3288 est.»
702 3239 780 3287 Pror-
815 3239 910 3302 itaqua
926 3240 1049 3302 Graecia,
1072 3253 1142 3303 quae
1159 3244 1239 3305 capto
1254 3244 1343 3294 Brun·

253 3327 300 3367 sus
316 3315 474 3364 inconcinne
491 3313 533 3362 est
548 3312 630 3362 altera
644 3310 721 3362 lectio
732 3326 779 3363 no·
816 3313 884 3364 disio
900 3315 935 3377 (a.
953 3326 980 3363 u.
998 3326 1023 3363 c.
1039 3312 1108 3378 tet.)
1127 3316 1183 3364 tota
1198 3316 1227 3365 iu
1244 3318 1343 3369 Rome·

253 3396 289 3442 to.
304 3417 332 3426 -
349 3389 417 3439 moto
434 3387 777 3452 qooenottetooerninecet.]
815 3401 913 3440 uorum
935 3387 1068 3440 dicionem
1089 3389 1200 3440 redacta
1217 3393 1270 3442 est.
1301 3393 1340 3444 cl.

254 3464 293 3516 Cl.
306 3465 360 3514 Sat.
373 3464 398 3525 2,
413 3465 437 3524 t,
450 3463 491 3514 82.
506 3489 533 3500 -
545 3461 666 3525 Descritt]
682 3464 712 3512 ut
723 3463 775 3512 Set.
815 3462 890 3514 ovid.
908 3463 977 3513 Fast.
989 3462 1017 3523 ³,
1035 3463 1096 3514 tot:
1122 3463 1242 3514 Nondum
1256 3468 1343 3517 trodi-

254 3540 279 3600 t,
291 3538 317 3600 l,
327 3538 353 3588 3.
367 3539 476 3599 motari,
489 3535 775 3607 χσρακτηριζεσθω.»
814 3537 1177 3589 derototctosotetoritue
1184 3542 1343 3593 orteaGroe·

254 3637 284 3650 -
301 3617 398 3662 vertere
413 3613 522 3673 modam
542 3613 606 3662 asie
621 3613 779 3662 stimantes
814 3613 869 3674 oio,
880 3611 1034 3674 secundam,
1049 3613 1243 3677 esdmotefortc
1253 3629 1341 3678 puae.

203 3685 206 3695 '
253 3685 775 3750 denroe(oteltetodte)om.·-
816 3684 1343 3750 -ceptt]Copitetis,quivincit‚et

252 3758 332 3822 pulis]
351 3758 417 3808 Cum
435 3761 502 3810 teste
515 3760 643 3810 Cicerone
661 3758 695 3808 de
710 3760 775 3823 llep.
814 3760 850 3821 is.
870 3759 916 3822 qui
932 3757 1057 3810 delectet.
1092 3761 1149 3811 lloc
1166 3761 1245 3824 igitur
1262 3763 1340 3814 dicit:

253 3832 278 3894 l,
293 3832 333 3882 to.
347 3831 433 3895 capite
445 3834 581 3882 sanxerint
593 3833 647 3882 xli.
660 3831 776 3894 tabulae,
815 3835 912 3885 «Artes
940 3836 968 3883 et
995 3833 1149 3899 disciplinae
1175 3837 1342 3890 Graecorum

253 3908 274 3957 ai
298 3906 354 3968 quit
377 3906 566 3968 mceueoeset,
595 3907 629 3957 de
647 3906 777 3972 supplicio
813 3908 939 3959 Romanis
956 3909 1101 3960 etiamtunc
1117 3909 1259 3973 wesen
1282 3915 1342 3973 (ru-

253 3979 382 4032 iustuario
400 3978 476 4042 (dem
495 3981 606 4031 Tddten
622 3983 678 4031 mit
693 3981 779 4031 Koit·
814 3981 942 4046 dioriltus)
960 3983 1029 4033 adeo
1043 3983 1213 4048 placuerunt,
1233 3988 1343 4038 uttam·

253 4053 343 4117 telo),
362 4066 416 4103 nou
433 4053 468 4103 de
479 4054 592 4120 simplici
604 4055 776 4118 castigatione
814 4070 896 4120 quam
912 4058 935 4108 si
952 4058 1003 4122 ipsi
1013 4058 1111 4109 devicti
1127 4063 1220 4110 essent
1230 4073 1247 4110 a
1258 4063 1342 4110 Grae-

252 4128 366 4181 lustihus
389 4141 412 4180 s.
431 4127 534 4180 baculis
551 4133 578 4182 et
593 4129 691 4180 vitibus
708 4130 777 4181 lacta
814 4132 864 4192 eis.
883 4134 1020 4196 propriam
1036 4131 1153 4184 indolem
1169 4133 1204 4184 ad
1216 4135 1267 4186 hos
1279 4147 1343 4185 con-

253 4203 437 4268 accipiendum
456 4205 505 4255 est.
524 4231 551 4240 —
568 4205 606 4255 Ad
621 4203 680 4256 tene
696 4205 779 4256 dicen·
814 4205 986 4258 tamenne..
1012 4207 1078 4258 cato
1095 4207 1168 4272 apud
1184 4209 1239 4260 le.
1253 4209 1295 4269 at,
1307 4208 1340 4260 t:
