2925 4892
270 361 312 424 46
659 360 787 411 llonnlll
804 358 985 411 sannanim

271 518 319 584 Nil
342 518 478 606 aequale
501 516 619 583 homini
643 516 700 581 luit
722 513 788 592 illi,
812 534 912 601 saepe
934 513 1023 581 velut
1044 514 1099 599 qui

272 638 430 707 Currehat
451 637 575 725 fugiens
597 636 739 709 hostem,
763 655 924 722 persaepe
946 632 1035 700 velut
1056 634 1113 721 qui
1322 634 1366 697 10

271 759 402 826 lunonis
425 779 518 825 sacra
540 758 654 835 444444,
677 756 817 823 habebat
839 759 939 842 saepe
962 754 1132 830 ducentos,

272 883 378 968 Saepe
401 879 515 947 decem
538 899 666 958 serv0s3
687 877 785 944 modo
808 897 904 964 reges
926 886 1025 963 atque
1046 874 1237 950 tetrarchas,

271 1002 387 1068 Omnia
409 1020 539 1088 magna,
562 1000 715 1087 loquens,
740 998 853 1064 modo:
878 998 926 1064 Sit
946 995 1024 1062 mihi
1045 1016 1158 1062 mensa
1181 996 1280 1082 tripes
1305 1007 1340 1061 et

272 1121 402 1190 Concha
425 1120 500 1186 salis
521 1120 593 1206 puri
617 1129 649 1186 et
674 1130 766 1205 toga,
789 1138 875 1205 quae
898 1116 1074 1183 defendere
1095 1116 1196 1203 frigus

272 1242 425 1323 Quamvis
448 1260 558 1308 crassa
579 1249 687 1328 queat.
729 1239 847 1305 Decies
870 1247 1006 1305 centena
1027 1238 1177 1305 dedisses
1317 1238 1364 1303 45

337 1450 377 1498 44.
395 1447 477 1497 auom
492 1444 626 1497 Bentleius
644 1458 677 1495 ex
695 1444 760 1495 Cod.
779 1444 857 1494 voss.
878 1444 907 1506 (ζ)
926 1456 1033 1493 errore:
1060 1443 1168 1494 talebot
1203 1442 1328 1505 (44444444

303 1524 392 1573 firmat
408 1524 508 1572 Seneca
526 1520 573 1584 Ep.
593 1519 660 1581 446.)
681 1545 708 1555 -
728 1517 768 1569 44.
784 1518 857 1580 puri,
875 1523 936 1582 tcpo
952 1519 1062 1567 Seneca.
1085 1546 1111 1554 -
1132 1517 1171 1566 46.
1185 1517 1323 1589 deponas.

271 1702 361 1750 nescio
393 1710 475 1761 quam
505 1695 576 1747 bone
605 1696 794 1760 comparantes
832 1698 959 1754 4444444444
975 1706 1075 1743 44444444
1090 1698 1189 1743 ceptam
1205 1694 1365 1755 4444444444

270 1775 340 1836 virg.
358 1772 424 1822 Aen.
444 1771 474 1831 6,
494 1770 554 1821 oio:
580 1769 727 1830 obloquitur
744 1782 794 1818 444-
831 1769 938 1831 4444444
961 1768 1059 1818 milliara
1079 1778 1211 1819 4444444444
1231 1768 1362 1818 relicturo.

269 1848 344 1898 444444
360 1850 451 1908 septen
467 1844 613 1894 discrimina
628 1855 725 1891 444444.
833 1842 939 1906 [Sordes
956 1842 1151 1893 obiiciebantur
1166 1842 1252 1903 rillio,
1273 1854 1364 1906 quem

302 1920 375 1969 9-49.
400 1918 451 1986 Nil]
472 1915 553 1967 44444444
575 1918 633 1965 erat
653 1914 793 1978 aequabile
832 1919 983 1980 praetorem
1000 1918 1119 1981 quinque
1137 1918 1239 1967 tautum
1256 1928 1364 1978 seque-

270 1996 296 2044 in
307 1991 350 2042 illo
363 1991 485 2047 homina;
503 1991 529 2039 iu
542 1988 612 2039 nulla
624 2002 653 2038 re
666 1988 716 2039 sibi
728 2002 795 2038 con-
833 1991 930 2042 bantur
940 1993 1031 2055 pueri,
1049 1994 1102 2042 sat.
1117 1994 1145 2053 4,
1164 1993 1191 2053 6,
1211 1992 1276 2053 404.)
1305 1992 1362 2041 Dio

269 2066 382 2122 stabat.»
424 2064 552 2126 synesius
578 2064 653 2113 44444.
676 2064 740 2124 Aeg.
765 2076 792 2125 p.
832 2066 907 2116 cass.
926 2065 972 2124 69,
996 2065 1024 2114 8:
1052 2062 1161 2129 (Γάϊος)
1178 2062 1218 2130 τῷ
1239 2079 1272 2130 γε
1287 2064 1365 2115 Πεί-

269 2142 293 2191 8.
312 2138 392 2189 llrab.
411 2138 446 2189 de
463 2138 604 2199 Typhone:
627 2130 686 2185 οὐδ’
704 2129 794 2198 αὐτὸς
832 2154 903 2189 acm
915 2136 985 2189 δέκα
992 2135 1115 2201 δούλους
1126 2134 1286 2205 ἐπάγεσθαι
1296 2138 1365 2189 ἐπι-

269 2205 306 2279 ἦν
317 2208 395 2279 αὐτῷ
407 2206 623 2283 παραπλήσιος,
641 2204 714 2261 ἀλλὰ
725 2224 795 2259 παν·
832 2214 956 2283 τρέψας,
972 2209 1022 2263 aiz'
1034 2208 1132 2279 ἐπειδὴ
1144 2211 1277 2276 πλείονας
1286 2208 1365 2283 ᾐτή-

268 2282 396 2339 τοδαπόν
420 2300 447 2337 τι
473 2279 574 2335 κακόν.
596 2312 623 2320 -
649 2284 716 2334 catut
740 2284 792 2348 444)
832 2302 919 2349 earo,
943 2282 1058 2352 ἀφῆκεν
1075 2281 1159 2351 ὅσοις
1176 2281 1214 2337 ἂν
1229 2285 1363 2360 ἐθελήσῃ

267 2359 449 2433 βραχυλογία
462 2372 524 2423 pro:
544 2360 644 2422 «Saepe
657 2357 791 2419 currebat,
831 2359 1009 2431 χρήσασθαι.
1033 2390 1060 2397 -
1085 2362 1231 2426 pambas]
1256 2374 1363 2414 nomen

268 2436 342 2487 velut
357 2438 404 2499 qui
421 2434 525 2497 fugiens
542 2434 648 2483 hostem
661 2435 791 2493 curreret,
831 2435 981 2499 principum
998 2438 1142 2500 praecipue
1160 2435 1361 2497 Gallograeciae

269 2524 350 2575 saepe
372 2508 444 2560 lente
466 2506 622 2568 incedebat,
649 2505 723 2557 velut
747 2508 793 2569 qui
831 2512 860 2560 et
875 2510 998 2559 Iudaeae.
1019 2536 1047 2546 —
1060 2510 1170 2573 4444444)
1188 2511 1230 2559 «in
1248 2522 1294 2559 ore
1306 2510 1363 2559 ba-

269 2585 376 2637 lunonis
401 2595 476 2634 sacra
502 2579 609 2633 ferret.»
639 2608 666 2617 -
691 2582 794 2631 44444444
831 2583 913 2641 bens,
931 2584 1051 2634 intimam
1062 2597 1125 2634 cum
1140 2582 1305 2647 principibus
1317 2584 1364 2634 ia-

267 2660 358 2721 saera]
386 2658 513 2721 Loquitur
538 2656 572 2707 de
595 2652 790 2726 κανηφόροις,
832 2658 1022 2719 miliaritatem,
1047 2657 1082 2708 nil
1099 2659 1149 2708 nisi
1166 2672 1278 2722 magnas
1293 2671 1359 2719 res,

269 2747 354 2798 «quae
366 2731 491 2783 manibus
501 2730 612 2782 sublatis
624 2744 702 2783 sacra
711 2744 793 2794 quae-
831 2735 958 2784 iaetans.·
972 2733 1027 2782 Cic.
1041 2731 1076 2781 ad
1089 2733 1142 2782 444.
1156 2732 1184 2792 9,
1198 2733 1239 2794 ta,
1252 2732 1281 2781 3:
1293 2734 1364 2783 444444

267 2808 331 2859 dam
342 2808 458 2872 reposita
468 2807 495 2856 in
504 2806 634 2870 capitibus
644 2804 791 2856 ferebant.»
829 2808 879 2857 4444
899 2807 989 2856 classes
1009 2806 1111 2867 laquem
1127 2810 1150 2855 44
1172 2806 1304 2855 4444444444.
1327 2834 1359 2844 -

269 2883 332 2944 (Cic.
351 2884 448 2931 Ancus.
466 2878 496 2938 4,
515 2879 549 2939 3.)
578 2880 609 2928 ll.
628 2878 644 2928 l.
663 2880 726 2928 sunt
747 2878 793 2927 lu·
829 2895 916 2932 measa
939 2879 1029 2943 tripes]
1057 2877 1200 2944 «delphica
1225 2878 1360 2943 simplex,

268 2955 359 3013 nonis,
381 2965 443 3003 curn
460 2950 522 3001 alibi
539 2953 723 3001 memorentur
744 2965 792 3001 44-
830 2954 915 3019 qualis
931 2953 1011 3003 decet
1026 2954 1165 3003 bominem
1180 2955 1272 3017 paucis
1287 2966 1363 3004 eon-

268 3027 405 3091 nepboroe
424 3025 471 3087 (sio
489 3022 553 3085 Cic.)
571 3025 720 3083 Minervae,
740 3026 790 3074 Ce-
830 3030 932 3079 tentum
954 3030 981 3077 et
1003 3024 1163 3090 plerumque
1185 3025 1273 3077 solum
1294 3027 1361 3077 sine

268 3100 336 3151 reris
356 3098 450 3163 (444444
470 3098 543 3161 sirpo
566 3098 627 3147 41444
643 3098 723 3147 sacris
745 3098 792 3148 Co-
829 3103 948 3153 convivis
966 3103 1152 3153 coenantem·
1187 3100 1249 3151 Eius
1259 3100 1363 3164 imagi—

267 3174 346 3234 reris,
365 3174 418 3222 Sat.
431 3173 460 3232 4,
472 3172 502 3233 8,
522 3170 582 3231 44.),
601 3170 711 3231 Bacchi,
728 3172 792 3221 Dia·
829 3189 893 3226 nem
914 3176 999 3225 babes
1016 3176 1045 3225 in
1064 3176 1151 3225 444444
1169 3174 1308 3224 6444444444
1326 3177 1360 3225 T.

269 3260 328 3298 nae.
359 3247 478 3309 44444444,
496 3248 526 3305 2,
546 3246 596 3309 66.)
615 3246 668 3297 Cle.
688 3245 722 3295 de
741 3246 789 3296 06.
829 3250 871 3299 xl.
892 3250 950 3298 Tae.
969 3248 1009 3299 48.
1036 3247 1171 3312 Delphicis
1184 3251 1364 3313 opponuntur

268 3323 296 3381 4,
315 3320 361 3371 36;
384 3320 527 3370 Cavendum
543 3324 592 3381 ast,
613 3320 793 3369 44-44444444-
829 3321 990 3386 monopodia
1017 3335 1169 3373 marmorea
1199 3324 1245 3373 aut
1271 3322 1362 3372 citrea

267 3394 332 3445 tibus
346 3400 451 3445 utamur
465 3395 493 3444 44
502 3396 616 3459 44444444
627 3394 790 3455 mollior-m,
830 3409 892 3446 cum
908 3396 978 3459 pede
996 3408 1049 3444 uno
1068 3395 1188 3447 eburneo
1204 3394 1248 3446 444
1261 3408 1359 3447 aereo.

266 3476 296 3522 ut
308 3484 462 3534 pomparum
477 3470 579 3535 [4444444
593 3470 684 3519 44444444
694 3482 745 3519 esse
755 3470 793 3519 44-
831 3498 859 3505 -
873 3469 972 3520 044444
987 3469 1130 3533 adlapsam]
1149 3469 1294 3534 Opponitur
1310 3482 1362 3519 sa·

267 3546 381 3596 44444444.
402 3572 429 3583 -
448 3546 527 3607 Saepo
543 3544 632 3607 4444444]
651 3544 791 3593 minimum
828 3541 911 3593 linum
928 3545 1094 3605 argenteum.
1125 3542 1317 3606 «pauperiores
1330 3543 1362 3593 in

267 3619 323 3669 lere
340 3632 480 3669 servorum
492 3630 644 3669 numerum.
664 3618 729 3667 0444
741 3617 792 3667 ba·
830 3618 930 3667 marina
941 3617 1045 3668 concha
1053 3616 1137 3667 salem
1149 3616 1240 3666 tn'tum
1252 3614 1361 3667 babere

267 3691 351 3741 behet
367 3692 490 3742 Horatius
506 3693 533 3740 in
557 3689 653 3740 familia
674 3703 723 3740 sua
744 3704 792 3739 ru·
829 3691 929 3752 solent,
948 3704 1002 3755 quo
1018 3703 1082 3740 eum
1098 3703 1167 3754 pane
1181 3691 1360 3741 vescantur.»

268 3766 348 3825 stica,
376 3767 428 3815 Sat.
453 3766 484 3823 2,
508 3765 538 3824 7,
562 3764 635 3823 ll8.;
662 3762 748 3813 tribus
766 3765 791 3813 ei
829 3767 922 3815 Poura.
957 3764 1010 3814 Clr.
1034 3766 1087 3814 Sat.
1110 3766 1142 3825 2,
1167 3766 1197 3825 2,
1225 3764 1271 3812 ll:
1296 3776 1364 3815 cum

268 3849 353 3889 coena
365 3836 571 3897 ministrabatur,
584 3838 637 3885 Sat.
649 3839 677 3897 4,
690 3837 717 3897 6,
734 3837 790 3887 446.
828 3841 881 3891 sale
887 3841 964 3903 panis
974 3840 1283 3891 44444444444444444
1292 3838 1363 3891 bene

267 3910 324 3961 Val.
343 3912 409 3961 llax.
434 3911 463 3971 4,
490 3909 518 3971 4,
546 3911 591 3958 ll:
620 3913 656 3961 Μ.
678 3912 793 3961 8444444
829 3915 909 3963 444444.
944 3912 1008 3964 Pliu.
1026 3916 1057 3965 44.
1070 3916 1102 3964 N.
1115 3914 1162 3974 34,
1181 3914 1227 3965 ll:
1245 3914 1365 3975 selpul-

268 3985 417 4049 qormtolam
433 3998 451 4034 a
467 3990 544 4046 patra
564 3984 724 4035 44444ᾶί44444
745 3998 792 4035 44-
828 3987 946 4036 montorii
960 3989 1040 4038 4444444
1055 3988 1148 4050 inplet.
1183 3989 1364 4040 lloctantum

267 4060 371 4121 ceperit,
389 4060 416 4109 44
431 4060 514 4121 primo
532 4058 595 4108 libro
607 4072 705 4121 444444,
724 4073 792 4121 quaa
828 4059 895 4121 volt,
913 4063 944 4110 ut
957 4062 991 4111 sit
1006 4062 1148 4122 candidus,
1167 4062 1220 4112 sine
1234 4060 1363 4124 44444444,

268 4134 298 4183 tle
329 4134 385 4183 Vite
411 4145 459 4182 444
485 4132 596 4195 scripsit,
622 4134 707 4197 refert.
750 4134 792 4185 ao
830 4133 991 4185 defaecatus.
1013 4164 1040 4171 -
1058 4135 1153 4199 444444)
1172 4136 1293 4198 pineam
1317 4140 1365 4186 to-

269 4208 334 4257 4444444
350 4206 395 4257 stoi
411 4207 512 4257 dacem
531 4208 597 4257 sola
618 4209 790 4271 mancipia,
828 4220 890 4271 pom
911 4206 1031 4259 similiter
1047 4209 1113 4259 dixit
1134 4211 1243 4259 Suetom
1262 4209 1362 4262 Oetav.
