2925 4892
548 434 609 482 ‚ins
627 433 772 484 nosnos.
1149 433 1211 498 773

161 585 295 674 Oppida
318 584 438 662 moliri,
462 585 552 674 leges
574 585 717 655 incidere
739 587 840 675 ligno:

160 707 215 774 Sic
237 707 341 774 bonor
363 715 397 774 et
419 727 538 774 nomen
559 707 677 774 divinis
698 709 826 776 vatibus
847 717 944 796 atque
1147 710 1210 776 400

161 828 367 897 Carminibus
390 828 487 894 venit.
530 830 608 895 Post
628 827 689 894 bos
712 829 845 916 insignis
867 831 1027 896 Homerus

161 951 386 1039 Tyrtaeusque
409 967 517 1016 mares
539 950 663 1016 animos
685 949 719 1015 in
741 950 851 1016 llartia
872 949 956 1018 bella

159 1069 317 1137 Versibus
338 1070 481 1148 exacuit3
504 1068 610 1138 dictae
630 1091 690 1159 per
713 1071 856 1137 camnine
880 1082 1000 1146 sortes,

161 1191 308 1262 liariter
330 1199 505 1257 monstrata
527 1192 580 1257 via
600 1201 668 1270 est;
690 1203 723 1260 et
745 1191 846 1279 gratia
867 1213 981 1280 regum

160 1310 277 1378 Pieriis
298 1319 418 1377 4444444
438 1309 562 1386 modis,
586 1310 920 1406 ludusquexrepertus
1147 1317 1209 1383 405

148 1507 207 1559 asa
216 1510 244 1558 et
252 1507 356 1569 camb,
363 1509 428 1560 item
437 1509 496 1560 Fili
505 1511 534 1558 et
542 1506 767 1572 obtenturam-
774 1508 907 1575 auum]
916 1509 970 1562 ioco
976 1523 1034 1576 p.-
1044 1511 1100 1562 397.
1107 1527 1176 1564 raca

148 1585 180 1634 B.
193 1610 221 1620 -
232 1582 289 1634 390.
302 1582 449 1648 tepapued.
462 1611 489 1620 -
500 1583 557 1636 403.
568 1585 643 1634 sortis
653 1595 787 1648 superscr.
799 1583 848 1633 414.
862 1609 890 1621 -
908 1584 1172 1648 toamnasarim.

115 1751 199 1816 (leges
217 1749 327 1814 Solonis)
344 1751 444 1802 ,4444444
455 1750 547 1802 acibus
557 1751 645 1815 tipreir
681 1764 794 1812 nomen,
818 1751 887 1802 adeo
903 1754 934 1802 ut
949 1751 1102 1818 complures
1119 1753 1205 1804 Codd.

114 1827 212 1876 44444444
221 1830 287 1874 ruet
306 1824 346 1876 cl.
360 1823 427 1875 Plut.
439 1822 491 1875 Sol.
505 1826 546 1876 at.
560 1851 586 1860 -
601 1825 644 1875 Sic
680 1825 753 1887 liegii
764 1824 912 1890 praebeant
924 1826 1103 1888 Dircaeusque,
1117 1826 1205 1888 idest,

113 1899 278 1962 1444444444]
302 1897 609 1950 ιΡ4444414441444411414
627 1910 642 1947 a
680 1897 818 1950 Pindarus.
838 1898 943 1959 Quintil.
958 1901 1003 1960 40,
1017 1901 1041 1960 4,
1054 1901 1103 1950 ee:
1123 1900 1207 1962 (144419

114 1976 196 2036 Lino,
222 1974 342 2038 Orpheo,
366 1974 475 2023 llusaco
492 1974 643 2037 ceterisque
679 1974 800 2024 Horatius
822 1975 922 2038 [4444444
946 1975 1079 2036 Tyrtaeum
1099 1975 1206 2026 14444444

113 2049 201 2100 sacris
213 2046 263 2098 illis
274 2047 387 2097 deorum
399 2047 589 2111 interpretibus
600 2061 644 2098 sc-
679 2047 826 2112 arbirerpit?
839 2077 866 2086 —
879 2062 963 2100 marea
974 2049 1079 2113 4444444]
1092 2051 1130 2100 114
1142 2049 1206 2113 'lyn-

113 2125 196 2188 eepta
220 2124 296 2185 gauto
317 2122 407 2171 animo
429 2134 578 2184 agnoscens
595 2133 643 2172 444
679 2126 741 2174 heo
767 2124 938 2186 Atheniensi,
965 2125 1011 2188 qui
1035 2125 1061 2174 in
1086 2125 1206 2176 secundo

113 2194 306 2248 immortalitati
330 2197 522 2246 consecravit.»
556 2195 640 2256 ldem,
679 2195 751 2248 bello
767 2199 899 2248 Messenio
916 2199 1052 2263 Spartanis
1068 2198 1123 2250 dux
1139 2200 1206 2250 mis·

115 2269 192 2334 quod
203 2269 326 2320 Horatius
337 2269 426 2333 poesi,
446 2270 540 2320 Cicero
552 2268 644 2320 tribuit
679 2285 726 2322 444
745 2274 801 2330 441,
820 2273 934 2323 lustinus
952 2271 981 2334 3,
999 2274 1029 2334 4,
1042 2274 1069 2323 9:
1088 2276 1206 2326 4444444444

113 2357 180 2396 cum
203 2341 399 2408 philosophiae,
422 2345 499 2394 Tusa.
517 2345 548 2404 u,
564 2345 593 2403 4,
610 2345 640 2394 a:
679 2347 867 2408 4444041444
888 2347 1000 2398 44441444
1021 2347 1152 2406 recitauit;
1178 2349 1206 2398 ia

115 2421 152 2470 l'u
168 2418 243 2468 44444
253 2419 387 2482 peperisti,
406 2423 435 2467 tu
450 2419 582 2480 caeparios
596 2418 642 2468 lto·
679 2421 767 2483 4444444
783 2422 942 2470 hortamenta
961 2421 1071 2483 virtutis,
1098 2421 1205 2472 4144444-

113 2495 196 2545 4444444
210 2494 238 2543 ie
253 2493 395 2544 4441444444
409 2493 476 2542 uitae
491 2493 641 2554 muscarii,
677 2509 737 2544 4444
761 2495 866 2554 solatia,
893 2495 948 2544 belli
970 2494 1074 2544 44444114
1094 2497 1205 2546 44444444-

112 2576 143 2619 tu
171 2581 213 2618 eae
243 2568 309 2617 ieter
334 2579 360 2617 se
383 2567 469 2628 pram
496 2567 641 2628 4444441444,
674 2573 771 2631 meat.
787 2568 912 2632 -rorter]
932 2567 1059 2618 «oracula
1073 2569 1203 2632 imprimis

112 2643 204 2694 41414414
230 2640 367 2704 4444144144,
388 2645 441 2690 tran
460 2640 603 2690 1444444444
619 2645 642 2690 44
677 2640 806 2705 Delphica
816 2641 905 2692 dicit.»
924 2643 1012 2692 Gnoss.
1036 2642 1203 2694 Sorterenim

110 2729 205 2768 444444
219 2716 392 2766 4444444444
406 2715 528 2777 4444444444,
555 2719 584 2764 tu
598 2715 641 2765 ia·
677 2730 740 2767 suas
750 2717 924 2766 Fortunarum
930 2716 1204 2767 Praenestinarumat-

111 2791 217 2842 eretria
240 2791 335 2854 444444,
358 2793 387 2839 tu
401 2790 526 2852 4444444444
541 2801 641 2838 marm
677 2790 935 2854 queiatiatinarum
946 2789 1056 2840 Romani
1072 2788 1107 2840 ad
1123 2791 1203 2840 Grae-

110 2873 138 2918 et
156 2865 303 2928 direipliiae
323 2864 407 2927 phuth
434 2865 490 2914 tum
510 2863 640 2927 eloquen-
676 2877 771 2915 corum
793 2861 901 2914 oracula
923 2861 1113 2914 transferentes
1133 2863 1202 2914 haec

111 2943 180 3001 tiae,
207 2939 242 2990 de
264 2939 367 2989 lavent.
386 2938 415 2998 4,
432 2938 457 2987 i.
477 2937 513 2988 de
529 2937 599 2988 Orat.
613 2939 638 2998 4,
677 2941 712 2988 ita
729 2937 864 2988 interdum
882 2935 1079 3000 nuncupabant.
1099 2937 1153 2988 Cic.
1167 2937 1202 2988 de

112 3017 143 3076 8,
162 3013 204 3064 33.
676 3013 828 3072 01414444,
842 3011 882 3072 33,
896 3012 942 3061 70:
961 3011 1045 3062 Sortes
1061 3023 1117 3072 eae,
1136 3024 1202 3072 puae

145 3086 269 3140 404-407.
295 3088 350 3137 Part
367 3085 483 3150 444444]
501 3085 638 3137 44411444
676 3089 815 3148 damur,
833 3100 884 3136 aaa
899 3086 970 3146 44444,
995 3099 1061 3148 puae
1075 3087 1201 3136 44444444-

110 3163 249 3228 mythice,
257 3173 326 3225 quos
334 3161 361 3212 di
369 3161 537 3224 inspirarent,
545 3161 639 3212 transit
675 3162 743 3212 44444
762 3162 917 3226 summaer,
943 3173 1007 3222 pace
1027 3159 1136 3211 oracula
1157 3174 1202 3212 oe-

110 3237 147 3288 ad
163 3237 304 3288 historiam
325 3236 415 3299 poesis
435 3237 524 3284 certae
540 3248 573 3286 ac
589 3247 639 3284 re-
675 3236 853 3286 riusdicimur.
881 3233 1040 3294 lbid.2,ttd,
1054 3235 1114 3284 tid:
1133 3235 1202 3284 Nam

110 3325 159 3363 rae
180 3310 253 3375 apud
276 3312 404 3371 Graecos,
428 3308 478 3360 sed
494 3309 637 3373 poeticam,
674 3323 732 3360 4444
749 3321 809 3360 sors
825 3309 871 3358 itia
886 3309 954 3358 edita
969 3311 1004 3356 ert
1019 3307 1201 3368 opulentissimo

110 3387 140 3438 id
165 3385 239 3450 quod
261 3386 420 3448 interpretes
438 3383 559 3434 nundum
574 3384 639 3434 satis
675 3384 830 3448 repidrme:
849 3383 952 3432 Croesus
962 3380 1053 3440 ilatum
1064 3385 1200 3440 pererrem

109 3461 325 3526 perspexerunt3
349 3469 408 3508 eam
426 3456 502 3518 dico,
521 3469 590 3520 quae
606 3454 639 3506 li·
674 3469 797 3520 44494444
818 3460 942 3519 pecator
963 3466 1039 3514 opaea
1059 3454 1122 3512 4444,
1144 3456 1196 3505 cet.

109 3535 212 3586 beriori
235 3532 353 3597 44444441
377 3529 538 3582 didascalico
559 3531 638 3581 unice
676 3531 750 3582 conl.
763 3544 790 3582 v.
803 3531 861 3581 ata.
877 3557 903 3566 -
922 3528 989 3577 oilae
1004 3529 1199 3577 mactasse

110 3608 278 3661 conveniret.
298 3633 326 3643 -
343 3603 552 3668 1444444444141414
568 3618 638 3655 non·
673 3606 717 3670 ert]
735 3605 867 3671 poematis
878 3599 1044 3653 didascalicis
1056 3603 1084 3651 44
1094 3602 1199 3664 gnomi-

110 3682 188 3744 nulli,
208 3679 384 3741 utWieland,
403 3681 527 3745 posthoc
538 3693 637 3730 nomen
675 3681 726 3738 ais;
745 3679 874 3744 significat
887 3675 1047 3738 Hesiodum,
1062 3673 1196 3739 Solonem,

109 3756 170 3808 colo
187 3755 366 3818 distinguunt,
385 3756 415 3804 ut
430 3756 480 3806 sit:
504 3755 579 3804 «Post
594 3755 638 3803 444
673 3753 868 3818 Theognidem,
895 3749 1067 3813 Phacylidem
1092 3752 1144 3802 cet.
1168 3779 1195 3787 -

109 3831 184 3882 44444
200 3830 305 3894 44444444
316 3829 451 3888 Hormou
471 3829 637 3892 1444444444
672 3829 760 3894 pratia
771 3840 860 3892 repara
868 3825 930 3890 cet]
944 3825 987 3875 Sic
995 3823 1138 3886 Pindarus,
1157 3825 1199 3874 Si-

109 3907 184 3956 444.»
218 3905 304 3954 immo
331 3902 444 3954 verbum
473 3903 575 3954 44444441
601 3901 637 3952 441
673 3902 813 3962 munides,
839 3897 1031 3961 Bacchylides,
1062 3899 1196 3960 flieronis,

109 3983 256 4041 utrumque
273 3979 379 4040 po'etam
396 3977 520 4042 pertinet.
535 4003 562 4012 -
577 3977 638 4038 lbr-
673 3977 801 4028 Theronis
814 3972 979 4038 aliorumque
992 3973 1143 4037 principum
1155 3973 1197 4021 vi·

109 4053 189 4117 444444]
206 4053 288 4103 Notas
304 4049 339 4102 de
356 4064 390 4102 eo
409 4049 512 4102 tabulas
529 4051 573 4100 hic
589 4065 636 4102 co-
672 4063 765 4100 rorum
789 4049 906 4098 favorem
930 4045 1091 4098 carminibus
1112 4044 1197 4096 ambi-

109 4129 186 4191 piose
197 4127 308 4176 narrant
319 4122 496 4186 scholiastae,
514 4137 582 4188 quas
595 4137 636 4175 re·
672 4126 776 4174 verunt.
795 4149 821 4158 -
839 4122 932 4186 1444444]
952 4120 991 4171 Ci.
1008 4118 1055 4170 0d.
1068 4119 1097 4178 3,
1111 4117 1136 4178 4,
1150 4116 1193 4169 to.

110 4204 204 4266 petere
215 4198 280 4250 nihil
290 4199 391 4250 attinet.
405 4200 531 4252 Ceterum
543 4199 570 4248 iu
580 4198 636 4263 ple-
674 4225 701 4234 ·-
714 4197 843 4262 ludisque]
862 4195 999 4247 «remissio
1016 4197 1043 4244 et
1053 4192 1195 4243 oblectatio

110 4277 200 4339 risque
221 4273 306 4326 Codd.
327 4273 421 4326 vitiose
445 4273 635 4337 scriptumest
671 4273 822 4324 animomm
838 4283 887 4336 per
903 4270 995 4336 poesia
1015 4267 1151 4320 scenicam
1169 4266 1195 4318 iu
