2925 4892
527 386 586 436 uu.
606 386 626 435 l.
662 386 761 437 llrlsr.
779 387 821 437 Xt.
1157 382 1214 448 ΗΜ

173 540 312 604 Strenua
333 558 394 603 nos
415 549 546 606 exercet
568 540 698 620 inertia;
720 541 858 608 navibus
878 552 976 631 atque

172 658 347 746 Quadrigis
370 660 508 747 petimus
530 661 616 739 bene
638 662 757 729 vivere.
794 663 892 741 Quod
905 664 1002 751 petis,
1025 663 1079 732 bic
1092 677 1157 743 est,

171 780 227 845 Est
248 778 393 857 Ulubris,
417 781 543 848 animm
565 783 592 849 si
614 792 646 851 te
669 804 735 850 uon
756 782 866 851 deficit
887 804 1024 873 aequus.
1176 787 1218 853 30

127 1034 188 1083 retii
205 1035 434 1086 tamenamicum.
465 1036 592 1087 Ceterum
607 1036 654 1087 cir.
690 1038 771 1089 ottcru
786 1038 862 1089 colus.
897 1038 966 1089 liud.
983 1039 1014 1100 2,
1030 1038 1062 1099 3,
1078 1039 1123 1089 it:
1148 1039 1219 1104 Erpc

128 1106 213 1158 Pleni.
232 1108 656 1173 lul.a,2‚to:1>ot‚sisuane
692 1113 792 1163 aetnae
813 1126 909 1175 usqum
935 1115 1057 1175 optumas
1080 1118 1116 1165 stt
1140 1127 1219 1166 uent-

127 1194 184 1232 mus
205 1194 314 1245 mutu,
343 1185 404 1234 satis
424 1184 510 1247 bubos,
537 1186 655 1248 quibam
690 1188 972 1239 mammotrectus.

492 1398 866 1460 excussus,

178 1510 316 1569 Quantum
339 1510 413 1575 potui
438 1509 534 1561 leniter
557 1511 591 1562 de
616 1509 718 1561 Bullatii
739 1511 827 1563 indole
850 1514 1019 1565 semoribus
1036 1516 1164 1578 iudicavi,
1190 1519 1221 1566 ut

126 1593 243 1643 utarem
267 1592 362 1643 vitium
386 1590 450 1643 illud
474 1592 618 1645 multorum
640 1596 821 1659 interpretum
843 1596 1002 1660 praesertim
1024 1600 1218 1660 recentiorum,

127 1690 183 1741 quo
206 1676 307 1727 caecati
332 1691 416 1741 prope
435 1690 528 1729 omues
545 1678 644 1727 Horatii
661 1680 776 1740 amicos,
803 1678 900 1743 quibus
917 1676 1042 1743 epistolas
1059 1682 1143 1743 misit,
1169 1696 1219 1731 no-

127 1760 171 1811 bis
196 1760 356 1811 describunt
380 1764 409 1811 ut
433 1760 556 1813 homines
582 1763 722 1825 corruptos
747 1774 780 1811 ac
803 1761 938 1825 perditos,
966 1766 1128 1826 quasivero
1151 1766 1220 1815 inter

126 1842 232 1895 ltomuti
258 1843 363 1894 iaecem
385 1844 489 1894 versari
510 1842 552 1895 ille
569 1843 662 1895 solitus
680 1844 782 1895 luisset.
817 1846 998 1910 Quamquam,
1024 1847 1090 1910 quid
1107 1848 1160 1898 diri
1175 1861 1220 1897 re·

125 1930 290 1977 contionari
324 1930 391 1979 Nam
415 1930 542 1991 pervetus
570 1929 637 1979 baec
659 1930 702 1978 est
718 1926 926 1981 Scholiastarum
942 1934 1115 1994 perversitas.
1150 1932 1219 1983 soce

126 2013 201 2062 euim
226 2012 362 2075 interpres
387 2012 596 2075 libeuaagiensis
621 2010 737 2062 ineditus
762 2010 849 2063 Seculi
869 2013 943 2063 llll:
970 2014 1062 2065 «ilaue
1079 2014 1220 2079 epistolam

125 2094 223 2146 scribit
240 2094 276 2143 ad
293 2094 428 2157 quendum
445 2094 614 2157 girovagum,
633 2094 741 2144 nemine
758 2094 912 2157 Bullatium,
932 2098 978 2160 qul
995 2096 1061 2147 dum
1078 2100 1152 2149 esset
1167 2100 1220 2149 lto·

125 2190 188 2229 mae
206 2178 235 2227 et
253 2174 349 2226 malem
366 2178 449 2227 vitam
466 2176 590 2239 duceret,
617 2177 676 2229 loco
694 2178 721 2228 id
738 2179 878 2243 imputavit
894 2183 922 2230 et
938 2180 1043 2231 diversa
1060 2180 1118 2231 loca
1135 2182 1218 2247 pettit,

126 2262 149 2312 si
175 2272 261 2324 quem
286 2260 417 2310 inveniret
441 2263 533 2325 aptum
558 2261 653 2312 beatae
679 2262 706 2313 et
731 2262 861 2313 honestae
885 2264 972 2323 vitae;
999 2264 1048 2315 sed
1065 2264 1219 2329 ubicunque

125 2344 251 2395 locorum
269 2342 618 2407 luit‚nonmeliusvi1it.»
652 2344 727 2395 idem
745 2344 780 2395 ad
796 2344 940 2409 Epistulam
956 2348 1017 2397 lv:
1052 2350 1141 2399 «lieno
1158 2350 1220 2413 Ept-

125 2426 224 2480 stolam
250 2426 313 2477 lacit
336 2426 428 2488 Albio,
456 2428 543 2478 amico
564 2442 629 2488 suo,
656 2429 682 2479 iu
708 2442 761 2493 qua
778 2431 885 2479 iustruit
901 2444 963 2480 eum
981 2431 1015 2480 ed
1033 2432 1176 2482 honestum
1193 2434 1221 2483 et

125 2510 209 2569 utile;
238 2510 412 2573 reprehendit
436 2510 463 2559 iu
489 2523 521 2561 eo
545 2510 679 2574 quaedem
704 2514 783 2573 vitia,
809 2511 911 2563 scilicet
934 2511 1069 2565 levitatem
1095 2516 1175 2565 animi
1193 2518 1222 2565 et

125 2594 268 2645 avaritiam
286 2596 315 2643 et
331 2594 439 2644 nimiam
456 2596 622 2658 parcitatem.
641 2624 657 2635 -
673 2622 688 2633 -
709 2595 847 2646 Simulavit
863 2596 935 2646 euim
951 2597 1001 2647 iste
1018 2610 1048 2647 se
1065 2610 1146 2647 ceusu
1162 2601 1220 2648 stu-

127 2678 163 2728 dii
190 2678 321 2737 exivisse,
348 2690 411 2727 cum
435 2679 523 2743 potius
548 2680 631 2730 noma
657 2680 798 2739 exivisset,
828 2681 858 2729 ut
881 2678 964 2729 rebus
988 2680 1045 2729 suls
1069 2684 1219 2743 parceret.-

126 2762 175 2825 Ep.
188 2760 266 2809 Vll:
286 2761 437 2811 «Numicius
455 2761 502 2811 lult
518 2762 628 2825 quidum
645 2760 742 2812 nobilis
758 2763 908 2823 Romanus,
925 2760 1003 2812 vaide
1015 2762 1121 2813 deditus
1138 2762 1221 2814 rebus

127 2840 299 2894 secularibus
324 2844 351 2893 et
375 2844 490 2895 murima
516 2845 644 2909 cupidus,
671 2843 773 2896 scilicet
790 2857 900 2910 semper
916 2846 1013 2897 timens
1030 2857 1078 2896 sua
1095 2846 1220 2911 perdere,

127 2928 263 2993 appetitor
280 2926 380 2987 lamae,
399 2925 549 2979 luxuriosus
568 2930 595 2979 et
610 2927 700 2981 multis
718 2927 775 2979 uliis
792 2930 862 2979 vitiis
878 2930 1042 2981 conlectus.»
1076 2932 1123 2995 Ep.
1137 2931 1219 2980 vill:

128 3012 226 3062 «lianc
250 3010 395 3075 Epistulam
420 3010 480 3061 lacit
498 3010 531 3061 ad
550 3012 686 3075 quendam
704 3012 821 3063 Celsum.
858 3012 906 3062 llic
923 3026 985 3063 cum
1003 3016 1075 3065 esset
1091 3012 1180 3065 scriba
1197 3027 1219 3066 s.

128 3092 306 3145 cancellarius
323 3091 424 3144 Claudii
441 3095 554 3145 Neronis
572 3098 599 3145 et
614 3099 769 3147 versaretur
785 3098 854 3147 iuter
870 3097 1017 3162 principes,
1037 3098 1082 3149 ubi
1100 3100 1178 3149 caute
1195 3102 1223 3149 et

126 3180 245 3229 honesta
271 3178 449 3228 conveniebat
472 3191 503 3229 se
528 3177 643 3239 babere,
669 3178 750 3231 stulte
766 3183 794 3231 et
812 3180 952 3231 inhoneste
970 3194 1000 3231 se
1018 3182 1147 3244 gerebat»
1167 3184 1219 3232 cet.

127 3262 176 3325 Ep.
195 3261 247 3311 X.:
274 3261 369 3313 «Hanc
394 3259 535 3325 epistolam
560 3261 623 3312 lacit
647 3262 681 3311 ad
706 3263 844 3327 quendam
868 3265 984 3314 amicum
1008 3276 1089 3315 suum
1105 3266 1222 3315 Fuscum

128 3342 258 3395 Aristium
284 3342 450 3395 occidar-ibus
476 3342 579 3395 delictis
602 3343 731 3396 deditum.
779 3347 855 3397 liuuc
880 3346 1003 3397 llomtim
1027 3347 1081 3395 iam
1105 3349 1222 3398 rusticus

128 3428 216 3479 lactus
234 3428 263 3476 et
278 3428 354 3489 quasi
372 3427 520 3479 monachus
539 3430 651 3492 temptet
667 3428 820 3479 absterrere
837 3428 872 3478 ab
890 3429 931 3478 bis
941 3427 1122 3491 voluptatibus
1139 3430 1167 3477 et
1179 3442 1224 3479 ru-

128 3511 263 3562 sticanam
288 3510 371 3560 diam
393 3511 419 3560 ei
444 3512 662 3562 commendere.»
704 3512 776 3562 llaec
801 3513 829 3560 et
853 3509 914 3560 talia
931 3513 1022 3560 autem
1038 3523 1088 3574 per
1105 3511 1222 3563 medium

129 3606 213 3659 quam
241 3592 334 3643 dicunt
358 3595 473 3644 aetatem
499 3607 548 3658 pro
574 3596 648 3645 certo
674 3608 726 3645 uon
753 3594 841 3644 minus
861 3591 977 3644 libenter
991 3592 1223 3658 amplectebantur

129 3680 211 3741 atque
238 3676 440 3727 admirabantur
461 3675 576 3728 lectores
597 3690 680 3741 quum
700 3678 783 3729 nostri
806 3676 949 3742 populares
965 3676 1105 3729 Wielaudii
1130 3695 1223 3751 χαρα-

130 3754 325 3831 κτηρισμούς,
343 3760 500 3824 priusquam
517 3760 612 3813 lacobs
629 3760 708 3813 aliam
726 3763 753 3812 et
769 3762 913 3812 rectiorem
929 3763 1001 3812 dam
1018 3762 1154 3826 ingressus
1172 3768 1221 3817 est.

130 3846 205 3895 «Der
221 3848 323 3893 euasere
341 3844 399 3893 licis
416 3844 461 3893 der
478 3844 591 3909 Gepend,
610 3846 642 3894 ist
658 3846 697 3895 die
712 3847 768 3895 Ides
785 3846 827 3895 des
844 3845 959 3907 ticum,
977 3845 1047 3895 tom
1063 3846 1140 3898 atteia
1155 3849 1224 3898 eicis

128 3928 254 3990 ptitcltticb
269 3926 399 3976 mactas.»
418 3928 544 3978 Diiurzen.
580 3928 720 3978 «incertae
737 3931 801 3979 sunt
813 3929 931 3981 virorum
943 3929 1084 3986 doctcmm
1096 3932 1131 3983 de
1141 3945 1221 3992 anuo,

129 4023 185 4073 quc
203 4010 302 4075 scripte
319 4007 434 4073 Epistola
454 4009 589 4071 videatur,
616 4013 799 4077 suspiciones;
823 4013 880 4074 elii,
905 4014 950 4077 qui
967 4013 1084 4065 motibus
1102 4015 1223 4066 civilibus

130 4092 273 4144 Bullatium
290 4096 321 4144 ut
336 4094 421 4143 exiret
437 4094 598 4157 perductum
613 4096 769 4159 opinentur,
787 4095 822 4147 ad
837 4110 938 4147 anuum
949 4098 1006 4148 725.
1020 4110 1081 4149 eam
1093 4100 1220 4159 referunt,

131 4174 175 4227 alii
193 4190 247 4228 uon
266 4177 366 4228 maiore
383 4175 436 4226 lide
455 4176 489 4227 ad
507 4190 531 4228 a.
551 4178 607 4228 733.
626 4178 820 4229 descendunt.»
841 4181 959 4231 Dictura.
