2925 4892
502 385 564 438 ιιιι.
582 388 613 438 ιι.
649 387 717 438 cnr,
736 387 778 438 ιιι.
1126 384 1183 452 251

152 544 219 608 llen
233 541 330 608 vivo?
350 543 390 610 Ut
410 541 500 608 vivae
523 540 633 628 igitur,
657 541 768 628 vigila:
792 541 939 628 hoenge.
964 542 1049 622 Quid
1064 543 1139 610 vie?

152 663 303 730 Deficient
323 664 454 751 inopem
474 683 578 730 venae
600 673 648 738 te,
670 663 704 728 ni
725 661 820 732 cibus
842 673 940 751 atque

152 785 261 872 lugens
283 784 410 852 aceedit
430 783 596 851 stomacho
617 782 735 850 fultura
756 784 872 852 menti.

151 906 337 972 lacessas?
359 905 517 993 Agedum,
541 926 634 972 sume
656 904 718 972 hoc
740 905 950 993 ptisanarium
972 926 1101 996 oryzae.
1126 907 1188 976 tte

149 1027 259 1106 Quanti
275 1027 429 1114 emptae?
451 1029 564 1094 Parvo.
595 1026 712 1106 Quanti
724 1027 826 1114 ergo?
848 1026 1052 1096 Octueeibua.
1081 1027 1186 1098 Eheu!

150 1147 230 1228 Quid
250 1148 365 1225 refert,
387 1148 502 1215 morbo
524 1169 566 1214 an
586 1147 678 1214 furtis
700 1167 901 1235 pereamque
923 1149 1068 1237 rapinis?

149 1268 298 1347 Quisnam
321 1269 418 1356 igitur
438 1269 562 1336 sanus?
588 1271 651 1350 Oui
666 1288 731 1335 non
747 1267 871 1336 stultus.
896 1269 981 1350 Quid
1004 1271 1146 1338 avarus?

168 1439 220 1488 ten.
238 1444 262 1489 tc
276 1453 359 1490 venue
375 1452 399 1489 c.
415 1467 442 1475 -
461 1438 518 1490 tel.
537 1437 897 1503 lnporu19rceterrsl3eutleil
915 1441 983 1489 coni.
1005 1466 1033 1476 -
1051 1441 1154 1491 accedun

139 1514 165 1573 S,
189 1512 264 1564 mulli
289 1515 423 1575 Pettierii,
447 1515 508 1564 tct.
546 1515 585 1577 (tlt
600 1527 663 1573 uos,
690 1512 753 1577 bcp,
772 1511 883 1562 Bentleii
899 1525 1011 1575 novem,
1038 1516 1154 1566 Pottieril

139 1591 255 1652 reptem.)
275 1616 306 1626 -
326 1589 382 1639 itte,
400 1589 469 1639 Nom
484 1601 566 1639 ccccm
581 1600 717 1652 euperecr.
737 1585 773 1636 Tc
784 1587 813 1647 S,
832 1587 988 1649 Quidcertoc
1004 1589 1031 1638 L.
1047 1613 1075 1624 -
1095 1589 1152 1640 tte.

138 1667 187 1711 octo
201 1663 298 1712 cotom
316 1663 383 1724 Lct,
401 1667 448 1714 oct.
469 1662 565 1713 acellae
581 1661 647 1711 Cod.
666 1659 784 1710 Blendin.
804 1661 958 1725 antiquiss„
981 1661 1040 1712 Vlll.
1060 1663 1156 1714 arebat

138 1735 196 1786 cod.
215 1739 291 1788 llart.
313 1737 385 1801 opud
396 1737 553 1800 Cruquium.
572 1736 612 1799 (nt
627 1747 690 1796 noe,
709 1736 793 1786 nostri
805 1737 831 1784 et
842 1734 953 1785 Bentleii
965 1748 1071 1798 omnes,
1090 1738 1155 1788 item

138 1811 196 1860 cod.
213 1811 340 1874 Toneau.)
361 1837 388 1848 -
406 1811 482 1862 holm
498 1810 533 1874 b,
549 1812 605 1862 llcu
619 1811 667 1860 tou
683 1810 710 1859 F.
730 1809 805 1860 Conl.
825 1809 901 1860 Hand
918 1811 993 1862 Ture.
1011 1812 1042 1860 li.
1056 1825 1082 1876 p.
1095 1811 1152 1862 359.

138 1909 162 1918 -
180 1885 240 1945 tet„
250 1898 387 1947 percontoe
403 1899 450 1950 cp,
469 1884 523 1935 duo
541 1885 671 1946 Pottieril‚
698 1883 834 1935 extribus
851 1885 906 1934 auis
925 1879 989 1948 (νξτ)
1009 1883 1153 1948 Bentleiue,

136 1959 160 2020 Ρ,
172 1973 309 2021 perennare
324 1973 394 2011 unus
410 1961 527 2012 Pettierll
544 1958 677 2024 (aoloecej.

109 2080 325 2132 noemma·
333 2081 514 2141 mulmento,
528 2093 624 2144 paoem
656 2080 840 2142 paemene,
859 2079 933 2143 quod
949 2080 1023 2132 demi
1038 2093 1186 2148 praepera-

109 2155 301 2206 etasrubullulo.
321 2157 426 2206 lucret.
439 2155 469 2216 l,
481 2155 541 2206 868:
558 2156 624 2205 Pro-
658 2154 746 2205 batur.
766 2181 795 2192 -
809 2154 958 2220 Octarrtbre]
976 2156 1005 2206 ln
1022 2156 1075 2208 hoc
1090 2155 1185 2221 plurali

108 2235 181 2289 uerno
203 2232 308 2292 captor
330 2229 412 2292 abac,
440 2235 469 2280 ut
495 2230 624 2293 mpltlciut
658 2230 752 2281 inluuie
777 2229 897 2281 haesisse
921 2229 1079 2282 Lambinum
1105 2233 1187 2284 Bent-

109 2309 176 2355 m.
203 2307 309 2356 seneen
325 2305 407 2369 Epist.
421 2305 468 2355 et:
496 2305 556 2354 cino
570 2305 624 2368 Μ-
659 2303 726 2355 leiue
743 2303 834 2355 docuit
856 2301 951 2354 collato
973 2305 1051 2356 Festo
1071 2307 1099 2356 in
1118 2319 1186 2356 voce

110 2378 237 2431 memus
258 2381 385 2432 cedentes.
415 2379 550 2442 (idemde
570 2379 623 2429 Be-
658 2378 803 2428 Pmtatm:
820 2379 954 2440 Postquam
970 2381 1187 2443 menoectorei

110 2452 154 2503 nel.
165 2453 192 2515 l,
208 2455 242 2503 ll:
259 2455 379 2506 cadmea
393 2467 471 2504 cenae
485 2455 545 2504 otoo
560 2453 625 2516 rese·
659 2453 776 2515 coepitP.
789 2453 830 2514 lc,
847 2453 955 2515 repeto
965 2453 1131 2518 lepcccutmr
1141 2460 1185 2516 ert,

108 2526 199 2591 {etim}
223 2553 251 2564 -
274 2528 458 2592 ptlecrrerr'cm]
484 2523 622 2592 πτισάνη,
658 2533 688 2578 ut
711 2527 754 2578 bot
778 2527 941 2590 οιιιιιιιιίὁιιι,
968 2528 1021 2578 cole
1046 2529 1188 2580 &metibus

24 2635 25 2640 ι
109 2601 210 2652 arerbo
227 2604 357 2663 πέσσω,
381 2603 471 2667 pinso,
497 2601 623 2654 :sorbitio
659 2605 845 2654 eettmaretar.

109 2685 135 2724 ex
156 2689 221 2740 aqua
245 2677 368 2728 fervente
386 2678 413 2726 et
437 2677 540 2728 hordeo
564 2675 624 2740 ple·
692 2678 750 2727 ter.
769 2676 929 2741 potentat]
946 2678 976 2726 ln
993 2676 1112 2740 pedestri
1129 2689 1188 2727 ora·

109 2761 226 2812 rumque,
259 2753 307 2802 hic
340 2764 437 2814 oryza,
473 2751 622 2803 conlecta.»
659 2752 744 2802 tione:
764 2749 848 2810 «Quid
864 2751 959 2810 relert,
979 2749 1109 2802 morbone
1125 2763 1188 2814 per-

109 2823 331 2890 scholartstoph.
349 2825 385 2876 ad
400 2826 482 2891 Veep.
500 2825 566 2878 tlt:
594 2825 625 2876 ot
660 2839 734 2886 eum,
761 2837 795 2876 an
818 2824 894 2876 lurtis
910 2826 1100 2889 rapinisquet»
1131 2826 1186 2875 lam

24 2879 25 2959 Τ
109 2893 249 2963 νοσοῦντες
275 2896 369 2960 χυλὸν
397 2898 538 2966 πτισάνης
569 2894 623 2971 po-
659 2913 722 2952 cum
740 2900 862 2952 eiusdem
879 2902 984 2964 generis
1002 2901 1055 2952 sint
1071 2900 1138 2950 titrte
1159 2900 1188 2949 et

24 3029 25 3051 χ
109 2967 213 3029 Φῡῦσιν.
246 2975 291 3026 Ad
303 2975 418 3026 termam
430 2975 623 3026 deminutivum
658 2977 781 3040 rapinae,
801 2975 886 3040 optior
903 2975 965 3026 huic
982 2974 998 3026 l.
1016 2975 1124 3025 videtur
1139 2987 1187 3025 co-

108 3046 263 3106 eleum
294 3049 343 3100 clr.
362 3051 574 3102 llneeimuchum
595 3053 623 3102 in
658 3049 775 3115 puletiva
792 3048 921 3114 particula
939 3063 1000 3112 qia,
1028 3063 1109 3114 quem
1130 3049 1188 3101 die·

111 3119 216 3172 lteiuekii
227 3125 269 3174 Fr.
283 3124 415 3174 Comlil.
428 3137 456 3189 p.
469 3126 534 3177 tce:
552 3121 623 3188 τούς
660 3126 775 3175 iunctiva
791 3136 829 3175 ce.
865 3126 935 3176 Furtl
959 3127 1049 3175 auwm
1067 3125 1094 3175 et
1114 3125 1187 3189 rapi-

24 3210 25 3243 ι
110 3192 155 3255 μὲν
176 3195 257 3261 ἰχθῦς
281 3214 337 3263 μοι
360 3195 444 3250 κάλει
462 3193 621 3260 Ἰχθόδιον·
659 3212 710 3250 nae
727 3211 824 3249 avarus
840 3200 923 3250 iratus
936 3193 1187 3269 (eanemrl'llrrep-

110 3260 216 3350 1ὄψι)νιι’
232 3267 271 3324 ἄν
295 3271 382 3345 λέγῃς
403 3266 514 3345 ἕτερον,
541 3272 623 3326 κάλει
659 3270 763 3338 βολὴν)
776 3273 975 3324 insimuletnou
989 3273 1117 3334 heredes,
1136 3273 1186 3324 sed

114 3341 240 3415 θψάριον.
277 3349 355 3398 idem
371 3351 446 3400 iocus
459 3350 623 3415 hicquoque
660 3351 855 3408 mercatorem,
889 3349 934 3411 qui
967 3361 1077 3410 oryzam
1105 3348 1187 3398 nimio

112 3415 207 3470 obtinet.
240 3421 369 3472 Consulto
386 3423 458 3473 enim
474 3424 557 3474 utitur
573 3424 624 3475 de-
659 3422 772 3488 rendat,
791 3421 980 3482 etmedicum,
993 3421 1039 3483 qui
1056 3423 1112 3470 tarn
1124 3433 1186 3470 cara

112 3492 415 3558 nuutivopteauetea,
428 3511 463 3548 ne
474 3498 552 3549 nimis
562 3511 625 3562 per-
660 3497 857 3548 medicementa
873 3493 1047 3559 praescribat.

112 3565 246 3619 enatant
281 3583 394 3622 avarum
427 3573 620 3635 aegrotantem.
692 3570 814 3622 tte-tea.
848 3571 969 3632 oceano
993 3567 1056 3632 cet]
1081 3567 1187 3620 ltlnutis

112 3637 184 3702 Orym
198 3645 290 3694 numm
307 3647 371 3694 tnnc
387 3644 508 3697 nondum
525 3649 553 3698 in
569 3648 622 3697 lta-
660 3643 709 3696 illie
743 3645 892 3695 Stoicorum
930 3640 1187 3706 interrogatiunculis

112 3707 139 3759 lin
152 3714 297 3779 celebatur,
316 3718 365 3768 sed
383 3721 548 3785 eergypto
564 3719 623 3784 ple·
660 3731 753 3771 rureue
780 3719 863 3768 ulitur
887 3719 1034 3769 Stertinius.
1073 3718 1187 3768 Ratioci-

111 3796 210 3851 mmqne
226 3791 262 3841 ad
278 3805 344 3843 uene
365 3793 486 3845 medicos
502 3795 624 3845 advehe-
660 3795 731 3844 natr'o
749 3793 817 3843 haec
834 3795 888 3844 eet:
919 3795 1039 3854 «Omnis,
1066 3794 1111 3857 qui
1134 3805 1187 3842 non

112 3855 186 3912 batur,
218 3865 624 3920 lutereaalimenteeuumera·
652 3863 703 3921 'eet
718 3867 828 3930 stultus,
851 3881 941 3920 senua.
976 3871 1079 3920 Avarius
1096 3871 1187 3919 autem

113 3937 295 4003 uracetsoe,
312 3943 365 4004 ist,
384 3958 455 4007 quae
471 3944 622 3996 bouieucci
659 3957 713 3994 non
736 3941 833 3994 stultus
859 3943 959 4005 solum,
985 3957 1081 3994 verum
1106 3943 1187 3993 etlam

111 4014 171 4062 mi.
190 4042 216 4051 -
235 4018 329 4079 Qrmtt
345 4025 443 4080 captae
460 4021 522 4084 cet]
541 4021 623 4070 Recte
660 4019 778 4070 insanus.
813 4019 869 4068 Nec
886 4018 976 4068 tamen
993 4029 1025 4068 ex
1044 4029 1091 4078 eo,
1114 4015 1187 4080 quod

113 4092 196 4147 epm
211 4091 245 4139 ad
263 4105 373 4154 oryzam
396 4094 526 4155 retertur,
553 4107 623 4158 qnae
659 4094 720 4157 quie
738 4106 791 4144 nou
809 4093 969 4153 attereres,
989 4093 1114 4142 continuo
1129 4089 1187 4141 col-

113 4163 213 4214 emenda
235 4169 292 4218 erat
307 4181 324 4217 a
342 4166 465 4232 propola,
492 4181 546 4219 nou
569 4182 624 4220 em-
660 4167 704 4231 ligi
721 4168 811 4233 poteet
827 4180 890 4218 eum
908 4179 1004 4218 eanum
1021 4170 1102 4230 atque
1117 4166 1187 4215 lnte-

24 4278 25 4311 3
111 4238 184 4299 lim,
199 4240 573 4308 utvolebalcuuinghamiue,
587 4243 622 4296 ad
659 4255 723 4308 gree
741 4244 838 4296 mentis
856 4255 925 4295 esse.
960 4240 1188 4294 nliieenimvitiis
