2925 4892
269 327 331 394 576
628 329 757 379 nonnuli
774 329 995 382 Erisuoulnull

311 487 427 564 bilem,
452 504 551 571 saepo
573 485 680 551 iocum
702 485 801 550 vestri
822 504 956 550 movere
978 483 1148 550 tumultus!
1318 488 1361 550 20

311 607 427 676 Libero
450 625 668 693 pervacuum
690 605 785 693 posui
807 604 942 691 vestigio
964 605 1132 692 princeps,

311 729 380 796 Non
402 726 506 794 aliena
529 746 603 794 meo
625 726 728 812 pressi
751 723 847 811 pede.
892 725 955 803 Qui
977 724 1040 790 sibi
1062 723 1147 799 fidit,

311 849 382 914 Dux
404 848 487 934 regit
508 867 652 913 examen.
696 846 808 913 Parios
830 865 893 932 ego
915 847 1038 933 primus
1061 846 1187 914 iambos

333 1009 374 1059 22.
392 1009 450 1072 fidel
467 1006 514 1067 cd,
533 1007 593 1058 bct.
622 1006 748 1068 (lituos,
765 1005 846 1067 bSli.)
866 1031 894 1042 -
913 1006 956 1067 put
977 1005 1024 1056 4444·
1043 1007 1103 1069 fidet
1119 1006 1187 1070 (fidit
1203 1007 1233 1070 F)
1253 1009 1326 1069 44444,

300 1088 370 1147 repsi
387 1082 459 1146 (repit
475 1081 502 1143 Fi
520 1080 684 1142 distinguunt
704 1079 784 1128 icti.
805 1103 833 1114 -
852 1079 893 1128 23.
911 1085 981 1144 repet
996 1078 1080 1141 bscd,
1100 1081 1182 1131 icto.
1203 1081 1326 1142 (lituos,

302 1157 322 1206 E
340 1159 366 1206 et
382 1157 438 1206 tres
456 1153 594 1204 dumtaxat
610 1150 746 1214 Pottierii.)

270 1289 356 1344 entur,
366 1283 415 1335 sed
424 1283 603 1347 agnoscentur
609 1293 659 1345 pro
668 1281 791 1330 4444444·
830 1281 954 1346 exempla
971 1284 1047 1333 auxio
1064 1284 1183 1334 imitatus
1196 1296 1287 1334 sum.»
1312 1287 1363 1334 bn-

270 1362 391 1410 44444444.
407 1385 433 1394 -
452 1355 641 1420 scopo-eoepe]
660 1355 731 1405 44444
747 1367 793 1404 re-
831 1357 896 1406 cret.
910 1355 935 1417 3,
948 1356 976 1406 3:
994 1358 1069 1419 inque
1085 1359 1135 1407 tuis
1151 1359 1277 1422 (Epicuri)
1292 1374 1364 1409 444444

268 1435 374 1499 petitio,
393 1445 462 1496 quoe
480 1430 576 1482 eadem
593 1434 635 1482 est
651 1432 732 1482 etiem
743 1427 791 1480 od.
830 1431 901 1480 Ficta
912 1432 1029 1494 (entique
1042 1444 1092 1495 pro
1103 1432 1182 1496 Five)
1188 1433 1285 1494 pedon
1292 1448 1364 1495 pono

270 1510 294 1569 4,
313 1510 337 1570 8,
356 1509 396 1558 44.
418 1510 446 1558 et
465 1508 505 1556 44.
535 1507 792 1568 5444494444.
828 1505 1142 1570 prmirvertipioeipnis.
1173 1505 1362 1556 similiterdi·

270 1585 336 1648 Epp.
351 1583 374 1642 4,
389 1583 428 1642 44,
439 1583 491 1642 4444,
504 1581 573 1632 edeo
585 1578 719 1644 displicuit
729 1579 794 1629 4444-
831 1577 929 1629 oebent
938 1580 1185 1643 eniopereoestipio
1204 1581 1283 1631 ovid.
1296 1582 1359 1631 liet

269 1657 338 1721 ptori
356 1655 460 1706 Codicis
478 1653 542 1706 Coll.
560 1655 644 1714 4444,
665 1656 695 1703 44
711 1655 794 1704 inteo-
832 1653 857 1711 4,
869 1651 928 1702 4436.
944 1677 971 1688 -
985 1653 1035 1714 (iel
1049 1652 1169 1717 eidifldit]
1188 1665 1236 1703 444
1248 1657 1362 1719 propte-

269 1729 386 1794 poleret:
404 1735 432 1778 44
442 1729 503 1778 mibi
514 1729 595 1790 bilem,
610 1729 640 1778 444
649 1729 710 1778 mbr·
721 1740 795 1790 coepe
831 1737 878 1775 444
889 1737 958 1775 nova
969 1727 1066 1786 444444,
1085 1727 1115 1777 lit
1129 1726 1182 1776 dux
1193 1730 1361 1786 ceterorum.

269 1806 351 1854 4444444
368 1806 431 1863 cet,
459 1802 485 1854 id
507 1802 579 1867 quod
596 1805 736 1867 receptum
753 1802 795 1852 est
831 1812 947 1862 quorum
964 1801 1099 1863 ingenium
1111 1802 1363 1864 minuseptumest

269 1891 285 1928 e
303 1878 496 1941 Coningbemio
514 1879 541 1928 el
554 1876 702 1928 senodono.
718 1903 746 1912 —
759 1877 796 1924 io·
831 1873 867 1924 ed
887 1887 956 1924 nove
979 1886 1078 1937 genere
1099 1875 1261 1926 inveniende
1278 1878 1362 1939 etque

269 1951 464 2015 omn-movere]
490 1952 543 2000 Set.
562 1952 590 2010 4,
609 1952 639 2011 5,
657 1949 701 2000 98;
729 1949 796 1999 dedit
832 1946 1048 1998 excolende·-
1068 1949 1207 2013 44444444
1226 1951 1363 2000 nimitetus

269 2029 382 2089 44444444
398 2027 512 2086 44444444
530 2025 648 2087 (4444444).
663 2051 690 2060 -
704 2025 795 2074 44444444-
832 2035 925 2086 regem
934 2023 1050 2087 epium·
1062 2025 1185 2073 Poenum.
1203 2049 1228 2060 -
1240 2024 1362 2087 44444444]

269 2100 316 2165 tue]
336 2098 457 2148 «violenti
469 2111 501 2148 44
513 2097 626 2158 turbidi,
643 2098 692 2148 sed
703 2099 795 2148 lemen
832 2099 875 2148 Sic
892 2097 1015 2148 Cuntinus
1031 2097 1153 2148 14444444
1169 2110 1196 2160 p.
1216 2099 1262 2146 ro:
1290 2091 1362 2147 Οίον

268 2174 435 2241 praeposteri
457 2176 485 2222 et
505 2185 613 2236 semper
629 2174 731 2232 444444,
750 2184 796 2222 co·
833 2166 983 2232 σοφιστῶν
1001 2170 1157 2234 (poetarum)
1170 2169 1287 2236 σμῆνος
1298 2167 1363 2222 eive·

270 2251 348 2301 natus
366 2261 410 2297 me
423 2245 554 2306 imitandi,
573 2257 640 2308 quos
652 2258 714 2296 cum
726 2245 795 2295 inter
831 2243 994 2308 4444444444

269 2335 318 2374 vos
335 2333 432 2384 magno
450 2333 513 2370 cum
530 2321 641 2383 strepitu
658 2317 795 2369 collauda·
865 2321 955 2370 43-44.
972 2321 1219 2385 Portoenostoide]
1237 2323 1362 2374 «Primus

270 2398 316 2457 tls,
335 2393 413 2447 simul
431 2407 475 2444 me
486 2393 639 2458 deprimere
654 2391 792 2454 molimini,
832 2393 985 2459 exemplum
1010 2393 1137 2458 praebui,
1160 2395 1300 2458 quomodo
1318 2400 1362 2447 44-

269 2471 321 2522 hoc
333 2470 463 2534 imprimis
475 2467 622 2519 identidem
630 2469 793 2532 repetentes,
832 2470 889 2518 tum
906 2467 1056 2519 Archilochi
1072 2469 1140 2519 Perii
1157 2481 1242 2531 genus
1259 2470 1296 2520 nd
1314 2473 1363 2520 444-

270 2559 314 2598 444
332 2556 439 2608 quoque
452 2547 567 2593 Graecos
579 2543 710 2592 imitatum
722 2554 792 2602 4444,
832 2542 916 2592 tinem
937 2543 1031 2606 poesin
1057 2543 1273 2594 treusiereudum
1297 2546 1359 2595 eit..

270 2619 341 2671 idem
358 2631 407 2669 vos
427 2618 528 2676 iecere,
557 2616 691 2668 interdum
713 2616 793 2666 etiem
832 2615 965 2678 significet
984 2617 1099 2666 merime
1117 2616 1232 2682 Epodos.
1269 2619 1361 2669 044444-

270 2693 380 2745 meliore
398 2705 460 2742 cum
477 2703 631 2760 4444444444
831 2691 890 2740 dere
906 2693 1011 2753 eutem,
1030 2693 1060 2740 ut
1072 2687 1275 2742 ἀναδεικνύναι
1285 2694 1360 2758 opud

301 2767 391 2818 44-43.
416 2766 507 2816 Libero
524 2764 586 2829 cet]
605 2767 661 2815 lem
679 2764 795 2815 demon·
832 2765 1114 2826 llermesiunoctemi,
1125 2767 1166 2818 44.
1179 2767 1357 2820 Schneider:

270 2843 349 2900 44444,
363 2852 414 2902 que
427 2841 468 2889 444
481 2853 513 2890 44
523 2841 625 2889 ratione
638 2851 703 2888 4444
714 2839 796 2888 Gree—
831 2838 957 2902 Αέσβιος
971 2835 1098 2902 Ἀλκαῖος
1114 2838 1146 2890 δὲ
1163 2838 1277 2904 νόσους
1291 2837 1360 2893 ἀνε-

270 2927 317 2966 cos
328 2914 362 2962 slt
373 2913 497 2974 imitatus,
511 2911 591 2963 modo
603 2911 706 2962 scilicet
716 2911 793 2974 louge
831 2910 945 2977 δείξατο
967 2910 1098 2979 κώμους,
1123 2913 1267 2978 Σαπφοῦς
1282 2931 1360 2987 φορ-

270 2988 376 3038 dlverso
394 2985 428 3035 eb
446 2999 491 3046 eo,
511 2999 592 3048 quem
611 2985 795 3049 sequebantur
830 2990 920 3052 μέζων
943 2985 1095 3058 ἱμερόεντα
1111 2986 1223 3049 πόθον,
1249 2989 1359 3056 scruni-

270 3060 351 3121 iniqui
368 3057 404 3108 illi
421 3056 527 3108 aemuli.
560 3060 587 3108 lu
609 3059 684 3121 poesi
701 3060 794 3109 Latino
831 3077 927 3123 σκεις·
949 3075 983 3111 ex
998 3064 1112 3113 venuste
1129 3063 1164 3113 de
1181 3066 1357 3116 Anacreontis

270 3133 350 3183 libero
364 3133 469 3194 oestipio
488 3132 560 3194 ponit
584 3131 625 3194 (ci.
644 3133 698 3182 Set.
720 3133 745 3193 4,
767 3133 793 3193 6,
832 3141 860 3188 44
875 3135 997 3200 sepphue
1014 3136 1152 3188 umoribus
1168 3137 1267 3189 renue.
1289 3140 1358 3191 44444

271 3207 315 3258 4444
331 3207 382 3269 sq.)
397 3218 445 3269 per
459 3217 568 3256 4444444
585 3207 633 3269 (pr.
649 3218 698 3266 per
717 3219 795 3255 vaco·
832 3209 971 3275 explicavit
988 3223 1139 3261 nonnemo:
1159 3215 1275 3263 «444444
1291 3218 1359 3264 tem·

271 3293 314 3331 om
330 3281 386 3332 eive
401 3285 533 3330 4444444444
544 3278 652 3328 domino
663 3280 796 3340 444444444-
831 3297 912 3348 quom
929 3285 1071 3346 musteum
1081 3302 1094 3329 ι
1112 3285 1207 3346 immo,
1227 3291 1278 3338 «ut
1293 3289 1359 3337 orti-

269 3368 337 3418 ecm,
361 3353 589 3418 quemedmodum
611 3352 702 3403 dicunt
724 3354 792 3412 1Cti;
830 3358 896 3408 dces
914 3359 977 3406 tunc
993 3356 1104 3408 demum
1121 3371 1188 3408 4444
1205 3373 1256 3410 sun
1273 3374 1358 3426 opere

270 3430 303 3482 ci.
317 3431 409 3480 Guium
421 3431 446 3490 4,
459 3430 499 3478 dl.
518 3427 543 3489 4,
555 3427 622 3490 434.)
635 3428 672 3487 44,
686 3429 731 3492 qui
742 3429 795 3493 pri-
830 3431 887 3481 eliis
904 3430 1048 3505 ostendere
1065 3431 1163 3494 444444,
1182 3445 1245 3484 oum
1256 3435 1359 3487 iamed

270 3517 330 3556 mus
347 3505 374 3554 in
391 3515 460 3554 novo
477 3503 568 3565 poesie
588 3514 686 3564 genere
704 3501 795 3552 elebo-
830 3518 947 3568 unguem
959 3507 1085 3569 castigate
1096 3509 1125 3556 ot
1134 3507 1255 3570 perlecto
1267 3511 1357 3560 suot.-

270 3578 448 3640 totidemque
459 3576 495 3625 ito
507 3573 620 3640 perlicit,
632 3575 793 3627 utHorotiue
832 3605 861 3617 -
878 3592 996 3630 4444444444
1017 3581 1175 3644 asinosque]
1203 3585 1312 3633 «metro
1332 3585 1357 3633 et
1441 3626 1442 3633 ,

268 3654 327 3716 ipse
343 3662 428 3712 genus
445 3649 566 3711 lyricum.
595 3650 737 3714 specimen
748 3663 794 3700 eu·
831 3653 965 3704 4444444444
987 3653 1171 3716 impetumque
1192 3657 1357 3718 poeticum.-

253 3725 324 3782 ‚tem
341 3723 414 3786 quod
431 3723 457 3771 44
469 3724 561 3786 peucis
573 3723 736 3774 carminibus
747 3724 794 3774 de·
830 3729 888 3778 lloc
905 3727 977 3776 enim
994 3726 1124 3789 significet
1141 3740 1166 3776 v.
1178 3729 1274 3790 4444444,
1294 3743 1355 3788 444,

270 3795 347 3846 deret
363 3793 479 3846 Celullus
504 3809 553 3859 pro
570 3794 669 3847 leviore
687 3798 794 3860 experi-
830 3804 860 3851 ut
882 3800 996 3860 44444444,
1022 3801 1152 3861 nuncet,
1178 3801 1222 3852 olii
1238 3805 1355 3861 vertunt,
1440 3810 1441 3839 4

270 3874 359 3922 mento
385 3869 511 3922 habuisse
535 3871 641 3922 videtur
657 3873 792 3933 Horatius,
830 3875 911 3936 Geloi,
923 3876 1014 3937 espn't3
1032 3876 1132 3941 rectius
1144 3877 1240 3940 Goupy
1250 3877 1276 3926 ie
1284 3891 1358 3927 44444-

270 3943 336 3996 illius
357 3945 430 3995 buud
452 3946 550 3996 nimius
567 3945 720 3996 admirator,
751 3946 791 3996 Cl.
828 3952 939 4009 4444444,
966 3945 1115 3998 Pellevicini
1134 3949 1307 4002 l'ordimento.
1328 3977 1354 3986 -
1439 3990 1440 4015 ,

270 4020 323 4068 Set.
338 4020 366 4080 4,
385 4020 426 4080 444,
444 4020 484 4068 49.
503 4016 607 4069 Similes
623 4022 713 4070 autem
731 4022 794 4070 sunt
828 4020 975 4086 drobiioolii]
987 4021 1176 4073 Archilochum
1184 4025 1296 4076 Parium
1307 4028 1358 4087 Gy·
1439 4018 1440 4043 ¹

270 4091 320 4144 loci
337 4095 441 4143 Lucrel.
456 4093 479 4153 4,
493 4094 541 4143 945
552 4105 611 4156 sqq.
631 4095 749 4158 Propert.
765 4093 790 4154 4,
829 4095 869 4158 gis
886 4096 941 4159 (qui
958 4097 1165 4158 mgnovitonnis
1175 4109 1200 4146 44.
1214 4099 1280 4148 (4444.
1293 4101 1359 4150 446·

270 4167 374 4230 eosq.
391 4195 417 4202 -
433 4167 514 4228 presi
527 4167 598 4230 pede]
618 4168 689 4216 «Non
707 4166 791 4217 olieoe
829 4169 897 4231 6444.)
914 4168 1055 4232 aequalem
1067 4169 1148 4221 luisse
1159 4170 1225 4222 dicit
1236 4173 1358 4222 Herodo-
1438 4186 1439 4205 ¹
