<?xml version="1.0" encoding="UTF-8"?>
<!DOCTYPE html PUBLIC "-//W3C//DTD XHTML 1.0 Transitional//EN"
    "http://www.w3.org/TR/xhtml1/DTD/xhtml1-transitional.dtd">
<html xmlns="http://www.w3.org/1999/xhtml" xml:lang="en" lang="en">
 <head>
  <title>
</title>
<meta http-equiv="Content-Type" content="text/html;charset=utf-8" />
  <meta name='ocr-system' content='tesseract 3.04.00' />
  <meta name='ocr-capabilities' content='ocr_page ocr_carea ocr_par ocr_line ocrx_word'/>
</head>
<body>
  <div class='ocr_page' id='page_1' title='image "./qhoratiusflaccu03baitgoog/qhoratiusflaccu03baitgoog_0575.png"; bbox 0 0 2925 4892; ppageno 0'>
   <div class='ocr_carea' id='block_1_1' title="bbox 456 309 816 396">
    <p class='ocr_par' dir='ltr' id='par_1_1' title="bbox 456 309 816 396">
     <span class='ocr_line' id='line_1_1' title="bbox 456 309 816 396; baseline 0 -2"><span class='ocrx_word' id='word_1_1' title='bbox 456 309 462 320; x_wconf 75' lang='grc'><strong>’</strong></span> <span class='ocrx_word' id='word_1_2' title='bbox 497 344 558 395; x_wconf 80' lang='lat' dir='ltr'><strong>nin.</strong></span> <span class='ocrx_word' id='word_1_3' title='bbox 576 345 596 394; x_wconf 89' lang='lat'><strong>1.</strong></span> <span class='ocrx_word' id='word_1_4' title='bbox 632 343 731 394; x_wconf 78' lang='lat' dir='ltr'><strong>error.</strong></span> <span class='ocrx_word' id='word_1_5' title='bbox 750 345 816 396; x_wconf 81' lang='lat' dir='ltr'><strong>nx.</strong></span> 
     </span>
    </p>
   </div>
   <div class='ocr_carea' id='block_1_2' title="bbox 153 497 1049 932">
    <p class='ocr_par' dir='ltr' id='par_1_2' title="bbox 153 497 1049 932">
     <span class='ocr_line' id='line_1_2' title="bbox 154 497 989 587; baseline -0.006 -18"><span class='ocrx_word' id='word_1_6' title='bbox 154 500 307 569; x_wconf 85' lang='lat' dir='ltr'>Formido</span> <span class='ocrx_word' id='word_1_7' title='bbox 330 510 376 576; x_wconf 81' lang='lat' dir='ltr'><strong>et,</strong></span> <span class='ocrx_word' id='word_1_8' title='bbox 400 497 549 566; x_wconf 84' lang='lat' dir='ltr'><strong>luctantis</strong></span> <span class='ocrx_word' id='word_1_9' title='bbox 572 508 667 567; x_wconf 84' lang='lat' dir='ltr'><strong>anuto</strong></span> <span class='ocrx_word' id='word_1_10' title='bbox 690 519 731 566; x_wconf 88' lang='lat' dir='ltr'><strong>ne</strong></span> <span class='ocrx_word' id='word_1_11' title='bbox 754 519 849 567; x_wconf 81' lang='lat' dir='ltr'><strong>secer</strong></span> <span class='ocrx_word' id='word_1_12' title='bbox 871 502 989 587; x_wconf 82' lang='lat' dir='ltr'><strong>ungui,</strong></span> 
     </span>
     <span class='ocr_line' id='line_1_3' title="bbox 153 619 997 710; baseline -0.007 -20"><span class='ocrx_word' id='word_1_13' title='bbox 153 622 312 710; x_wconf 80' lang='lat' dir='ltr'>Displicet</span> <span class='ocrx_word' id='word_1_14' title='bbox 332 621 392 688; x_wconf 84' lang='lat' dir='ltr'><strong>iste</strong></span> <span class='ocrx_word' id='word_1_15' title='bbox 414 619 522 698; x_wconf 88' lang='lat' dir='ltr'><strong>loeus,</strong></span> <span class='ocrx_word' id='word_1_16' title='bbox 546 619 664 696; x_wconf 86' lang='lat' dir='ltr'><strong>clamo,</strong></span> <span class='ocrx_word' id='word_1_17' title='bbox 689 629 721 686; x_wconf 88' lang='lat' dir='ltr'><strong>et</strong></span> <span class='ocrx_word' id='word_1_18' title='bbox 743 619 865 686; x_wconf 85' lang='lat' dir='ltr'>diludia</span> <span class='ocrx_word' id='word_1_19' title='bbox 887 641 997 707; x_wconf 85' lang='lat' dir='ltr'><strong>posco.</strong></span> 
     </span>
     <span class='ocr_line' id='line_1_4' title="bbox 154 740 1049 828; baseline -0.002 -18"><span class='ocrx_word' id='word_1_20' title='bbox 154 742 267 810; x_wconf 85' lang='lat' dir='ltr'><strong>Ludus</strong></span> <span class='ocrx_word' id='word_1_21' title='bbox 290 743 376 810; x_wconf 87' lang='lat' dir='ltr'><strong>enim</strong></span> <span class='ocrx_word' id='word_1_22' title='bbox 398 743 509 828; x_wconf 81' lang='lat' dir='ltr'><strong>genuit</strong></span> <span class='ocrx_word' id='word_1_23' title='bbox 530 740 692 828; x_wconf 88' lang='lat' dir='ltr'><strong>trepidum</strong></span> <span class='ocrx_word' id='word_1_24' title='bbox 713 751 877 807; x_wconf 87' lang='lat' dir='ltr'><strong>certamen</strong></span> <span class='ocrx_word' id='word_1_25' title='bbox 900 742 1049 818; x_wconf 83' lang='lat' dir='ltr'><strong>stiram,</strong></span> 
     </span>
     <span class='ocr_line' id='line_1_5' title="bbox 154 861 903 932; baseline -0.003 -2"><span class='ocrx_word' id='word_1_26' title='bbox 154 867 206 932; x_wconf 91' lang='lat' dir='ltr'><strong>lra</strong></span> <span class='ocrx_word' id='word_1_27' title='bbox 228 874 336 930; x_wconf 86' lang='lat' dir='ltr'><strong>truees</strong></span> <span class='ocrx_word' id='word_1_28' title='bbox 358 861 539 928; x_wconf 86' lang='lat' dir='ltr'><strong>inimicitias</strong></span> <span class='ocrx_word' id='word_1_29' title='bbox 561 871 593 928; x_wconf 91' lang='lat' dir='ltr'><strong>et</strong></span> <span class='ocrx_word' id='word_1_30' title='bbox 615 861 751 928; x_wconf 78' lang='lat' dir='ltr'>funebre</span> <span class='ocrx_word' id='word_1_31' title='bbox 773 861 903 929; x_wconf 89' lang='lat' dir='ltr'><strong>bellum.</strong></span> 
     </span>
    </p>
   </div>
   <div class='ocr_carea' id='block_1_3' title="bbox 144 1058 1171 1203">
    <p class='ocr_par' dir='ltr' id='par_1_3' title="bbox 144 1058 1171 1203">
     <span class='ocr_line' id='line_1_6' title="bbox 177 1058 1171 1188; baseline -0.005 -73"><span class='ocrx_word' id='word_1_32' title='bbox 177 1063 220 1115; x_wconf 82' lang='lat' dir='ltr'><strong>te.</strong></span> <span class='ocrx_word' id='word_1_33' title='bbox 231 1075 323 1188; x_wconf 49' lang='lat' dir='ltr'><strong>¹:sirpus</strong></span> <span class='ocrx_word' id='word_1_34' title='bbox 338 1061 365 1112; x_wconf 87' lang='lat' dir='ltr'><strong>d.</strong></span> <span class='ocrx_word' id='word_1_35' title='bbox 394 1087 422 1097; x_wconf 93' lang='lat'>-</span> <span class='ocrx_word' id='word_1_36' title='bbox 448 1058 490 1109; x_wconf 80' lang='lat' dir='ltr'><strong>tl.</strong></span> <span class='ocrx_word' id='word_1_37' title='bbox 512 1058 573 1122; x_wconf 80' lang='lat' dir='ltr'><strong>ists]</strong></span> <span class='ocrx_word' id='word_1_38' title='bbox 597 1058 639 1110; x_wconf 79' lang='lat' dir='ltr'><strong>tta</strong></span> <span class='ocrx_word' id='word_1_39' title='bbox 656 1059 740 1112; x_wconf 83' lang='lat' dir='ltr'>codd.</span> <span class='ocrx_word' id='word_1_40' title='bbox 760 1058 823 1122; x_wconf 83' lang='lat' dir='ltr'><strong>aliq.</strong></span> <span class='ocrx_word' id='word_1_41' title='bbox 843 1085 872 1096; x_wconf 96' lang='lat'>-</span> <span class='ocrx_word' id='word_1_42' title='bbox 890 1060 959 1109; x_wconf 74' lang='lat' dir='ltr'><strong>tosto</strong></span> <span class='ocrx_word' id='word_1_43' title='bbox 975 1058 1126 1111; x_wconf 79' lang='lat' dir='ltr'><strong>Pmodieorr</strong></span> <span class='ocrx_word' id='word_1_44' title='bbox 1143 1063 1171 1110; x_wconf 83' lang='lat' dir='ltr'><strong>et</strong></span> 
     </span>
     <span class='ocr_line' id='line_1_7' title="bbox 144 1142 291 1203; baseline -0.027 -13"><span class='ocrx_word' id='word_1_45' title='bbox 144 1142 231 1203; x_wconf 79' lang='lat' dir='ltr'><strong>Gerga</strong></span> <span class='ocrx_word' id='word_1_46' title='bbox 250 1150 291 1188; x_wconf 84' lang='lat' dir='ltr'><strong>ne.</strong></span> 
     </span>
    </p>
   </div>
   <div class='ocr_carea' id='block_1_4' title="bbox 106 1298 1257 3805">
    <p class='ocr_par' dir='ltr' id='par_1_4' title="bbox 106 1298 1257 3805">
     <span class='ocr_line' id='line_1_8' title="bbox 109 1298 1202 1378; baseline -0.004 -24"><span class='ocrx_word' id='word_1_47' title='bbox 109 1303 270 1378; x_wconf 55' lang='grc' dir='ltr'><strong>πρότερος</strong></span> <span class='ocrx_word' id='word_1_48' title='bbox 292 1299 385 1368; x_wconf 80' lang='grc' dir='ltr'><strong><em>ὂμφά.</em></strong></span> <span class='ocrx_word' id='word_1_49' title='bbox 409 1329 436 1338; x_wconf 89' lang='lat'><em>-</em></span> <span class='ocrx_word' id='word_1_50' title='bbox 460 1300 505 1352; x_wconf 86' lang='lat' dir='ltr'><strong>tibi</strong></span> <span class='ocrx_word' id='word_1_51' title='bbox 525 1301 637 1364; x_wconf 77' lang='lat' dir='ltr'><strong>putabar]</strong></span> <span class='ocrx_word' id='word_1_52' title='bbox 675 1298 728 1350; x_wconf 86' lang='lat' dir='ltr'><strong>hae</strong></span> <span class='ocrx_word' id='word_1_53' title='bbox 749 1311 816 1350; x_wconf 86' lang='lat' dir='ltr'><strong>usus</strong></span> <span class='ocrx_word' id='word_1_54' title='bbox 838 1298 920 1351; x_wconf 83' lang='lat' dir='ltr'><strong>veluti</strong></span> <span class='ocrx_word' id='word_1_55' title='bbox 937 1301 1108 1351; x_wconf 79' lang='lat' dir='ltr'><strong>exursatlone</strong></span> <span class='ocrx_word' id='word_1_56' title='bbox 1125 1301 1202 1365; x_wconf 83' lang='lat' dir='ltr'><strong>quasi</strong></span> 
     </span>
     <span class='ocr_line' id='line_1_9' title="bbox 109 1372 1202 1439; baseline -0.004 -11"><span class='ocrx_word' id='word_1_57' title='bbox 109 1379 229 1432; x_wconf 74' lang='lat' dir='ltr'><strong>«Indicio</strong></span> <span class='ocrx_word' id='word_1_58' title='bbox 254 1380 300 1428; x_wconf 86' lang='lat' dir='ltr'><strong>tuo</strong></span> <span class='ocrx_word' id='word_1_59' title='bbox 326 1379 466 1428; x_wconf 84' lang='lat' dir='ltr'><strong>contentus</strong></span> <span class='ocrx_word' id='word_1_60' title='bbox 494 1377 522 1426; x_wconf 86' lang='lat' dir='ltr'><strong>ts</strong></span> <span class='ocrx_word' id='word_1_61' title='bbox 549 1376 636 1439; x_wconf 87' lang='lat' dir='ltr'><strong>ipsum</strong></span> <span class='ocrx_word' id='word_1_62' title='bbox 675 1372 793 1438; x_wconf 80' lang='lat' dir='ltr'><strong>aliquam</strong></span> <span class='ocrx_word' id='word_1_63' title='bbox 805 1376 908 1426; x_wconf 86' lang='lat' dir='ltr'><strong>tantum</strong></span> <span class='ocrx_word' id='word_1_64' title='bbox 919 1375 1202 1439; x_wconf 86' lang='lat' dir='ltr'><strong>intermissionempe-</strong></span> 
     </span>
     <span class='ocr_line' id='line_1_10' title="bbox 109 1445 1203 1508; baseline -0.007 -1"><span class='ocrx_word' id='word_1_65' title='bbox 109 1455 232 1506; x_wconf 82' lang='lat' dir='ltr'><strong>laudas.»</strong></span> <span class='ocrx_word' id='word_1_66' title='bbox 250 1454 373 1503; x_wconf 77' lang='lat' dir='ltr'><strong>Ponam.</strong></span> <span class='ocrx_word' id='word_1_67' title='bbox 675 1448 758 1508; x_wconf 85' lang='lat' dir='ltr'><strong>teret,</strong></span> <span class='ocrx_word' id='word_1_68' title='bbox 774 1445 964 1498; x_wconf 77' lang='lat' dir='ltr'><strong>molestissimo</strong></span> <span class='ocrx_word' id='word_1_69' title='bbox 975 1446 1011 1498; x_wconf 91' lang='lat' dir='ltr'><strong>illi</strong></span> <span class='ocrx_word' id='word_1_70' title='bbox 1023 1447 1154 1498; x_wconf 83' lang='lat' dir='ltr'><strong>recitandi</strong></span> <span class='ocrx_word' id='word_1_71' title='bbox 1164 1447 1203 1499; x_wconf 92' lang='lat' dir='ltr'><strong>ol-</strong></span> 
     </span>
     <span class='ocr_line' id='line_1_11' title="bbox 674 1521 1199 1585; baseline 0.004 -15"><span class='ocrx_word' id='word_1_72' title='bbox 674 1521 736 1572; x_wconf 85' lang='lat' dir='ltr'><strong>linio</strong></span> <span class='ocrx_word' id='word_1_73' title='bbox 753 1523 861 1572; x_wconf 84' lang='lat' dir='ltr'><strong>sesain</strong></span> <span class='ocrx_word' id='word_1_74' title='bbox 877 1524 1038 1585; x_wconf 85' lang='lat' dir='ltr'><strong>perpetuam</strong></span> <span class='ocrx_word' id='word_1_75' title='bbox 1058 1522 1199 1573; x_wconf 73' lang='lat' dir='ltr'><strong>subtrahit.</strong></span> 
     </span>
     <span class='ocr_line' id='line_1_12' title="bbox 140 1591 1199 1658; baseline -0.001 -13"><span class='ocrx_word' id='word_1_76' title='bbox 140 1594 234 1646; x_wconf 70' lang='lat' dir='ltr'><strong>tls-tt.</strong></span> <span class='ocrx_word' id='word_1_77' title='bbox 259 1593 364 1644; x_wconf 67' lang='lat' dir='ltr'><strong>meaa</strong></span> <span class='ocrx_word' id='word_1_78' title='bbox 379 1591 426 1656; x_wconf 75' lang='lat' dir='ltr'><strong>uta]</strong></span> <span class='ocrx_word' id='word_1_79' title='bbox 444 1591 550 1643; x_wconf 67' lang='lat' dir='ltr'><strong>«sanus</strong></span> <span class='ocrx_word' id='word_1_80' title='bbox 566 1591 637 1641; x_wconf 88' lang='lat' dir='ltr'><strong>vitu-</strong></span> <span class='ocrx_word' id='word_1_81' title='bbox 674 1594 1140 1658; x_wconf 71' lang='lat' dir='ltr'><strong>Getemmdereoitationibusdigna</strong></span> <span class='ocrx_word' id='word_1_82' title='bbox 1149 1596 1199 1657; x_wconf 88' lang='lat' dir='ltr'><strong>est,</strong></span> 
     </span>
     <span class='ocr_line' id='line_1_13' title="bbox 108 1664 1202 1735; baseline -0.001 -15"><span class='ocrx_word' id='word_1_83' title='bbox 108 1669 263 1735; x_wconf 83' lang='lat' dir='ltr'><strong>perantium</strong></span> <span class='ocrx_word' id='word_1_84' title='bbox 277 1668 342 1717; x_wconf 83' lang='lat' dir='ltr'><strong>uti.»</strong></span> <span class='ocrx_word' id='word_1_85' title='bbox 367 1668 460 1716; x_wconf 79' lang='lat' dir='ltr'><strong>Posse.</strong></span> <span class='ocrx_word' id='word_1_86' title='bbox 487 1664 562 1717; x_wconf 84' lang='lat' dir='ltr'><strong>conl.</strong></span> <span class='ocrx_word' id='word_1_87' title='bbox 580 1667 634 1716; x_wconf 82' lang='lat' dir='ltr'><strong>Sat.</strong></span> <span class='ocrx_word' id='word_1_88' title='bbox 674 1681 744 1732; x_wconf 87' lang='lat' dir='ltr'><strong>quae</strong></span> <span class='ocrx_word' id='word_1_89' title='bbox 762 1667 865 1732; x_wconf 77' lang='lat' dir='ltr'><strong>legatur</strong></span> <span class='ocrx_word' id='word_1_90' title='bbox 880 1667 955 1718; x_wconf 80' lang='lat' dir='ltr'>Plinii</span> <span class='ocrx_word' id='word_1_91' title='bbox 966 1667 1080 1732; x_wconf 76' lang='lat' dir='ltr'><strong>Epistola</strong></span> <span class='ocrx_word' id='word_1_92' title='bbox 1096 1669 1136 1717; x_wconf 82' lang='lat' dir='ltr'><strong>tl.</strong></span> <span class='ocrx_word' id='word_1_93' title='bbox 1160 1670 1202 1719; x_wconf 83' lang='lat' dir='ltr'><strong>Li-</strong></span> 
     </span>
     <span class='ocr_line' id='line_1_14' title="bbox 109 1739 758 1805; baseline 0 -13"><span class='ocrx_word' id='word_1_94' title='bbox 109 1739 637 1805; x_wconf 73' lang='lat' dir='ltr'><strong>t,t,o:soroaupondtsaooncolpso</strong></span> <span class='ocrx_word' id='word_1_95' title='bbox 673 1743 758 1794; x_wconf 74' lang='lat' dir='ltr'><strong>bril.</strong></span> 
     </span>
     <span class='ocr_line' id='line_1_15' title="bbox 107 1813 1201 1882; baseline -0.001 -14"><span class='ocrx_word' id='word_1_96' title='bbox 107 1823 153 1868; x_wconf 78' lang='lat' dir='ltr'><strong>tos.</strong></span> <span class='ocrx_word' id='word_1_97' title='bbox 173 1816 273 1876; x_wconf 72' lang='lat' dir='ltr'><strong>Sati,</strong></span> <span class='ocrx_word' id='word_1_98' title='bbox 292 1815 322 1876; x_wconf 83' lang='lat'><strong>8,</strong></span> <span class='ocrx_word' id='word_1_99' title='bbox 340 1813 387 1865; x_wconf 80' lang='lat' dir='ltr'><strong>til:</strong></span> <span class='ocrx_word' id='word_1_100' title='bbox 413 1814 635 1876; x_wconf 72' lang='lat' dir='ltr'><strong>aaaooaupm-</strong></span> <span class='ocrx_word' id='word_1_101' title='bbox 705 1815 985 1882; x_wconf 68' lang='lat' dir='ltr'><strong>talamanca]</strong></span> <span class='ocrx_word' id='word_1_102' title='bbox 1008 1817 1099 1868; x_wconf 76' lang='lat' dir='ltr'><strong>«Rbus</strong></span> <span class='ocrx_word' id='word_1_103' title='bbox 1116 1818 1144 1866; x_wconf 89' lang='lat' dir='ltr'><strong>et</strong></span> <span class='ocrx_word' id='word_1_104' title='bbox 1159 1818 1201 1867; x_wconf 89' lang='lat' dir='ltr'><strong>lo-</strong></span> 
     </span>
     <span class='ocr_line' id='line_1_16' title="bbox 108 1887 1201 1956; baseline -0.001 -13"><span class='ocrx_word' id='word_1_105' title='bbox 108 1891 348 1943; x_wconf 76' lang='lat' dir='ltr'><strong>rlsssotmtonaeo.</strong></span> <span class='ocrx_word' id='word_1_106' title='bbox 367 1889 474 1940; x_wconf 76' lang='lat' dir='ltr'>Persius</span> <span class='ocrx_word' id='word_1_107' title='bbox 487 1889 497 1938; x_wconf 91' lang='lat' dir='ltr'><strong>t</strong></span> <span class='ocrx_word' id='word_1_108' title='bbox 510 1925 516 1949; x_wconf 89' lang='lat'>,</span> <span class='ocrx_word' id='word_1_109' title='bbox 529 1887 575 1938; x_wconf 81' lang='lat' dir='ltr'><strong>lo:</strong></span> <span class='ocrx_word' id='word_1_110' title='bbox 594 1888 637 1936; x_wconf 81' lang='lat' dir='ltr'><strong>al-</strong></span> <span class='ocrx_word' id='word_1_111' title='bbox 673 1903 736 1951; x_wconf 87' lang='lat' dir='ltr'><strong>oue,</strong></span> <span class='ocrx_word' id='word_1_112' title='bbox 764 1891 810 1954; x_wconf 89' lang='lat' dir='ltr'><strong>qui</strong></span> <span class='ocrx_word' id='word_1_113' title='bbox 833 1891 906 1942; x_wconf 88' lang='lat' dir='ltr'><strong>initio</strong></span> <span class='ocrx_word' id='word_1_114' title='bbox 927 1890 1023 1956; x_wconf 86' lang='lat' dir='ltr'><strong>plenus</strong></span> <span class='ocrx_word' id='word_1_115' title='bbox 1044 1889 1201 1942; x_wconf 81' lang='lat' dir='ltr'><strong>facetiarum</strong></span> 
     </span>
     <span class='ocr_line' id='line_1_17' title="bbox 107 1963 1201 2026; baseline -0.001 -9"><span class='ocrx_word' id='word_1_116' title='bbox 107 1968 155 2018; x_wconf 76' lang='lat' dir='ltr'><strong>atis</strong></span> <span class='ocrx_word' id='word_1_117' title='bbox 175 1965 250 2015; x_wconf 67' lang='lat' dir='ltr'><strong>«aas</strong></span> <span class='ocrx_word' id='word_1_118' title='bbox 269 1964 381 2014; x_wconf 75' lang='lat' dir='ltr'><strong>Naribus</strong></span> <span class='ocrx_word' id='word_1_119' title='bbox 396 1963 517 2026; x_wconf 61' lang='lat' dir='ltr'><strong>inminet.</strong></span> <span class='ocrx_word' id='word_1_120' title='bbox 546 1963 635 2013; x_wconf 81' lang='lat' dir='ltr'><strong>«Cum</strong></span> <span class='ocrx_word' id='word_1_121' title='bbox 672 1963 827 2026; x_wconf 86' lang='lat' dir='ltr'><strong>videbatur,</strong></span> <span class='ocrx_word' id='word_1_122' title='bbox 853 1964 926 2016; x_wconf 84' lang='lat' dir='ltr'><strong>haud</strong></span> <span class='ocrx_word' id='word_1_123' title='bbox 950 1979 1012 2015; x_wconf 84' lang='lat' dir='ltr'><strong>raro</strong></span> <span class='ocrx_word' id='word_1_124' title='bbox 1037 1964 1147 2016; x_wconf 88' lang='lat' dir='ltr'><strong>tandem</strong></span> <span class='ocrx_word' id='word_1_125' title='bbox 1173 1965 1201 2016; x_wconf 87' lang='lat' dir='ltr'><strong>ln</strong></span> 
     </span>
     <span class='ocr_line' id='line_1_18' title="bbox 107 2035 1199 2103; baseline -0.003 -11"><span class='ocrx_word' id='word_1_126' title='bbox 107 2042 177 2092; x_wconf 86' lang='lat' dir='ltr'><strong>haec</strong></span> <span class='ocrx_word' id='word_1_127' title='bbox 195 2041 276 2102; x_wconf 83' lang='lat' dir='ltr'><strong>atqua</strong></span> <span class='ocrx_word' id='word_1_128' title='bbox 293 2035 354 2088; x_wconf 84' lang='lat' dir='ltr'><strong>talis</strong></span> <span class='ocrx_word' id='word_1_129' title='bbox 368 2037 461 2098; x_wconf 86' lang='lat' dir='ltr'><strong>audio,</strong></span> <span class='ocrx_word' id='word_1_130' title='bbox 480 2037 571 2088; x_wconf 84' lang='lat' dir='ltr'><strong>neseio</strong></span> <span class='ocrx_word' id='word_1_131' title='bbox 583 2049 636 2100; x_wconf 87' lang='lat' dir='ltr'><strong>qua</strong></span> <span class='ocrx_word' id='word_1_132' title='bbox 672 2038 786 2090; x_wconf 80' lang='lat' dir='ltr'><strong>acerbas</strong></span> <span class='ocrx_word' id='word_1_133' title='bbox 796 2040 868 2090; x_wconf 80' lang='lat' dir='ltr'><strong>rixas</strong></span> <span class='ocrx_word' id='word_1_134' title='bbox 879 2039 1052 2103; x_wconf 76' lang='lat' dir='ltr'><strong>degenerat.»</strong></span> <span class='ocrx_word' id='word_1_135' title='bbox 1071 2037 1152 2089; x_wconf 65' lang='lat' dir='ltr'><strong>:Nolo</strong></span> <span class='ocrx_word' id='word_1_136' title='bbox 1164 2051 1199 2089; x_wconf 91' lang='lat' dir='ltr'><strong>ne</strong></span> 
     </span>
     <span class='ocr_line' id='line_1_19' title="bbox 107 2110 1201 2182; baseline -0.002 -16"><span class='ocrx_word' id='word_1_137' title='bbox 107 2113 252 2166; x_wconf 85' lang='lat' dir='ltr'><strong>tormidine</strong></span> <span class='ocrx_word' id='word_1_138' title='bbox 269 2111 408 2177; x_wconf 83' lang='lat' dir='ltr'><strong>perculsus</strong></span> <span class='ocrx_word' id='word_1_139' title='bbox 426 2110 471 2174; x_wconf 87' lang='lat' dir='ltr'><strong>(ait</strong></span> <span class='ocrx_word' id='word_1_140' title='bbox 481 2111 543 2160; x_wconf 77' lang='grc' dir='ltr'><strong>κατ’</strong></span> <span class='ocrx_word' id='word_1_141' title='bbox 554 2112 635 2182; x_wconf 79' lang='lat' dir='ltr'><strong>sipo-</strong></span> <span class='ocrx_word' id='word_1_142' title='bbox 671 2112 830 2176; x_wconf 85' lang='lat' dir='ltr'><strong>periodum</strong></span> <span class='ocrx_word' id='word_1_143' title='bbox 853 2114 963 2178; x_wconf 85' lang='lat' dir='ltr'><strong>quidem</strong></span> <span class='ocrx_word' id='word_1_144' title='bbox 985 2115 1055 2165; x_wconf 86' lang='lat' dir='ltr'><strong>inter</strong></span> <span class='ocrx_word' id='word_1_145' title='bbox 1071 2125 1120 2162; x_wconf 84' lang='lat' dir='ltr'><strong>vos</strong></span> <span class='ocrx_word' id='word_1_146' title='bbox 1136 2127 1201 2164; x_wconf 88' lang='lat' dir='ltr'><strong>ver·</strong></span> 
     </span>
     <span class='ocr_line' id='line_1_20' title="bbox 106 2186 1200 2252; baseline -0.001 -13"><span class='ocrx_word' id='word_1_147' title='bbox 106 2188 199 2252; x_wconf 74' lang='grc' dir='ltr'><strong><em>κείαν)</em></strong></span> <span class='ocrx_word' id='word_1_148' title='bbox 222 2188 306 2238; x_wconf 79' lang='lat' dir='ltr'><strong>timeo</strong></span> <span class='ocrx_word' id='word_1_149' title='bbox 327 2198 407 2237; x_wconf 76' lang='lat' dir='ltr'><strong>nme</strong></span> <span class='ocrx_word' id='word_1_150' title='bbox 425 2197 581 2248; x_wconf 58' lang='lat' dir='ltr'><strong>cammaro,</strong></span> <span class='ocrx_word' id='word_1_151' title='bbox 608 2186 635 2237; x_wconf 87' lang='lat' dir='ltr'><strong>id</strong></span> <span class='ocrx_word' id='word_1_152' title='bbox 672 2189 742 2249; x_wconf 87' lang='lat' dir='ltr'><strong>sari,</strong></span> <span class='ocrx_word' id='word_1_153' title='bbox 760 2200 824 2238; x_wconf 87' lang='lat' dir='ltr'><strong>nam</strong></span> <span class='ocrx_word' id='word_1_154' title='bbox 840 2189 912 2239; x_wconf 84' lang='lat' dir='ltr'><strong>aeria</strong></span> <span class='ocrx_word' id='word_1_155' title='bbox 928 2187 991 2238; x_wconf 89' lang='lat' dir='ltr'><strong>inde</strong></span> <span class='ocrx_word' id='word_1_156' title='bbox 1003 2187 1150 2240; x_wconf 79' lang='lat' dir='ltr'><strong>certamina</strong></span> <span class='ocrx_word' id='word_1_157' title='bbox 1161 2187 1200 2238; x_wconf 87' lang='lat' dir='ltr'><strong>in·</strong></span> 
     </span>
     <span class='ocr_line' id='line_1_21' title="bbox 108 2258 1200 2326; baseline -0.004 -12"><span class='ocrx_word' id='word_1_158' title='bbox 108 2266 162 2325; x_wconf 84' lang='lat' dir='ltr'><strong>eet,</strong></span> <span class='ocrx_word' id='word_1_159' title='bbox 191 2268 285 2326; x_wconf 83' lang='lat' dir='ltr'><strong>aperte</strong></span> <span class='ocrx_word' id='word_1_160' title='bbox 314 2265 390 2324; x_wconf 76' lang='lat' dir='ltr'><strong>gestu</strong></span> <span class='ocrx_word' id='word_1_161' title='bbox 415 2258 560 2322; x_wconf 78' lang='lat' dir='ltr'><strong>verbisque</strong></span> <span class='ocrx_word' id='word_1_162' title='bbox 584 2258 634 2310; x_wconf 90' lang='lat' dir='ltr'><strong>illis</strong></span> <span class='ocrx_word' id='word_1_163' title='bbox 671 2261 779 2312; x_wconf 83' lang='lat' dir='ltr'><strong>lordum</strong></span> <span class='ocrx_word' id='word_1_164' title='bbox 795 2263 929 2323; x_wconf 85' lang='lat' dir='ltr'><strong>oriuntur,</strong></span> <span class='ocrx_word' id='word_1_165' title='bbox 947 2263 1095 2325; x_wconf 85' lang='lat' dir='ltr'><strong>quaeinira</strong></span> <span class='ocrx_word' id='word_1_166' title='bbox 1106 2273 1200 2311; x_wconf 87' lang='lat' dir='ltr'><strong>meum</strong></span> 
     </span>
     <span class='ocr_line' id='line_1_22' title="bbox 107 2335 1198 2398; baseline -0.005 -10"><span class='ocrx_word' id='word_1_167' title='bbox 107 2337 308 2396; x_wconf 85' lang='lat' dir='ltr'><strong>demonstrare,</strong></span> <span class='ocrx_word' id='word_1_168' title='bbox 328 2337 492 2398; x_wconf 79' lang='lat' dir='ltr'><strong>quantopere</strong></span> <span class='ocrx_word' id='word_1_169' title='bbox 511 2347 558 2384; x_wconf 87' lang='lat' dir='ltr'><strong>eos</strong></span> <span class='ocrx_word' id='word_1_170' title='bbox 573 2347 636 2385; x_wconf 85' lang='lat' dir='ltr'><strong>eon·</strong></span> <span class='ocrx_word' id='word_1_171' title='bbox 672 2348 726 2386; x_wconf 91' lang='lat' dir='ltr'><strong>non</strong></span> <span class='ocrx_word' id='word_1_172' title='bbox 744 2338 800 2394; x_wconf 87' lang='lat' dir='ltr'><strong>est;</strong></span> <span class='ocrx_word' id='word_1_173' title='bbox 825 2335 887 2386; x_wconf 91' lang='lat' dir='ltr'><strong>nihil</strong></span> <span class='ocrx_word' id='word_1_174' title='bbox 906 2337 978 2386; x_wconf 87' lang='lat' dir='ltr'><strong>enim</strong></span> <span class='ocrx_word' id='word_1_175' title='bbox 995 2337 1060 2386; x_wconf 87' lang='lat' dir='ltr'><strong>mihi</strong></span> <span class='ocrx_word' id='word_1_176' title='bbox 1076 2336 1198 2398; x_wconf 81' lang='lat' dir='ltr'><strong>prosunt,</strong></span> 
     </span>
     <span class='ocr_line' id='line_1_23' title="bbox 107 2405 1199 2473; baseline -0.002 -12"><span class='ocrx_word' id='word_1_177' title='bbox 107 2415 243 2468; x_wconf 72' lang='lat' dir='ltr'><strong>tenebam,</strong></span> <span class='ocrx_word' id='word_1_178' title='bbox 262 2413 301 2470; x_wconf 88' lang='lat' dir='ltr'><strong>et,</strong></span> <span class='ocrx_word' id='word_1_179' title='bbox 321 2421 354 2458; x_wconf 91' lang='lat' dir='ltr'><strong>ne</strong></span> <span class='ocrx_word' id='word_1_180' title='bbox 368 2406 438 2458; x_wconf 88' lang='lat' dir='ltr'><strong>male</strong></span> <span class='ocrx_word' id='word_1_181' title='bbox 450 2421 494 2458; x_wconf 90' lang='lat' dir='ltr'><strong>me</strong></span> <span class='ocrx_word' id='word_1_182' title='bbox 506 2405 633 2469; x_wconf 85' lang='lat' dir='ltr'><strong>mulcent,</strong></span> <span class='ocrx_word' id='word_1_183' title='bbox 672 2409 755 2460; x_wconf 88' lang='lat' dir='ltr'><strong>immo</strong></span> <span class='ocrx_word' id='word_1_184' title='bbox 781 2422 813 2459; x_wconf 87' lang='lat' dir='ltr'><strong>ea</strong></span> <span class='ocrx_word' id='word_1_185' title='bbox 830 2410 959 2460; x_wconf 88' lang='lat' dir='ltr'><strong>detestor.</strong></span> <span class='ocrx_word' id='word_1_186' title='bbox 994 2411 1062 2473; x_wconf 77' lang='lat' dir='ltr'><strong>Ergo</strong></span> <span class='ocrx_word' id='word_1_187' title='bbox 1078 2409 1137 2458; x_wconf 88' lang='lat' dir='ltr'><strong>sine</strong></span> <span class='ocrx_word' id='word_1_188' title='bbox 1153 2421 1199 2459; x_wconf 83' lang='lat' dir='ltr'><strong>ma</strong></span> 
     </span>
     <span class='ocr_line' id='line_1_24' title="bbox 108 2479 1197 2550; baseline -0.004 -14"><span class='ocrx_word' id='word_1_189' title='bbox 108 2497 191 2550; x_wconf 86' lang='lat' dir='ltr'><strong>quam</strong></span> <span class='ocrx_word' id='word_1_190' title='bbox 200 2482 635 2547; x_wconf 80' lang='lat' dir='ltr'><strong>celerrimepossum,iismesub-</strong></span> <span class='ocrx_word' id='word_1_191' title='bbox 671 2485 742 2534; x_wconf 89' lang='lat' dir='ltr'><strong>inter</strong></span> <span class='ocrx_word' id='word_1_192' title='bbox 774 2495 824 2534; x_wconf 89' lang='lat' dir='ltr'><strong>vos</strong></span> <span class='ocrx_word' id='word_1_193' title='bbox 856 2484 993 2544; x_wconf 81' lang='lat' dir='ltr'><strong>rixamini,</strong></span> <span class='ocrx_word' id='word_1_194' title='bbox 1034 2479 1197 2543; x_wconf 76' lang='lat' dir='ltr'><strong>nebulones,</strong></span> 
     </span>
     <span class='ocr_line' id='line_1_25' title="bbox 108 2548 1199 2624; baseline -0.005 -14"><span class='ocrx_word' id='word_1_195' title='bbox 108 2561 213 2610; x_wconf 82' lang='lat' dir='ltr'><strong>traho.»</strong></span> <span class='ocrx_word' id='word_1_196' title='bbox 227 2586 256 2595; x_wconf 94' lang='lat'><em>-</em></span> <span class='ocrx_word' id='word_1_197' title='bbox 269 2558 393 2622; x_wconf 72' lang='lat' dir='ltr'><strong>hamatis]</strong></span> <span class='ocrx_word' id='word_1_198' title='bbox 414 2571 473 2608; x_wconf 71' lang='lat' dir='ltr'><strong>«me</strong></span> <span class='ocrx_word' id='word_1_199' title='bbox 490 2558 634 2610; x_wconf 83' lang='lat' dir='ltr'><strong>adorientie</strong></span> <span class='ocrx_word' id='word_1_200' title='bbox 674 2559 805 2621; x_wconf 74' lang='lat' dir='ltr'><strong>qrnntum</strong></span> <span class='ocrx_word' id='word_1_201' title='bbox 821 2555 925 2606; x_wconf 78' lang='lat' dir='ltr'><strong>voltis.»</strong></span> <span class='ocrx_word' id='word_1_202' title='bbox 951 2579 979 2592; x_wconf 89' lang='lat'><em>-</em></span> <span class='ocrx_word' id='word_1_203' title='bbox 1004 2552 1098 2617; x_wconf 69' lang='lat' dir='ltr'><strong>posuit]</strong></span> <span class='ocrx_word' id='word_1_204' title='bbox 1115 2548 1199 2624; x_wconf 76' lang='grc' dir='ltr'>ἀορι-</span> 
     </span>
     <span class='ocr_line' id='line_1_26' title="bbox 107 2626 1257 2698; baseline -0.012 -12"><span class='ocrx_word' id='word_1_205' title='bbox 107 2645 272 2698; x_wconf 82' lang='lat' dir='ltr'><strong>mecumque</strong></span> <span class='ocrx_word' id='word_1_206' title='bbox 298 2632 519 2694; x_wconf 47' lang='lat' dir='ltr'><strong>contendentis„</strong></span> <span class='ocrx_word' id='word_1_207' title='bbox 546 2635 634 2697; x_wconf 78' lang='lat' dir='ltr'><strong>imago</strong></span> <span class='ocrx_word' id='word_1_208' title='bbox 672 2643 761 2692; x_wconf 79' lang='grc' dir='ltr'><strong><em>στως,</em></strong></span> <span class='ocrx_word' id='word_1_209' title='bbox 776 2631 902 2692; x_wconf 77' lang='lat' dir='ltr'><strong>«gignere</strong></span> <span class='ocrx_word' id='word_1_210' title='bbox 913 2628 1006 2679; x_wconf 76' lang='lat' dir='ltr'><strong>solet.»</strong></span> <span class='ocrx_word' id='word_1_211' title='bbox 1020 2653 1049 2662; x_wconf 93' lang='grc'><strong>-</strong></span> <span class='ocrx_word' id='word_1_212' title='bbox 1062 2626 1195 2690; x_wconf 69' lang='lat' dir='ltr'><strong>trepidasti]</strong></span> <span class='ocrx_word' id='word_1_213' title='bbox 1251 2677 1257 2686; x_wconf 27' lang='lat'>⁸</span> 
     </span>
     <span class='ocr_line' id='line_1_27' title="bbox 107 2699 1196 2774; baseline -0.007 -16"><span class='ocrx_word' id='word_1_214' title='bbox 107 2709 191 2774; x_wconf 85' lang='lat' dir='ltr'><strong>petita</strong></span> <span class='ocrx_word' id='word_1_215' title='bbox 217 2707 252 2756; x_wconf 92' lang='lat' dir='ltr'><strong>ab</strong></span> <span class='ocrx_word' id='word_1_216' title='bbox 278 2705 384 2758; x_wconf 83' lang='lat' dir='ltr'><strong>athletis</strong></span> <span class='ocrx_word' id='word_1_217' title='bbox 408 2709 496 2771; x_wconf 85' lang='lat' dir='ltr'><strong>potius</strong></span> <span class='ocrx_word' id='word_1_218' title='bbox 520 2719 633 2771; x_wconf 88' lang='lat' dir='ltr'><strong>quama</strong></span> <span class='ocrx_word' id='word_1_219' title='bbox 673 2705 719 2754; x_wconf 78' lang='lat' dir='ltr'><strong>«in</strong></span> <span class='ocrx_word' id='word_1_220' title='bbox 737 2717 791 2768; x_wconf 88' lang='lat' dir='ltr'><strong>quo</strong></span> <span class='ocrx_word' id='word_1_221' title='bbox 808 2700 941 2762; x_wconf 77' lang='lat' dir='ltr'><strong>trepidant</strong></span> <span class='ocrx_word' id='word_1_222' title='bbox 956 2699 990 2760; x_wconf 87' lang='lat' dir='ltr'><strong>ii,</strong></span> <span class='ocrx_word' id='word_1_223' title='bbox 1016 2700 1063 2760; x_wconf 82' lang='lat' dir='ltr'><strong>qui</strong></span> <span class='ocrx_word' id='word_1_224' title='bbox 1079 2700 1149 2749; x_wconf 88' lang='lat' dir='ltr'><strong>inter</strong></span> <span class='ocrx_word' id='word_1_225' title='bbox 1165 2712 1196 2751; x_wconf 89' lang='lat' dir='ltr'><strong>se</strong></span> 
     </span>
     <span class='ocr_line' id='line_1_28' title="bbox 107 2772 1197 2847; baseline -0.009 -14"><span class='ocrx_word' id='word_1_226' title='bbox 107 2780 309 2847; x_wconf 76' lang='lat' dir='ltr'><strong>gladiatoribus.</strong></span> <span class='ocrx_word' id='word_1_227' title='bbox 325 2809 352 2817; x_wconf 91' lang='lat'><em>-</em></span> <span class='ocrx_word' id='word_1_228' title='bbox 365 2786 440 2831; x_wconf 78' lang='lat' dir='ltr'><strong>aeolo</strong></span> <span class='ocrx_word' id='word_1_229' title='bbox 450 2781 585 2845; x_wconf 71' lang='lat' dir='ltr'><strong>--unputl</strong></span> <span class='ocrx_word' id='word_1_230' title='bbox 598 2781 637 2831; x_wconf 88' lang='lat' dir='ltr'><strong>Si·</strong></span> <span class='ocrx_word' id='word_1_231' title='bbox 673 2780 809 2829; x_wconf 84' lang='lat' dir='ltr'><strong>oertamen</strong></span> <span class='ocrx_word' id='word_1_232' title='bbox 826 2783 889 2822; x_wconf 80' lang='lat' dir='ltr'><strong>acre</strong></span> <span class='ocrx_word' id='word_1_233' title='bbox 906 2773 1111 2834; x_wconf 57' lang='lat' dir='ltr'><strong>ammianus„</strong></span> <span class='ocrx_word' id='word_1_234' title='bbox 1137 2772 1197 2823; x_wconf 85' lang='lat' dir='ltr'><strong>leb-</strong></span> 
     </span>
     <span class='ocr_line' id='line_1_29' title="bbox 108 2845 1198 2920; baseline -0.006 -14"><span class='ocrx_word' id='word_1_235' title='bbox 108 2857 250 2920; x_wconf 71' lang='lat' dir='ltr'><strong>gnittcatur</strong></span> <span class='ocrx_word' id='word_1_236' title='bbox 276 2855 429 2919; x_wconf 83' lang='lat' dir='ltr'><strong>iniquorum</strong></span> <span class='ocrx_word' id='word_1_237' title='bbox 459 2854 526 2906; x_wconf 86' lang='lat' dir='ltr'><strong>livor</strong></span> <span class='ocrx_word' id='word_1_238' title='bbox 554 2859 634 2918; x_wconf 82' lang='lat' dir='ltr'><strong>atque</strong></span> <span class='ocrx_word' id='word_1_239' title='bbox 671 2853 746 2910; x_wconf 73' lang='lat' dir='ltr'><strong>holt.</strong></span> <span class='ocrx_word' id='word_1_240' title='bbox 767 2873 794 2884; x_wconf 89' lang='lat'>-</span> <span class='ocrx_word' id='word_1_241' title='bbox 812 2845 917 2910; x_wconf 66' lang='lat' dir='ltr'><strong>swam</strong></span> <span class='ocrx_word' id='word_1_242' title='bbox 932 2845 1029 2910; x_wconf 64' lang='lat' dir='ltr'><strong>balma]</strong></span> <span class='ocrx_word' id='word_1_243' title='bbox 1047 2847 1198 2910; x_wconf 80' lang='lat' dir='ltr'><strong>«propein-</strong></span> 
     </span>
     <span class='ocr_line' id='line_1_30' title="bbox 108 2919 1195 2991; baseline -0.001 -10"><span class='ocrx_word' id='word_1_244' title='bbox 108 2929 208 2981; x_wconf 77' lang='lat' dir='ltr'><strong>manaa</strong></span> <span class='ocrx_word' id='word_1_245' title='bbox 225 2928 401 2980; x_wconf 71' lang='lat' dir='ltr'><strong>densamus.</strong></span> <span class='ocrx_word' id='word_1_246' title='bbox 416 2957 443 2965; x_wconf 95' lang='lat'><em>-</em></span> <span class='ocrx_word' id='word_1_247' title='bbox 461 2929 637 2991; x_wconf 70' lang='grc' dir='ltr'><strong>υκριιοοιιειο</strong></span> <span class='ocrx_word' id='word_1_248' title='bbox 671 2921 845 2981; x_wconf 68' lang='lat' dir='ltr'><strong>amoenum,</strong></span> <span class='ocrx_word' id='word_1_249' title='bbox 858 2921 947 2984; x_wconf 76' lang='lat' dir='ltr'><strong>inquo</strong></span> <span class='ocrx_word' id='word_1_250' title='bbox 958 2919 1035 2971; x_wconf 83' lang='lat' dir='ltr'><strong>mua</strong></span> <span class='ocrx_word' id='word_1_251' title='bbox 1046 2919 1195 2970; x_wconf 64' lang='lat' dir='ltr'><strong>mount.»</strong></span> 
     </span>
     <span class='ocr_line' id='line_1_31' title="bbox 108 2993 1198 3068; baseline -0.011 -12"><span class='ocrx_word' id='word_1_252' title='bbox 108 3003 183 3068; x_wconf 76' lang='lat' dir='ltr'><strong>boot]</strong></span> <span class='ocrx_word' id='word_1_253' title='bbox 204 3002 278 3064; x_wconf 81' lang='lat' dir='ltr'><strong>«uhi,</strong></span> <span class='ocrx_word' id='word_1_254' title='bbox 305 3004 335 3052; x_wconf 90' lang='lat' dir='ltr'><strong>ut</strong></span> <span class='ocrx_word' id='word_1_255' title='bbox 351 3003 469 3053; x_wconf 81' lang='lat' dir='ltr'><strong>carmina</strong></span> <span class='ocrx_word' id='word_1_256' title='bbox 487 3015 548 3053; x_wconf 87' lang='lat' dir='ltr'><strong>mea</strong></span> <span class='ocrx_word' id='word_1_257' title='bbox 564 3005 634 3048; x_wconf 82' lang='lat' dir='ltr'><strong>reei-</strong></span> <span class='ocrx_word' id='word_1_258' title='bbox 671 2995 798 3046; x_wconf 86' lang='lat' dir='ltr'><strong>Ceterum</strong></span> <span class='ocrx_word' id='word_1_259' title='bbox 821 2993 954 3059; x_wconf 84' lang='lat' dir='ltr'><strong>Epistulae</strong></span> <span class='ocrx_word' id='word_1_260' title='bbox 971 2994 1057 3045; x_wconf 83' lang='lat' dir='ltr'><strong>exitus</strong></span> <span class='ocrx_word' id='word_1_261' title='bbox 1073 3007 1139 3044; x_wconf 88' lang='lat' dir='ltr'><strong>sane</strong></span> <span class='ocrx_word' id='word_1_262' title='bbox 1155 2994 1198 3044; x_wconf 92' lang='lat' dir='ltr'><strong>io-</strong></span> 
     </span>
     <span class='ocr_line' id='line_1_32' title="bbox 108 3066 1253 3140; baseline -0.006 -16"><span class='ocrx_word' id='word_1_263' title='bbox 108 3081 177 3140; x_wconf 78' lang='lat' dir='ltr'><strong>tam,</strong></span> <span class='ocrx_word' id='word_1_264' title='bbox 198 3089 247 3128; x_wconf 83' lang='lat' dir='ltr'><strong>vos</strong></span> <span class='ocrx_word' id='word_1_265' title='bbox 262 3076 341 3128; x_wconf 81' lang='lat' dir='ltr'><strong>voltis</strong></span> <span class='ocrx_word' id='word_1_266' title='bbox 360 3075 452 3140; x_wconf 77' lang='lat' dir='ltr'><strong>(probe</strong></span> <span class='ocrx_word' id='word_1_267' title='bbox 470 3077 540 3126; x_wconf 78' lang='lat' dir='ltr'><strong>eninr</strong></span> <span class='ocrx_word' id='word_1_268' title='bbox 556 3084 634 3135; x_wconf 84' lang='lat' dir='ltr'><strong>prae·</strong></span> <span class='ocrx_word' id='word_1_269' title='bbox 670 3081 751 3120; x_wconf 82' lang='lat' dir='ltr'><strong>ansus</strong></span> <span class='ocrx_word' id='word_1_270' title='bbox 768 3070 797 3119; x_wconf 92' lang='lat' dir='ltr'><strong>in</strong></span> <span class='ocrx_word' id='word_1_271' title='bbox 812 3071 932 3120; x_wconf 87' lang='lat' dir='ltr'><strong>mentem</strong></span> <span class='ocrx_word' id='word_1_272' title='bbox 944 3071 1055 3119; x_wconf 86' lang='lat' dir='ltr'><strong>revocat</strong></span> <span class='ocrx_word' id='word_1_273' title='bbox 1064 3066 1127 3118; x_wconf 88' lang='lat' dir='ltr'><strong>illud</strong></span> <span class='ocrx_word' id='word_1_274' title='bbox 1138 3069 1198 3134; x_wconf 86' lang='lat' dir='ltr'><strong>Epi·</strong></span> <span class='ocrx_word' id='word_1_275' title='bbox 1246 3111 1253 3123; x_wconf 78' lang='grc'><strong>,</strong></span> 
     </span>
     <span class='ocr_line' id='line_1_33' title="bbox 108 3142 1194 3212; baseline -0.007 -12"><span class='ocrx_word' id='word_1_276' title='bbox 108 3151 187 3202; x_wconf 79' lang='lat' dir='ltr'><strong>video</strong></span> <span class='ocrx_word' id='word_1_277' title='bbox 205 3150 274 3212; x_wconf 83' lang='lat' dir='ltr'><strong>lore,</strong></span> <span class='ocrx_word' id='word_1_278' title='bbox 293 3153 323 3202; x_wconf 92' lang='lat' dir='ltr'><strong>ut</strong></span> <span class='ocrx_word' id='word_1_279' title='bbox 334 3150 482 3202; x_wconf 83' lang='lat' dir='ltr'><strong>clanculam</strong></span> <span class='ocrx_word' id='word_1_280' title='bbox 499 3145 592 3209; x_wconf 81' lang='lat' dir='ltr'><strong>postea</strong></span> <span class='ocrx_word' id='word_1_281' title='bbox 606 3147 633 3197; x_wconf 91' lang='lat' dir='ltr'><strong>in</strong></span> <span class='ocrx_word' id='word_1_282' title='bbox 671 3143 775 3194; x_wconf 83' lang='lat' dir='ltr'><strong>charmi</strong></span> <span class='ocrx_word' id='word_1_283' title='bbox 792 3143 864 3208; x_wconf 86' lang='lat' dir='ltr'><strong>apud</strong></span> <span class='ocrx_word' id='word_1_284' title='bbox 880 3143 977 3194; x_wconf 79' lang='lat' dir='ltr'><strong>Athen.</strong></span> <span class='ocrx_word' id='word_1_285' title='bbox 989 3143 1015 3204; x_wconf 74' lang='lat'><strong>2,</strong></span> <span class='ocrx_word' id='word_1_286' title='bbox 1027 3143 1052 3194; x_wconf 84' lang='grc'><strong>3.</strong></span> <span class='ocrx_word' id='word_1_287' title='bbox 1064 3157 1092 3208; x_wconf 94' lang='lat' dir='ltr'><strong>p.</strong></span> <span class='ocrx_word' id='word_1_288' title='bbox 1105 3142 1146 3193; x_wconf 79' lang='grc'><strong>36.</strong></span> <span class='ocrx_word' id='word_1_289' title='bbox 1158 3144 1194 3194; x_wconf 88' lang='lat' dir='ltr'><strong>C:</strong></span> 
     </span>
     <span class='ocr_line' id='line_1_34' title="bbox 109 3211 1196 3282; baseline -0.006 -6"><span class='ocrx_word' id='word_1_290' title='bbox 109 3237 152 3276; x_wconf 82' lang='lat' dir='ltr'><strong>nne</strong></span> <span class='ocrx_word' id='word_1_291' title='bbox 165 3227 194 3276; x_wconf 88' lang='lat' dir='ltr'><strong>et</strong></span> <span class='ocrx_word' id='word_1_292' title='bbox 210 3226 239 3276; x_wconf 91' lang='lat' dir='ltr'><strong>in</strong></span> <span class='ocrx_word' id='word_1_293' title='bbox 256 3237 316 3275; x_wconf 87' lang='lat' dir='ltr'><strong>mea</strong></span> <span class='ocrx_word' id='word_1_294' title='bbox 328 3221 486 3275; x_wconf 84' lang='lat' dir='ltr'><strong>invehantur</strong></span> <span class='ocrx_word' id='word_1_295' title='bbox 497 3218 634 3271; x_wconf 74' lang='lat' dir='ltr'><strong>ennecu-</strong></span> <span class='ocrx_word' id='word_1_296' title='bbox 668 3211 717 3268; x_wconf 80' lang='grc' dir='ltr'><strong>Ἕκ</strong></span> <span class='ocrx_word' id='word_1_297' title='bbox 733 3218 788 3282; x_wconf 75' lang='grc' dir='ltr'><strong>μὲν</strong></span> <span class='ocrx_word' id='word_1_298' title='bbox 804 3219 911 3281; x_wconf 74' lang='grc' dir='ltr'><strong><em>θυσίας</em></strong></span> <span class='ocrx_word' id='word_1_299' title='bbox 926 3217 1014 3282; x_wconf 71' lang='grc' dir='ltr'><em>θοίνη</em></span> <span class='ocrx_word' id='word_1_300' title='bbox 1025 3245 1041 3256; x_wconf 88' lang='grc'>-</span> <span class='ocrx_word' id='word_1_301' title='bbox 1052 3245 1081 3277; x_wconf 92' lang='grc'><strong>-,</strong></span> <span class='ocrx_word' id='word_1_302' title='bbox 1098 3211 1148 3267; x_wconf 83' lang='grc' dir='ltr'><strong>Ἐκ</strong></span> <span class='ocrx_word' id='word_1_303' title='bbox 1163 3215 1196 3269; x_wconf 74' lang='lat' dir='ltr'><strong>dl</strong></span> 
     </span>
     <span class='ocr_line' id='line_1_35' title="bbox 109 3287 1193 3362; baseline -0.008 -14"><span class='ocrx_word' id='word_1_304' title='bbox 109 3301 181 3350; x_wconf 84' lang='lat' dir='ltr'><strong>tores</strong></span> <span class='ocrx_word' id='word_1_305' title='bbox 200 3299 290 3362; x_wconf 62' lang='lat' dir='ltr'><strong>melta</strong></span> <span class='ocrx_word' id='word_1_306' title='bbox 311 3325 339 3334; x_wconf 92' lang='lat'>-</span> <span class='ocrx_word' id='word_1_307' title='bbox 355 3294 451 3344; x_wconf 80' lang='lat' dir='ltr'><strong>diludia</strong></span> <span class='ocrx_word' id='word_1_308' title='bbox 465 3292 557 3356; x_wconf 84' lang='lat' dir='ltr'><strong>poseo]</strong></span> <span class='ocrx_word' id='word_1_309' title='bbox 576 3294 634 3344; x_wconf 75' lang='lat' dir='ltr'><strong>«Dl-</strong></span> <span class='ocrx_word' id='word_1_310' title='bbox 669 3293 774 3358; x_wconf 73' lang='grc' dir='ltr'><strong><em>θοίνης</em></strong></span> <span class='ocrx_word' id='word_1_311' title='bbox 790 3290 875 3355; x_wconf 74' lang='grc' dir='ltr'><strong><em>πόσις</em></strong></span> <span class='ocrx_word' id='word_1_312' title='bbox 892 3292 1013 3358; x_wconf 65' lang='grc' dir='ltr'><strong>ἐγένετο.</strong></span> <span class='ocrx_word' id='word_1_313' title='bbox 1031 3291 1061 3340; x_wconf 81' lang='lat' dir='ltr'><strong>a.</strong></span> <span class='ocrx_word' id='word_1_314' title='bbox 1073 3287 1193 3362; x_wconf 73' lang='grc' dir='ltr'><strong>Χάριεν,</strong></span> 
     </span>
     <span class='ocr_line' id='line_1_36' title="bbox 108 3358 1195 3433; baseline -0.01 -11"><span class='ocrx_word' id='word_1_315' title='bbox 108 3371 178 3424; x_wconf 82' lang='lat' dir='ltr'><strong>ludin</strong></span> <span class='ocrx_word' id='word_1_316' title='bbox 196 3372 321 3424; x_wconf 79' lang='lat' dir='ltr'><strong>dicuntur</strong></span> <span class='ocrx_word' id='word_1_317' title='bbox 336 3370 471 3433; x_wconf 81' lang='lat' dir='ltr'><strong>tempora,</strong></span> <span class='ocrx_word' id='word_1_318' title='bbox 494 3381 563 3431; x_wconf 83' lang='lat' dir='ltr'><strong>qnae</strong></span> <span class='ocrx_word' id='word_1_319' title='bbox 581 3367 634 3432; x_wconf 76' lang='lat' dir='ltr'><strong>gla-</strong></span> <span class='ocrx_word' id='word_1_320' title='bbox 670 3359 711 3428; x_wconf 77' lang='grc' dir='ltr'><strong>ὥς</strong></span> <span class='ocrx_word' id='word_1_321' title='bbox 726 3369 760 3433; x_wconf 79' lang='grc' dir='ltr'><strong>γέ</strong></span> <span class='ocrx_word' id='word_1_322' title='bbox 775 3381 829 3431; x_wconf 82' lang='grc' dir='ltr'><strong>μοι</strong></span> <span class='ocrx_word' id='word_1_323' title='bbox 846 3363 953 3429; x_wconf 57' lang='lat' dir='ltr'><strong>[deasq.</strong></span> <span class='ocrx_word' id='word_1_324' title='bbox 977 3367 1008 3414; x_wconf 75' lang='lat' dir='ltr'><strong>A.</strong></span> <span class='ocrx_word' id='word_1_325' title='bbox 1027 3358 1076 3413; x_wconf 82' lang='grc' dir='ltr'><strong>Ἕκ</strong></span> <span class='ocrx_word' id='word_1_326' title='bbox 1091 3361 1124 3413; x_wconf 76' lang='lat' dir='ltr'><strong>ot</strong></span> <span class='ocrx_word' id='word_1_327' title='bbox 1140 3360 1195 3412; x_wconf 77' lang='grc' dir='ltr'><strong>πό-</strong></span> 
     </span>
     <span class='ocr_line' id='line_1_37' title="bbox 109 3435 1193 3506; baseline -0.008 -9"><span class='ocrx_word' id='word_1_328' title='bbox 109 3446 256 3498; x_wconf 75' lang='lat' dir='ltr'><strong>uiatoribus</strong></span> <span class='ocrx_word' id='word_1_329' title='bbox 278 3442 461 3494; x_wconf 78' lang='lat' dir='ltr'><strong>conceduntur</strong></span> <span class='ocrx_word' id='word_1_330' title='bbox 483 3444 552 3494; x_wconf 85' lang='lat' dir='ltr'><strong>inter</strong></span> <span class='ocrx_word' id='word_1_331' title='bbox 574 3443 633 3494; x_wconf 85' lang='lat' dir='ltr'><strong>dies</strong></span> <span class='ocrx_word' id='word_1_332' title='bbox 670 3455 734 3503; x_wconf 85' lang='grc' dir='ltr'><strong>σιος</strong></span> <span class='ocrx_word' id='word_1_333' title='bbox 751 3438 863 3506; x_wconf 81' lang='grc' dir='ltr'><strong><em>κῶμος,</em></strong></span> <span class='ocrx_word' id='word_1_334' title='bbox 881 3440 915 3490; x_wconf 83' lang='grc' dir='ltr'><strong>ἐκ</strong></span> <span class='ocrx_word' id='word_1_335' title='bbox 930 3435 1032 3502; x_wconf 76' lang='grc' dir='ltr'><strong><em>κώμου</em></strong></span> <span class='ocrx_word' id='word_1_336' title='bbox 1046 3435 1193 3503; x_wconf 62' lang='lat' dir='ltr'><strong>&amp;tyerno</strong></span> 
     </span>
     <span class='ocr_line' id='line_1_38' title="bbox 108 3505 1194 3581; baseline -0.008 -10"><span class='ocrx_word' id='word_1_337' title='bbox 108 3531 260 3579; x_wconf 85' lang='lat' dir='ltr'><strong>munerum,</strong></span> <span class='ocrx_word' id='word_1_338' title='bbox 271 3516 535 3581; x_wconf 74' lang='lat' dir='ltr'><strong>quinuspugnatur.»</strong></span> <span class='ocrx_word' id='word_1_339' title='bbox 546 3519 630 3569; x_wconf 79' lang='lat' dir='ltr'><strong>Coun.</strong></span> <span class='ocrx_word' id='word_1_340' title='bbox 668 3517 777 3568; x_wconf 70' lang='lat' dir='ltr'><strong>svavia</strong></span> <span class='ocrx_word' id='word_1_341' title='bbox 794 3516 835 3578; x_wconf 85' lang='lat' dir='ltr'><strong>(al.</strong></span> <span class='ocrx_word' id='word_1_342' title='bbox 854 3516 985 3576; x_wconf 65' lang='lat' dir='ltr'><strong>onustat·</strong></span> <span class='ocrx_word' id='word_1_343' title='bbox 1006 3505 1055 3562; x_wconf 79' lang='grc' dir='ltr'><strong>Ἐκ</strong></span> <span class='ocrx_word' id='word_1_344' title='bbox 1073 3509 1104 3563; x_wconf 83' lang='lat' dir='ltr'><strong>‹it</strong></span> <span class='ocrx_word' id='word_1_345' title='bbox 1119 3511 1194 3563; x_wconf 65' lang='lat' dir='ltr'><strong>onu-</strong></span> 
     </span>
     <span class='ocr_line' id='line_1_39' title="bbox 109 3584 1195 3657; baseline -0.008 -12"><span class='ocrx_word' id='word_1_346' title='bbox 109 3597 186 3652; x_wconf 82' lang='lat' dir='ltr'><strong>Cano.</strong></span> <span class='ocrx_word' id='word_1_347' title='bbox 216 3594 271 3646; x_wconf 80' lang='lat' dir='ltr'><strong>«nt</strong></span> <span class='ocrx_word' id='word_1_348' title='bbox 287 3593 355 3643; x_wconf 83' lang='lat' dir='ltr'><strong>intra</strong></span> <span class='ocrx_word' id='word_1_349' title='bbox 371 3591 430 3643; x_wconf 87' lang='lat' dir='ltr'><strong>dies</strong></span> <span class='ocrx_word' id='word_1_350' title='bbox 447 3593 564 3656; x_wconf 88' lang='lat' dir='ltr'><strong>quinque</strong></span> <span class='ocrx_word' id='word_1_351' title='bbox 580 3606 632 3657; x_wconf 90' lang='lat' dir='ltr'><strong>pu·</strong></span> <span class='ocrx_word' id='word_1_352' title='bbox 669 3589 809 3656; x_wconf 72' lang='grc' dir='ltr'><strong>νίαςδίκη</strong></span> <span class='ocrx_word' id='word_1_353' title='bbox 826 3585 944 3656; x_wconf 77' lang='grc' dir='ltr'><strong><em>[’γένετ’,</em></strong></span> <span class='ocrx_word' id='word_1_354' title='bbox 961 3585 994 3638; x_wconf 79' lang='grc' dir='ltr'><strong>ἐκ</strong></span> <span class='ocrx_word' id='word_1_355' title='bbox 1009 3584 1195 3652; x_wconf 56' lang='lat' dir='ltr'><strong>alsaciam-</strong></span> 
     </span>
     <span class='ocr_line' id='line_1_40' title="bbox 109 3659 1192 3732; baseline -0.004 -13"><span class='ocrx_word' id='word_1_356' title='bbox 109 3671 213 3731; x_wconf 71' lang='lat' dir='ltr'><strong>ssnent.·</strong></span> <span class='ocrx_word' id='word_1_357' title='bbox 225 3669 290 3718; x_wconf 80' lang='lat' dir='ltr'><strong>Aes.</strong></span> <span class='ocrx_word' id='word_1_358' title='bbox 301 3666 632 3730; x_wconf 69' lang='lat' dir='ltr'><strong>(paulipsailofrebob</strong></span> <span class='ocrx_word' id='word_1_359' title='bbox 668 3665 791 3732; x_wconf 76' lang='grc' dir='ltr'><strong><em>ταῠίκη,]</em></strong></span> <span class='ocrx_word' id='word_1_360' title='bbox 812 3660 862 3716; x_wconf 81' lang='grc' dir='ltr'><strong>Ἐκ</strong></span> <span class='ocrx_word' id='word_1_361' title='bbox 879 3661 912 3715; x_wconf 75' lang='lat' dir='ltr'><strong>ol</strong></span> <span class='ocrx_word' id='word_1_362' title='bbox 934 3659 1091 3728; x_wconf 77' lang='grc' dir='ltr'><strong><em>καταδίκης</em></strong></span> <span class='ocrx_word' id='word_1_363' title='bbox 1109 3659 1192 3715; x_wconf 74' lang='grc' dir='ltr'><strong>πέδαι</strong></span> 
     </span>
     <span class='ocr_line' id='line_1_41' title="bbox 111 3738 1117 3805; baseline -0.002 -13"><span class='ocrx_word' id='word_1_364' title='bbox 111 3741 220 3804; x_wconf 67' lang='lat' dir='ltr'><strong>hertei,</strong></span> <span class='ocrx_word' id='word_1_365' title='bbox 239 3742 371 3805; x_wconf 78' lang='lat' dir='ltr'><strong>ltorttap</strong></span> <span class='ocrx_word' id='word_1_366' title='bbox 387 3742 510 3803; x_wconf 74' lang='lat' dir='ltr'><strong>Paesuri.)</strong></span> <span class='ocrx_word' id='word_1_367' title='bbox 540 3743 631 3792; x_wconf 82' lang='lat' dir='ltr'><strong>tonora</strong></span> <span class='ocrx_word' id='word_1_368' title='bbox 668 3755 699 3792; x_wconf 79' lang='grc' dir='ltr'><strong>τι</strong></span> <span class='ocrx_word' id='word_1_369' title='bbox 716 3742 765 3793; x_wconf 61' lang='grc' dir='ltr'><strong>καὶ</strong></span> <span class='ocrx_word' id='word_1_370' title='bbox 789 3738 937 3803; x_wconf 76' lang='grc' dir='ltr'><strong><em>σφάκελος</em></strong></span> <span class='ocrx_word' id='word_1_371' title='bbox 953 3739 1004 3790; x_wconf 78' lang='grc' dir='ltr'><strong>καὶ</strong></span> <span class='ocrx_word' id='word_1_372' title='bbox 1019 3739 1117 3804; x_wconf 71' lang='grc' dir='ltr'><strong>ζημίαιῚ</strong></span> 
     </span>
    </p>
   </div>
   <div class='ocr_carea' id='block_1_5' title="bbox 541 4040 760 4066">
    <p class='ocr_par' dir='ltr' id='par_1_5' title="bbox 541 4040 760 4066">
     <span class='ocr_line' id='line_1_42' title="bbox 541 4040 760 4054; baseline -0.005 -7"><span class='ocrx_word' id='word_1_373' title='bbox 541 4040 760 4054; x_wconf 44' lang='grc' dir='ltr'><strong><em>..ἐ-..-</em></strong></span> 
     </span>
     <span class='ocr_line' id='line_1_43' title="bbox 541 4053 760 4066; baseline -0.009 0"><span class='ocrx_word' id='word_1_374' title='bbox 541 4053 760 4066; x_wconf 57' lang='lat' dir='ltr'><strong>*uu-“-</strong></span> 
     </span>
    </p>
   </div>
   <div class='ocr_carea' id='block_1_6' title="bbox 0 0 1468 4892">
    <p class='ocr_par' dir='ltr' id='par_1_6' title="bbox 0 0 1468 4892">
     <span class='ocr_line' id='line_1_44' title="bbox 0 0 1468 4892; baseline 0 1"><span class='ocrx_word' id='word_1_375' title='bbox 0 0 1468 4892; x_wconf 95' lang='lat' dir='ltr'><strong> </strong></span> 
     </span>
    </p>
   </div>
  </div>
 </body>
</html>
