2925 4892
240 357 303 424 474
623 361 752 411 nomm
772 357 954 409 sarranauu

284 519 453 582 inventore
475 515 594 593 minen
618 534 727 602 neque
750 534 813 599 ego
836 512 878 579 iili
902 510 1074 616 detrahere
1097 511 1201 578 ausim

284 632 479 704 Hderentem
499 635 597 723 capiti
619 655 694 702 oum
716 632 814 699 muita
837 631 935 700 laude
957 651 1121 698 eoronam.
1144 669 1187 680 -

285 759 324 823 At
345 757 410 823 dixi
434 755 537 823 fluere
560 756 646 822 hune
668 754 875 830 lutulentum,
900 773 1000 840 saepe
1023 753 1178 820 ferentem
1290 753 1334 815 50

285 877 382 945 Plura
403 878 537 965 quidem
558 876 700 943 tollenda
721 874 954 962 relinquendis.
975 911 1017 923 —
1039 875 1121 960 Age,
1147 891 1288 959 quaeso,

287 1001 333 1066 Tu
356 999 433 1065 nihil
456 999 488 1064 in
509 1018 626 1084 magno
649 996 765 1063 doetus
787 994 999 1083 reprehendis
1021 994 1187 1062 Homero?

286 1119 334 1186 Nil
357 1120 460 1187 comis
482 1119 593 1206 tragici
617 1126 718 1184 mutat
739 1115 880 1183 Lucilius
902 1115 1004 1183 Accii

311 1373 352 1424 49.
370 1369 623 1432 multommbldus
642 1370 704 1420 LCt.
722 1371 803 1432 (Cum
821 1367 894 1434 «plus
907 1368 1002 1419 decem
1014 1367 1166 1419 codicibus»
1180 1368 1303 1419 ordinem

281 1447 428 1497 verborum
445 1446 552 1496 invertit
569 1443 723 1506 Reutleius.)
752 1471 781 1480 -
809 1445 849 1493 44.
869 1455 961 1503 quaeso
979 1455 1114 1507 supersor.
1132 1457 1148 1492 r
1164 1441 1192 1493 b.
1214 1467 1241 1479 -
1260 1444 1302 1493 52.

279 1521 316 1571 nit
328 1520 355 1571 b.
369 1549 395 1557 -
406 1519 534 1582 reprendis
546 1519 625 1580 S‚LC.
637 1543 664 1553 -
674 1518 717 1568 43.
726 1519 785 1568 Aeci
794 1516 893 1580 bSedp‚
913 1515 1047 1568 Bentleius
1058 1519 1086 1567 44
1094 1517 1126 1567 FJ
1134 1530 1139 1566 :
1152 1517 1202 1566 4444
1214 1517 1301 1568 ectu.

247 1745 474 1794 Varronianorum
484 1745 598 1793 constat.
611 1742 670 1792 vid.
679 1743 772 1794 Rbein.
812 1742 886 1793 cilius
903 1743 1014 1806 propter
1024 1739 1202 1790 urbanitatem
1214 1739 1339 1790 dicituro

248 1819 348 1869 444444.
360 1819 386 1867 F.
397 1819 439 1866 vt.
450 1817 538 1882 piso.
548 1842 577 1854 -
587 1819 718 1867 inventore
727 1817 775 1867 mi-
812 1819 904 1867 Poruu.
926 1816 1062 1878 (Ceterum
1073 1817 1235 1876 Diintzerus,
1255 1827 1341 1878 quem

247 1893 303 1955 nor]
323 1893 407 1941 «sane
429 1905 479 1954 ego
500 1904 544 1952 me
567 1893 699 1956 postpono
721 1893 776 1941 Lu·
813 1891 933 1953 sequitur
961 1891 1185 1952 widemannus,
1217 1891 1342 1954 opinatur

248 1963 366 2015 ciliove!
383 1966 494 2028 propter
510 1965 561 2014 hoe
578 1966 680 2029 ipsum,
703 1965 776 2029 quod
811 1958 959 2014 ἀντίθεσιν
976 1963 1020 2013 hie
1037 1964 1094 2014 fieri
1119 1965 1189 2014 iuter
1206 1976 1248 2012 w.
1261 1965 1342 2012 comis

248 2040 302 2088 hoo
318 2051 402 2101 genus
421 2051 452 2087 ea
469 2038 569 2099 torma,
588 2052 641 2101 qua
658 2052 729 2089 nune
749 2041 775 2088 iu
813 2042 841 2089 44
865 2039 970 2102 tremet,
1001 2037 1090 2101 illique
1119 2038 1341 2101 significationem

249 2113 343 2164 litteris
360 2113 458 2163 Lstinis
470 2113 643 2162 constitutum
655 2115 708 2172 est,
723 2113 776 2176 pri·
813 2113 905 2163 tribuit
928 2113 1020 2174 faceti,
1048 2113 1173 2176 «witzin»,
1193 2124 1274 2176 quam
1290 2125 1342 2162 su-

249 2201 310 2240 mus
328 2187 474 2238 tractavit.»
507 2187 603 2246 Sati,
624 2188 650 2245 4,
670 2185 716 2235 63;
742 2192 777 2236 est
813 2200 861 2251 pra
879 2186 980 2236 habere
998 2187 1103 2236 videtur
1119 2200 1145 2234 v.
1164 2185 1215 2248 44.)
1235 2213 1262 2221 -
1280 2199 1344 2237 mu-

250 2263 360 2314 Lmtttos
376 2274 453 2310 ausus
471 2261 571 2312 Primm
591 2261 620 2309 io
635 2260 700 2309 4444
716 2273 777 2322 ope-
813 2261 865 2324 tet]
894 2259 1072 2312 «mutandum
1101 2273 1124 2310 s.
1152 2260 1343 2323 corrigendum

249 2339 287 2386 ris
302 2349 449 2399 conponere
469 2336 586 2384 cannino
605 2347 709 2383 morem¹
728 2333 775 2384 ii:
814 2337 933 2388 censet.»
962 2336 1042 2386 Voss:
1072 2336 1191 2386 Witnsebt
1215 2336 1278 2385 dem
1305 2349 1343 2384 an

251 2411 378 2473 Quidquid
402 2423 457 2459 sum
482 2422 541 2472 eae,
567 2409 682 2471 qumvis
705 2409 778 2472 Infra
812 2410 894 2460 Attius
909 2408 988 2458 nicbts
1004 2409 1049 2458 der
1064 2409 1140 2458 miide
1160 2409 1269 2458 Lucilius
1289 2423 1343 2458 sn-

251 2485 331 2536 Lueiii
352 2497 452 2534 emittm
477 2484 667 2548 moeniumque,
694 2487 778 2532 tameo
814 2481 888 2533 ders?
912 2481 1344 2545 nortannimbrorum

251 2562 304 2611 eet.
325 2587 353 2595 -
370 2558 526 2622 Haerentem]
546 2559 586 2607 «ei
609 2556 704 2608 merito
728 2556 778 2606 de·
813 2557 979 2618 innotuistis
996 2571 1082 2607 eonem
1100 2558 1196 2620 (Ennii,
1218 2557 1342 2620 Caecilii,

251 2635 350 2695 bitum,
368 2633 437 2684 adeo
454 2635 497 2693 ut,
516 2633 589 2683 nesi
607 2629 704 2682 veliem
721 2632 778 2695 qui·
814 2631 944 2692 Terentii,
967 2633 1087 2694 Pacuvii,
1106 2634 1185 2696 44444)
1203 2632 1347 2682 obtrectan-

252 2711 329 2772 dem,
348 2723 411 2761 eum
428 2709 479 2759 bae
495 2707 574 2758 laude
587 2706 701 2773 spoliare
712 2719 779 2771 pos·
814 2707 852 2756 dis
862 2706 972 2759 Lucilius
982 2707 1039 2770 fuit.
1071 2708 1158 2758 uFaoit
1169 2709 1258 2757 autem
1271 2707 1344 2770 (hoo)

251 2799 337 2837 sem.»
365 2784 423 2834 vid.
437 2783 473 2833 ad
490 2784 584 2844 Sati,
604 2783 632 2844 3,
651 2783 692 2832 32.
716 2779 775 2832 ooli.
816 2779 973 2842 camelius,
1000 2784 1058 2832 tum
1081 2784 1107 2832 in
1128 2783 1206 2833 tertio
1228 2780 1296 2832 libro
1316 2785 1347 2832 et

252 2861 306 2909 Sat.
323 2859 354 2919 2,
374 2859 404 2918 3,
421 2859 479 2907 205.
816 2869 885 2906 nouo
903 2859 931 2906 et
947 2855 1052 2908 decimo
1071 2857 1260 2920 (Satirarumia
1278 2859 1347 2907 Poa-

285 2935 373 2983 teto.
390 2935 469 2997 fluere
484 2933 633 2982 lutulentum
646 2934 708 2997 cet]
721 2932 777 2983 Set.
816 2945 887 2980 rura.
908 2957 935 2966 —
957 2930 1024 2995 Aeci]
1047 2932 1106 2982 Vid.
1126 2931 1161 2981 ad
1178 2933 1244 2996 Epp.
1262 2933 1291 2990 2,
1313 2933 1343 2992 4,

254 3009 284 3067 4,
308 3005 336 3066 4,
360 3007 400 3055 44.
420 3007 560 3057 «torrentis
580 3008 664 3056 instar
685 3019 779 3056 seeum
815 3006 856 3055 56.
878 3029 905 3041 -
924 3005 982 3054 Non
997 3007 1062 3056 ridet
1079 3006 1141 3071 eet]
1160 3007 1249 3056 aldem
1266 3007 1347 3056 Luei-

254 3079 405 3131 trahentem
422 3077 498 3142 plura
514 3080 624 3143 quidem
635 3079 779 3130 recidendo
816 3079 891 3141 lius»
904 3081 996 3144 inquit,
1008 3081 1133 3131 «minime
1142 3080 1259 3132 abstinet
1269 3093 1283 3130 a
1295 3079 1348 3130 de·

253 3152 418 3205 servandis.»
433 3181 459 3189 -
474 3154 567 3218 doctus]
587 3155 735 3205 «criticus»
751 3183 777 3191 -
817 3155 935 3206 ridendis
951 3156 1026 3206 Ennii
1041 3154 1164 3206 versibus
1179 3157 1266 3206 minus
1282 3167 1346 3216 gra·

253 3227 419 3292 reprehendis]
438 3229 573 3279 Eiusmodi
590 3229 781 3293 reprehensio·
817 3231 909 3292 vibus,
922 3243 1004 3294 quam
1015 3228 1346 3292 reliquaaiusetomuino

255 3317 303 3356 nes
317 3303 426 3354 Homeri
438 3316 471 3353 ex
482 3302 574 3354 sebois
586 3305 781 3354 Grammatico·
817 3307 885 3369 epici
902 3306 1008 3368 generis
1026 3303 1139 3366 dignitas
1162 3305 1285 3367 requin't.
1315 3307 1347 3354 ut

254 3379 782 3445 mmniexandrinorumproieetseeom·
817 3393 879 3430 eum
897 3379 1014 3443 scripsit:
1032 3379 1064 3428 44
1075 3379 1135 3428 tuba
1146 3378 1348 3428 terribitisonitu

254 3455 344 3521 piures
356 3455 526 3506 inveniuntur
537 3456 564 3506 in
574 3454 685 3506 Scholiis
695 3455 783 3505 44444-
817 3459 982 3504 mutantem
1006 3454 1083 3516 444444,
1113 3455 1153 3503 et:
1183 3453 1270 3503 OTito
1291 3457 1347 3504 tute

255 3533 297 3583 tis.
304 3530 363 3580 Vid.
370 3529 405 3580 ad
414 3532 469 3580 Art.
477 3531 549 3580 Post.
558 3544 584 3581 v.
593 3530 649 3579 359.
660 3557 688 3565 -
696 3529 780 3594 comis]
819 3530 873 3580 Tuti
884 3528 929 3578 tibi
939 3534 1012 3578 tonte
1022 3533 1129 3590 toronos
1140 3529 1217 3578 tidisti
1228 3529 1344 3591 omnia,

255 3602 783 3674 Nonperaipovstoevseoipiendumpu·
817 3605 897 3654 item:
924 3604 971 3653 teto
994 3603 1127 3667 4444444444
1147 3616 1251 3665 eorpus,
1277 3615 1346 3654 saxeo

256 3679 297 3726 to:
320 3689 417 3738 «quem
429 3678 472 3737 tn,
489 3677 586 3727 nimius
598 3678 656 3728 eius
667 3676 782 3726 admira·
817 3690 872 3727 cere
899 3678 1045 3727 comminuit
1068 3677 1167 3727 brion.»
1208 3679 1347 3728 Genitivus

256 3752 307 3808 tor,
320 3761 436 3809 comem,
450 3763 589 3813 nunquam
600 3753 649 3800 nisi
661 3752 688 3801 in
697 3751 783 3801 homi·
817 3751 884 3802 Enni
901 3753 992 3800 autem
1009 3750 1124 3802 retertur
1135 3755 1163 3803 et
1173 3751 1208 3802 ad
1221 3765 1246 3802 v.
1257 3765 1349 3803 vermis

258 3836 306 3874 nes
314 3824 423 3873 vitiosos
432 3824 570 3884 acerbum,
580 3826 728 3890 4444444449,
740 3839 783 3876 so-
819 3827 846 3876 44
862 3825 897 3875 ad
916 3839 942 3875 v.
961 3826 1100 3888 9444444444,
1130 3839 1193 3876 uam
1218 3827 1349 3890 arduitate

257 3896 297 3948 les
309 3899 460 3959 nominare,
475 3899 525 3948 etsi
537 3899 671 3950 interdum
683 3903 782 3950 aeriter
817 3901 926 3950 minores
942 3898 1063 3950 absolute
1082 3900 1173 3951 dicere
1191 3913 1244 3951 uon
1267 3902 1348 3964 pote-

257 3971 429 4035 repreheudit
452 3972 557 4035 priores
581 3975 709 4037 poetasn·
732 3973 782 4026 sed
819 3977 867 4025 rat.
903 3977 942 4026 De
954 3975 1037 4025 Ennio
1050 3975 1083 4025 44.
1097 3975 1132 4025 ad
1145 3975 1192 4026 0d.
1206 3975 1234 4034 4,
1254 3975 1282 4035 8,
1300 3976 1346 4025 444.

257 4045 372 4096 retertur
387 4046 475 4110 potius
492 4044 526 4095 ad
542 4045 614 4097 iliam
632 4049 712 4099 animi
736 4049 784 4100 bo-
819 4049 884 4114 Epp.
905 4052 933 4110 4,
953 4051 1000 4110 49,
1018 4050 1043 4099 4.
1065 4077 1092 4086 -
1111 4050 1223 4112 loquitur
1245 4063 1296 4098 noo
1318 4057 1350 4101 ot

257 4121 381 4182 nitatem,
408 4132 491 4183 quam
507 4120 604 4170 merito
625 4123 651 4171 44
668 4135 701 4172 44
724 4121 783 4174 lau·
818 4123 1057 4188 maiorereprmsis]
1076 4121 1349 4188 «Mboruunovoigo

257 4193 304 4244 dat
320 4195 372 4244 sat.
386 4195 414 4256 4,
434 4195 464 4255 4,
484 4193 516 4244 34
533 4207 610 4259 seqq.
625 4195 723 4246 «Cernis
733 4199 784 4248 Lu·
819 4198 891 4248 hune
907 4211 933 4248 r.
946 4198 983 4248 ita
999 4198 1150 4264 interpungi
1167 4199 1194 4249 et
1209 4195 1348 4263 explicari,
