2925 4892
489 381 547 432 ua.
567 381 587 432 1.
622 381 720 433 arur.
740 383 827 434 run.
1140 381 1203 446 557

158 543 232 613 Aut,
257 537 285 603 si
308 557 372 603 non
395 535 476 612 odit,
500 537 582 622 regit
603 555 642 602 ac
663 535 761 602 veluti
783 537 838 623 pla
858 547 961 604 mater

155 657 231 726 Plus
253 677 351 746 quarn
374 677 411 723 se
433 675 549 744 sapere
571 666 604 724 et
623 655 795 724 virtutihus
809 627 891 726 'esse
912 660 1054 746 priorem

155 779 236 856 Volt,
261 789 294 846 et
315 778 359 846 ait
380 797 483 866 prope
497 797 591 845 vera:
615 779 705 846 llaae
718 815 763 828 -
775 778 974 846 contendere
992 780 1059 848 noli
1073 817 1116 830 -

155 899 326 968 stultitiam
347 899 512 985 patiuntur
532 919 629 986 opes;
652 898 708 966 tibi
732 900 867 986 parvula
888 921 941 968 res
962 912 1027 969 est:

153 1023 230 1086 Arta
252 1019 347 1086 decet
367 1039 482 1086 sanum
504 1019 654 1087 comitem
676 1029 767 1106 toga3
789 1020 903 1088 desine
925 1043 1054 1090 mecum
1157 1025 1199 1090 30

155 1141 298 1208 Certare.
341 1139 548 1227 Eutrapelus,
572 1140 756 1228 cuicunque
777 1161 897 1210 nocere
919 1142 1062 1222 volebat,

153 1261 350 1328 Vestimenta
371 1259 469 1327 dabat
489 1260 646 1347 pretiosa:
677 1259 792 1328 beatus
814 1264 901 1329 enim
923 1265 987 1330 iam

153 1383 234 1449 Cum
256 1381 399 1470 pulchris
421 1381 536 1448 unicis
561 1390 666 1448 sumet
687 1403 773 1448 nova
795 1383 929 1450 consilia
950 1396 983 1453 et
1003 1408 1098 1475 spes,

175 1515 218 1564 26.
239 1513 296 1578 Aut]
317 1513 352 1564 Ao
368 1514 395 1564 d.
417 1539 444 1550 -
463 1513 503 1564 28.
523 1514 577 1578 opit
593 1514 619 1563 S.
640 1539 667 1550 ·-
685 1514 766 1578 Mene]
783 1515 845 1564 miti
862 1528 902 1579 pr.
921 1517 939 1566 d
957 1519 985 1567 et
1001 1532 1016 1568 e
1035 1519 1119 1570 codd.
1134 1522 1162 1571 L.

146 1617 172 1625 -·
191 1589 233 1638 30.
252 1589 316 1638 Atra
332 1589 361 1638 E.
377 1615 404 1626 -
423 1587 463 1638 33.
476 1587 592 1637 consilia:
616 1601 703 1649 carpet
720 1589 739 1638 C
759 1602 773 1638 e
791 1589 896 1641 Codicis
913 1593 991 1642 Tons.
1005 1591 1066 1643 lect.
1079 1606 1163 1656 expet,

112 1701 229 1762 portuno]
248 1713 333 1764 «qnae
356 1700 486 1763 pecuniae
509 1699 634 1764 cupidum
673 1699 736 1749 dem
751 1700 779 1748 in
794 1701 892 1762 spmto
909 1703 1030 1763 pausent,
1055 1705 1099 1754 aar
1113 1717 1140 1755 η
1154 1707 1198 1756 q..

113 1776 304 1839 conquiescere
317 1785 453 1837 nunqnam
465 1774 635 1824 siniteteum
673 1778 743 1822 tuem
759 1779 845 1837 mom
860 1777 961 1836 corpori
982 1778 1018 1825 sic
1036 1778 1194 1841 appennine
1217 1775 1221 1788 '

113 1851 237 1900 continuo
254 1851 360 1898 vexet.»
375 1875 402 1884 -
421 1849 503 1898 dmm
518 1847 585 1898 uitiis
597 1847 636 1896 in·
671 1851 700 1896 ut
715 1860 796 1911 supas
806 1862 857 1898 noe
871 1849 949 1910 sorte,
966 1851 1009 1900 ted
1022 1852 1196 1903 numu

112 1923 235 1986 maor]
256 1921 354 1974 smalto
371 1922 514 1972 vitiosior.»
545 1923 635 1972 Decem
671 1925 744 1970 cotue
759 1923 855 1984 critice
875 1924 955 1972 nodus
974 1926 1154 1988 constrinperet
1172 1933 1197 1977 ei

112 1995 636 2062 stousnrpabantinsermonequotidia·
670 1996 740 2044 nasu
760 2010 793 2046 ez
814 2000 949 2058 momento
970 2000 1079 2064 defluens
1102 2003 1197 2052 mm

112 2087 152 2124 no.
170 2073 256 2124 Plani.
270 2074 351 2124 llere.
365 2074 394 2131 2,
413 2071 442 2130 3,
462 2071 488 2120 44
502 2086 507 2119 :
525 2071 564 2120 ito
575 2073 635 2121 nni-
670 2070 757 2120 interis
772 2070 886 2120 ambiret.
898 2095 927 2108 -
937 2074 1060 2140 corniton]
1074 2089 1128 2126 non
1139 2079 1195 2128 um

109 2151 143 2198 rei
159 2150 244 2198 exon
261 2148 287 2196 io
306 2151 406 2209 pectore
423 2147 512 2195 incerti
527 2151 632 2196 certant.
671 2143 822 2205 intitulare,
846 2157 929 2208 quarn
950 2147 1089 2200 honestius
1111 2163 1195 2200 aoce-

111 2225 148 2274 Cl.
160 2227 190 2274 Α.
205 2225 234 2274 Ρ.
248 2221 309 2272 365ι
332 2221 400 2272 Haec
416 2220 522 2283 (poesis)
537 2221 635 2282 placuit
671 2215 764 2268 bulum
781 2231 830 2282 pro
847 2218 955 2280 cliente,
981 2222 1028 2284 qui
1053 2225 1194 2286 patronum

109 2298 191 2358 sami,
220 2297 281 2346 iaec
297 2296 375 2346 decies
391 2294 497 2356 repetita
515 2294 632 2357 placebit.
669 2293 925 2346 inlorumdedncii.
944 2295 1133 2360 Ci.sat.2,li‚
1151 2299 1192 2349 47.

109 2373 256 2422 immernor
283 2373 374 2420 autern
402 2363 479 2438 παρὰ
507 2366 633 2439 προσδο-

110 2447 186 2507 sins,
215 2445 292 2508 quasi
313 2442 456 2492 vercellis
475 2445 632 2493 ornamento
702 2443 790 2493 34-36.
808 2445 969 2509 Eutrapelum]
984 2447 1012 2495 P.
1026 2444 1192 2506 volumnius,

110 2523 135 2571 et
151 2517 296 2571 commodo
314 2521 413 2568 essem.
670 2528 755 2578 eques
766 2518 824 2576 lto,
841 2516 876 2566 ad
892 2531 974 2581 quem
985 2521 1048 2569 sunt
1059 2521 1113 2571 Cic.
1124 2522 1191 2584 Epp.

140 2595 230 2646 26-30.
246 2594 319 2657 repit]
333 2593 478 2642 ontionem
491 2591 596 2641 vivendi
608 2593 632 2641 ei
670 2589 739 2639 duee
757 2589 791 2638 ad
810 2591 881 2639 lam.
900 2591 929 2648 7,
947 2591 988 2640 32.
1006 2594 1034 2640 et
1054 2592 1111 2652 ³3.‚
1129 2607 1194 2657 pro-

108 2668 293 2736 praescribit.»
321 2695 349 2704 -
375 2667 450 2716 edati
471 2667 519 2728 pto
542 2667 632 2728 mater]
669 2665 729 2726 pter
754 2661 936 2724 testivitatem,
963 2663 1084 2725 lucetius,
1110 2666 1194 2716 urbs·

108 2745 262 2796 Admodum
274 2743 366 2794 festive
376 2742 514 2805 comparat
522 2739 632 2790 divitem
671 2737 795 2796 nitatem,
825 2736 924 2800 quibus
952 2737 1079 2800 aequales
1106 2752 1193 2803 paone

107 2821 242 2877 vitiosum,
256 2813 633 2881 quiamiciinieriorismalam
671 2823 766 2862 omnes
782 2809 940 2875 superabat,
965 2811 1122 2876 Eutrapelus
1143 2827 1194 2864 no·

107 2893 224 2958 aliquem
256 2892 476 2942 consuetudinem
507 2889 631 2952 castigat.
671 2888 787 2937 minatus
805 2888 855 2936 est.
886 2887 1000 2948 (arista.
1014 2888 1090 2938 linet.
1103 2888 1132 2946 2.
1146 2889 1191 2938 ta:

107 2981 169 3019 cum
188 2969 287 3026 matre,
305 2967 348 3017 cui
365 2964 463 3016 liberos
480 2978 495 3014 a
512 2964 580 3014 vitiis
592 2975 634 3012 re-
670 2961 702 3010 οἱ
716 2962 831 3011 venen
846 2959 1051 3026 φιλογέλωτες,
1076 2958 1122 3012 διὸ
1142 2964 1192 3014 καὶ

106 3055 205 3092 uocare
223 3042 390 3105 propositum
407 3041 449 3090 est
466 3041 492 3088 et
509 3037 630 3098 efficere,
670 3029 847 3106 εὐτράπελοι·
865 3029 885 3100 ἡ
896 3031 952 3106 γὰρ
963 3029 1132 3106 εὐτραπελία
1142 3052 1193 3089 sre-

106 3121 135 3168 ut
160 3116 204 3167 vel
230 3118 318 3166 semet
341 3115 399 3178 ipsa
418 3111 543 3164 meliores
567 3125 632 3162 ava·
669 3109 844 3176 πωᾰευμένη
862 3102 945 3180 ὕβρις
961 3109 1061 3176 ἐστίν.)
1088 3113 1192 3165 Eratis

106 3193 179 3243 dant.
201 3217 230 3227 -
245 3189 334 3252 prope]
351 3187 409 3238 vid.
423 3187 458 3237 ad
475 3187 540 3250 Epp.
558 3188 585 3246 4,
604 3187 629 3246 6,
669 3188 737 3236 inter
757 3185 862 3236 Antonii
886 3185 1019 3236 collocem
1039 3192 1063 3236 ei
1086 3187 1191 3236 monus.

106 3270 129 3317 4.
152 3294 180 3304 -
199 3267 273 3316 Nece
295 3263 357 3326 oet]
377 3263 466 3313 «Meae
489 3273 554 3324 opes
572 3262 631 3310 tsn-
669 3263 723 3314 Cic.
738 3260 847 3324 Philipp.
861 3259 906 3320 43,
919 3260 949 3320 2,
968 3259 992 3308 3.
1011 3259 1155 3323 Aliquoties
1167 3261 1192 3310 ei

106 3346 147 3392 tue
166 3342 242 3399 sunt,
266 3339 296 3388 ni
316 3335 423 3388 stultitia
445 3333 632 3398 (quemadmo-
668 3349 750 3400 opem
761 3333 820 3384 tulit
828 3334 940 3384 Atticus.
967 3334 1046 3383 Corn.
1060 3335 1190 3396 Nepittt.

106 3416 171 3466 dnm
193 3412 327 3464 luxuriem
350 3423 399 3475 per
415 3409 629 3473 euphemismum
668 3411 692 3459 9.
712 3409 753 3458 4ο.
772 3409 813 3457 ta.
834 3431 861 3442 -
885 3406 1031 3468 cuicumque]
1052 3406 1117 3464 Quia
1139 3406 1191 3455 hoc

104 3490 191 3551 vocati
211 3499 258 3538 eas
275 3499 328 3537 non
346 3485 474 3535 attenuat.
491 3509 506 3520 -
523 3483 631 3543 -Quod
669 3495 776 3546 quoque
794 3493 810 3528 a
827 3480 943 3541 Cruquio
962 3477 1074 3541 allisque
1094 3491 1191 3541 penam

106 3567 130 3616 tn
148 3564 231 3614 divite
248 3559 356 3612 stultitia
368 3562 410 3610 est
426 3558 580 3618 strantes,
600 3555 631 3606 il·
668 3553 832 3606 intellectum
850 3555 903 3612 est,
921 3565 976 3602 uno
992 3550 1088 3602 saltem
1105 3551 1191 3601 verbo

105 3637 151 3689 lud
177 3639 204 3687 in
230 3647 349 3701 paupere
374 3633 449 3684 turor
465 3635 507 3682 est
526 3644 558 3681 ac
580 3631 631 3681 de·
668 3627 877 3693 significabimus
899 3626 972 3677 idem
993 3625 1049 3676 lere
1072 3639 1133 3676 esse
1149 3629 1192 3676 at-

105 3713 233 3764 mentia.»
252 3713 328 3760 (lass.
349 3737 376 3746 -
386 3708 450 3758 Arte
459 3733 471 3744 -
481 3733 493 3744 -
503 3707 572 3770 lopo]
585 3707 631 3756 Di·
668 3717 720 3768 que
733 3705 772 3754 «si
783 3702 851 3752 cui.»
863 3728 891 3738 -
903 3699 989 3761 noim]
1000 3699 1192 3764 imperiectum

106 3788 188 3836 tiores
214 3785 283 3847 togis
309 3782 454 3834 utebantur
477 3779 556 3843 lurgis
582 3779 632 3844 (liis
668 3778 798 3840 significat
819 3787 882 3827 eum
904 3777 1040 3824 mortuum
1062 3786 1136 3835 esse,
1162 3777 1193 3824 ut

105 3863 184 3910 irim
204 3859 325 3909 utam
347 3862 407 3920 iope
429 3854 512 3920 Epod.
531 3853 560 3915 4,
584 3854 630 3916 a),
668 3854 721 3902 Sat.
744 3853 772 3913 4,
796 3851 825 3910 3,
849 3851 873 3900 3.
903 3849 951 3900 Est
975 3852 1080 3899 autem:
1109 3848 1191 3898 «dere

106 3947 160 3998 quo
177 3932 309 3998 plicarum
325 3931 436 3994 pulchra
454 3941 483 3980 se
496 3929 631 3992 excipien-
668 3925 730 3976 olim
755 3924 884 3986 solebat»
909 3936 975 3974 non:
1002 3923 1105 3972 «danda
1130 3935 1191 3974 esse

107 4009 171 4059 turn
198 4007 285 4057 mutor
309 4007 382 4056 esset
406 4015 541 4055 numerus.
575 4002 631 4051 tta-
668 3999 783 4060 aiebat»
804 4011 868 4049 nso:
900 3997 973 4048 «dari
997 3995 1137 4060 optabat.»
1161 4000 1191 4048 ut

107 4081 181 4132 orob.
203 4081 308 4130 saturn.
328 4081 358 4139 2,
382 4079 411 4128 9:
440 4079 468 4140 ο.
487 4077 632 4126 Hortemiiu
668 4072 711 4124 elii
728 4070 892 4137 interpretati
910 4073 980 4122 sunt.
995 4098 1022 4108 -
1039 4071 1191 4134 beaumis

108 4154 214 4218 (oratori
241 4154 290 4216 [4444
313 4153 402 4202 omis
427 4152 462 4200 sii
484 4149 631 4200 mmditiem
667 4147 779 4198 beutum
796 4158 857 4196 esse
876 4146 1038 4196 somnians.»
1059 4173 1086 4180 -
1103 4142 1190 4206 nem]

106 4230 205 4279 cusiow
222 4232 259 4288 si,
275 4231 305 4276 st
320 4227 379 4278 lenc
390 4226 497 4276 mm
511 4225 573 4285 iret,
591 4223 631 4284 so·
669 4222 758 4294 eliseo
774 4218 908 4281 cogitabat
923 4217 965 4268 vel
982 4218 1073 4270 (licere
1087 4213 1192 4268 solebat
