2925 4892
522 364 581 415 trs.
600 366 619 414 ι.
655 364 722 416 sir.
743 364 784 415 ιν.
1157 366 1192 431 gt

151 523 233 588 Cum
255 520 351 585 venia
372 518 480 585 dabis:
505 520 642 586 insuevit
663 530 756 607 pater
777 520 917 608 optimus
939 520 1000 587 hoc
1023 544 1089 597 rno,
1136 523 1197 588 4θὸ

152 643 191 710 Ut
212 642 373 727 fugerem,
395 640 552 727 exemplis
573 641 724 707 vitiorum
747 662 898 731 quaeque
921 644 1069 709 notando.

150 764 234 830 Cum
256 783 310 828 me
333 761 530 839 hortaretur,
554 782 668 849 poree,
691 762 858 849 frugaliter
879 774 975 851 atque

150 885 305 950 viverem
325 884 371 949 uti
393 890 563 949 contentus
585 902 626 949 eo
648 882 737 969 quod
759 884 802 949 mi
825 886 896 972 ipse
918 894 1079 972 parasset:

151 1008 266 1073 Nonne
288 1003 398 1079 vides,
421 1003 493 1069 Albi
517 1013 552 1069 ut
572 1002 657 1070 maie
678 1004 765 1070 vivat
785 1002 870 1071 filius
894 1015 992 1092 utque

151 1127 275 1192 Bonus
288 1125 406 1211 inops?
428 1124 578 1211 Magnum
592 1123 830 1203 documentum,
848 1146 889 1193 ne
901 1128 1036 1215 patriam
1052 1150 1120 1196 rom
1141 1128 1202 1195 440

152 1246 300 1313 Perdere
320 1246 396 1334 quis
415 1244 502 1312 velit.
545 1248 570 1310 Α
594 1246 677 1333 turpi
700 1248 878 1314 meretricis
901 1270 1010 1315 amore

153 1369 237 1435 Com
260 1368 457 1434 deterreret:
481 1367 609 1434 Soetani
631 1366 795 1434 dissimilis
818 1371 871 1437 sis.

180 1550 237 1598 4044.
256 1548 433 1597 ὴκυϋ--ωἰ
450 1548 478 1597 L.
497 1547 595 1610 (insevit
611 1560 651 1611 pr.
664 1564 697 1608 κ,
716 1560 773 1597 var.
788 1546 847 1598 ieet.
861 1553 904 1611 φ.)
920 1576 946 1586 —-
966 1550 1022 1601 408.
1038 1564 1169 1613 porussos

146 1640 176 1689 y.
193 1650 219 1659 -
235 1622 293 1672 4449.
313 1622 493 1684 utqwbmon
511 1622 599 1685 Sedp).
621 1646 648 1657 -
668 1622 724 1671 tto.
743 1622 841 1671 Burrus
857 1623 971 1683 sectr:
991 1624 1074 1674 Borrae
1090 1626 1170 1690 bcdp,

144 1700 212 1747 item
228 1696 317 1747 Benti.
335 1700 364 1746 et
379 1698 414 1749 44.
449 1698 503 1760 (ain
520 1698 628 1747 nomine
644 1697 729 1747 eam
745 1698 812 1747 miro
833 1696 1053 1750 membranarum
1072 1699 1175 1751 discor-

143 1772 190 1822 dia
208 1772 265 1831 est,
283 1771 399 1833 Burnus,
416 1772 512 1832 Bono,
530 1773 624 1833 sarm,
643 1772 752 1832 Bartru,
774 1771 866 1831 Vener,
884 1772 963 1821 Boios
980 1772 1172 1835 exhibentium,

143 1850 182 1896 its
200 1850 293 1896 tamen
310 1848 340 1895 ut
359 1846 386 1895 iu
407 1844 529 1910 pluribus
550 1846 630 1895 Baius
650 1848 832 1910 compareat..
856 1847 959 1909 Burro.)
988 1874 1015 1883 -
1038 1854 1067 1899 ot
1083 1850 1175 1911 oui--

142 1924 239 1973 Farris
254 1919 300 1971 rel
315 1922 391 1972 Panis
406 1922 478 1983 uuor
493 1920 612 1971 malebat
626 1918 769 1971 Bentleius.
793 1920 832 1983 (ut
848 1921 892 1982 oui
912 1934 978 1971 sons
997 1921 1061 1971 cod.
1081 1922 1176 1973 Galeo-

141 1998 217 2059 nus.}
248 2019 276 2031 -·
307 1997 362 2045 444.
388 1995 467 2060 AJAt
483 1996 516 2044 Se
533 1996 595 2057 (non
612 1994 686 2058 bdp).
715 2020 743 2029 -
771 1994 827 2043 tte.
854 1994 941 2043 Setoni
958 1994 1013 2057 (sie)
1031 1996 1057 2057 S,
1076 1996 1176 2047 Sestum

143 2071 211 2121 ctd.
232 2070 359 2131 cruquii,
379 2071 433 2119 tros
450 2070 580 2129 Pettierii,
600 2068 675 2129 tctJ,
693 2068 807 2119 &meisi
825 2068 945 2133 Go'ttiing.
956 2070 1047 2121 Philoi.
1067 2074 1175 2125 Schnei-

143 2147 216 2195 detr.
236 2146 257 2194 l.
276 2157 304 2207 p.
324 2143 380 2192 4444.

113 2290 204 2349 copus
232 2284 350 2335 aeneas
376 2296 479 2346 mmm,
507 2286 574 2345 quod
602 2284 646 2333 tibi
681 2285 1126 2349 rordss--Obtioistoorsoutrquom
1136 2290 1207 2349 mitri,

112 2373 209 2422 mque
231 2359 550 2421 Μαι-4444444444]
573 2359 645 2409 Con·
681 2360 1097 2411 --ristoivoeartuomieit:
1124 2364 1208 2415 Causa

113 2435 262 2485 structione
280 2434 419 2483 contrecto
434 2447 467 2483 ex
479 2434 504 2496 4)
518 2435 563 2483 «ot
573 2430 645 2483 aliud
680 2432 729 2497 suit
746 2438 822 2495 puter
841 2434 895 2483 itis.
920 2460 950 2471 -
968 2436 1089 2499 amentis
1104 2464 1116 2474 -
1131 2464 1143 2474 -
1158 2452 1207 2489 no-

114 2508 177 2572 quid
192 2521 263 2558 vers
284 2509 443 2571 promittere
461 2507 496 2558 ds
512 2521 557 2559 me
579 2520 645 2573 pos-
681 2507 766 2569 modo]
791 2508 917 2569 quonism
940 2510 1042 2559 ratione
1060 2522 1114 2561 nou
1130 2514 1209 2575 pote-

113 2598 204 2634 sum:·
226 2583 253 2645 2]
272 2580 646 2647 usiqutdaiiudnpromit·
681 2582 731 2630 rst.
764 2579 819 2630 vid.
838 2593 864 2630 v.
884 2581 932 2631 445
953 2594 1014 2645 sqq.
1044 2608 1070 2619 —
1098 2587 1134 2633 mi
1158 2586 1211 2648 ipss

114 2662 170 2708 tere
186 2668 332 2722 pessuma
678 2654 804 2717 parasset]
831 2656 897 2703 Nam
920 2666 982 2704 eum
1006 2658 1211 2709 manumittere-

144 2730 274 2782 4445-408.
302 2729 411 2779 insuevit
426 2729 488 2794 oet]
511 2730 644 2795 Exemplis
681 2733 740 2788 tur,
759 2740 812 2779 non
829 2729 935 2791 poterut
951 2726 1052 2779 hebere
1065 2732 1115 2781 nisi
1126 2745 1211 2795 pecu-

113 2804 278 2855 Bentleianis
295 2802 367 2853 adde
383 2804 444 2853 Tuo.
464 2805 531 2853 Aun.
549 2805 579 2865 2,
597 2805 643 2855 52:
681 2804 760 2863 iium;
784 2800 898 2865 sgsiium
916 2803 943 2851 et
964 2802 1119 2855 demumst
1141 2819 1210 2869 quae

113 2885 140 2929 ut
155 2881 234 2929 isctos
253 2878 325 2925 uiros
339 2902 381 2913 -·
403 2877 535 2940 αἰεάρὶὶιω
551 2883 575 2928 st
595 2879 646 2927 ios·
681 2880 708 2928 in
720 2877 804 2928 tilium
816 2878 914 2927 Romus
927 2877 1096 2929 edocendum
1109 2880 1212 2933 insum-

111 2955 189 3017 psi-iis
203 2956 338 3002 mm.
368 2951 495 3002 Ceterum
506 2964 571 3001 eave
584 2964 647 3002 cou-
681 2954 749 3018 psit,
780 2952 869 3002 omnia
900 2952 957 3015 ipss
987 2954 1147 3017 acquisierat
1177 2970 1210 3007 ex

114 3031 203 3079 struas
230 3039 297 3076 enm
319 3024 455 3076 Bentleio:
481 3027 587 3077 insuevit
606 3040 646 3077 eto
682 3027 814 3077 eosetoris
831 3038 952 3076 munero.
983 3026 1105 3078 Absurde
1118 3028 1210 3081 estie-

112 3109 201 3167 para,
228 3107 259 3151 ut
282 3101 330 3149 itoc
353 3101 479 3164 suenum
509 3102 557 3152 ssd
582 3114 645 3151 eum
683 3101 735 3151 otio
753 3100 818 3151 Cori.
839 3100 909 3150 Leid.
925 3114 1068 3162 pueram.

114 3177 243 3228 iisrhstio
261 3176 354 3238 (Lecti.
367 3176 466 3225 venus.
484 3178 512 3225 P.
531 3178 551 3225 i.
570 3188 596 3239 p.
610 3176 645 3235 7.)
715 3174 845 3224 tos-tes.
874 3174 938 3238 Aioi]
963 3176 994 3225 V.
1014 3188 1094 3240 supra
1120 3190 1145 3227 v.
1165 3178 1206 3229 48.

115 3252 200 3301 serbo
217 3251 260 3300 sie
276 3248 425 3299 ordinando
436 3251 512 3300 sunt:
531 3250 576 3299 «st
586 3250 648 3310 quio
684 3249 763 3298 «Miro
775 3246 938 3309 urbanitate,
956 3248 1021 3299 dum
1032 3252 1109 3312 quusi
1121 3254 1211 3302 osten·

116 3352 130 3362 -
146 3351 162 3364 ·
178 3325 286 3384 mero,
312 3323 358 3372 iios
375 3328 452 3385 puter
470 3337 510 3374 ms
525 3324 646 3384 assuevit,
683 3322 735 3383 dit,
754 3323 890 3386 quomodo
908 3335 938 3371 se
955 3326 1031 3385 poter
1048 3326 1103 3375 suis
1121 3327 1208 3375 moui·

117 3401 230 3451 mdo
248 3397 371 3459 muniis
391 3412 504 3460 quosque
517 3399 647 3461 vitiem,
685 3397 717 3447 tis
743 3408 853 3446 monere
877 3394 970 3445 solitus
994 3400 1080 3457 esset,
1107 3398 1210 3448 intereo

116 3480 144 3523 st
159 3475 307 3538 mmm
324 3474 355 3520 ut
370 3472 501 3523 sententio
518 3473 645 3524 haeesit:
684 3468 783 3519 multos
800 3469 941 3533 pereutit.»
969 3470 1030 3518 Aen.
1056 3498 1082 3505 -
1102 3470 1209 3535 Bonus]

118 3547 241 3611 ·Siquid
258 3546 327 3596 forte
339 3546 366 3595 in
377 3547 465 3597 satiris
481 3545 591 3597 liberios
602 3549 649 3596 uut
684 3544 766 3593 homo
789 3544 902 3606 ignotus.
933 3541 986 3592 Cir.
1006 3544 1058 3591 Set.
1078 3544 1106 3605 4,
1131 3544 1158 3605 7,
1184 3544 1208 3595 8.

117 3623 236 3673 sensus
252 3621 289 3670 de
306 3620 359 3670 hoe
375 3622 456 3685 utque
478 3619 522 3671 iiio
538 3621 648 3671 homine
687 3646 714 3653 -
732 3618 812 3682 inops]
836 3618 878 3667 sit.
898 3616 1035 3667 iisnitesto
1059 3616 1128 3667 duae
1148 3622 1211 3670 sunt

117 3700 166 3745 aut
181 3697 245 3745 vitio
262 3694 371 3755 dixero,
390 3694 417 3744 id
433 3695 498 3744 mihi
513 3696 647 3758 ignosces,
685 3706 832 3757 personae,
852 3705 904 3743 non
922 3694 950 3741 ut
962 3693 1074 3743 ioannes
1085 3706 1137 3743 von
1150 3696 1211 3747 Gott

118 3772 266 3835 propterea
283 3768 357 3831 quod
376 3769 402 3818 iu
424 3782 485 3819 eam
502 3771 649 3821 consuetu·
685 3766 806 3819 i'rohiieh
818 3769 909 3830 Progr.
921 3779 948 3830 p.
961 3766 1000 3815 49,
1014 3764 1106 3829 legens
1123 3775 1207 3833 otqrrs,

118 3845 213 3895 dinem
227 3843 363 3894 adductus
379 3856 440 3895 sum
456 3845 550 3908 optimi
566 3843 649 3908 patris
685 3841 758 3905 quod
779 3840 887 3891 exhibet
911 3841 976 3891 Cod.
992 3838 1027 3903 b,
1055 3843 1121 3892 mira
1144 3857 1211 3894 eon-

67 3924 70 3929 ’
118 3920 301 3978 institutione,
328 3919 428 3983 quippe
450 3919 496 3983 qui
518 3917 649 3982 exemplis
685 3917 829 3967 structione
848 3928 927 3965 unam
945 3914 1018 3965 isoit:
1039 3922 1081 3965 «ut
1097 3917 1210 3978 Barrus,

117 3994 247 4043 vitiorum
272 4005 396 4056 meque
419 3996 513 4043 notare
534 3991 647 4054 soleret,
684 3990 739 4040 Albi
754 3990 832 4054 titire,
858 3990 923 4039 mois
945 3995 1020 4052 atque
1042 3991 1113 4052 inops
1131 3993 1208 4041 siret.

119 4072 150 4119 ut
168 4080 321 4117 averem.»
354 4069 505 4118 pronomen
521 4067 650 4117 ioereie-
688 4092 715 4103 -·
735 4066 843 4126 Sestum]
861 4066 932 4115 Lsoi.
946 4065 1047 4114 Ssetuui
1064 4064 1128 4116 Ctd.
1142 4067 1211 4115 Cru-

119 4141 289 4192 rendumed
305 4144 474 4206 antegressa,
496 4142 647 4201 oiseii,
686 4140 740 4203 quii
766 4138 921 4203 praeierunt
945 4140 1014 4189 Voss
1040 4140 1066 4188 et
1091 4138 1208 4189 Schmid.

120 4218 155 4276 6,
181 4216 227 4265 68;
257 4217 285 4266 Si
308 4229 387 4278 usque
410 4217 550 4267 sonivium
571 4228 651 4279 nsque
687 4215 744 4265 iioo
766 4217 855 4264 temen
880 4226 977 4264 nornen
999 4213 1027 4263 in
1045 4214 1142 4263 mirum
1160 4213 1212 4261 hoe

214 4308 304 4355 fleur.
321 4320 377 4355 von.
395 4309 421 4354 11.
453 4321 493 4354 ro.
510 4318 561 4354 ιιι.
579 4306 615 4353 iii.
997 4306 1012 4349 ti
