2925 4892
552 354 611 405 444.
629 354 649 403 4.
686 356 753 405 444.
773 357 814 405 444.
976 436 989 453 .
1186 356 1227 421 to

122 512 199 577 Cur
222 510 258 573 in
282 509 460 576 amicorum
484 510 567 575 vitiis
589 520 653 577 tam
675 512 782 577 cornis
804 522 948 588 acutum,

123 634 240 712 Quam
264 642 321 696 aut
341 631 449 719 aquila
472 643 527 698 ant
549 652 684 719 serpens
708 632 924 719 Epidaurius?
960 636 999 699 444
1020 633 1077 699 tibi
1101 645 1212 701 contro

125 752 265 827 Evenit,
292 752 453 839 inquirant
474 752 551 818 vitia
572 762 606 817 ut
628 763 683 819 tua
706 774 820 819 rursus
841 764 873 820 et
894 753 948 820 ilii.

127 872 329 941 iracundior
350 883 401 939 est
423 872 537 960 paulo,
562 873 667 939 miuus
689 884 783 961 aptus
805 875 909 941 acutis

127 993 277 1061 Naribus
299 992 414 1059 horum
436 992 618 1073 hominom;
641 993 740 1060 rideri
763 996 866 1081 possit
887 1017 941 1072 eo,
965 997 1055 1084 quod
1183 999 1226 1063 34)

202 1238 246 1285 27.
275 1236 313 1300 Al]
339 1250 370 1285 ae
395 1236 434 1287 Bb
460 1240 519 1297 (non
545 1236 631 1302 Sedpi.
662 1266 688 1275 -
716 1240 757 1289 49.
776 1242 881 1291 aem
905 1240 986 1292 dubia
1011 1242 1122 1294 Bentleii
1147 1256 1195 1295 su-

164 1325 264 1376 spicio.

129 1537 312 1595 dubitarunt,
332 1536 500 1588 demonstrat
512 1538 577 1602 Epp.
591 1540 621 1599 4,
635 1540 664 1599 l,
704 1551 766 1589 rum
775 1540 871 1590 iudicio
878 1544 1047 1605 compensari
1056 1542 1182 1601 debeant,
1193 1546 1231 1593 ta-

131 1612 201 1662 i2‘i:
232 1612 301 1660 Dian
322 1625 379 1661 mea
395 1612 512 1662 delectent
533 1612 603 1662 mola
618 1626 665 1662 nte.
706 1624 781 1673 men,
794 1615 825 1663 444
835 1614 877 1674 iit,
893 1613 965 1663 velut
975 1612 1135 1665 lineamenta
1149 1629 1232 1680 quae-

129 1685 173 1736 Cl.
195 1684 339 1735 Phaedrus
356 1684 385 1746 4,
405 1686 448 1747 to,
467 1686 496 1736 i:
520 1687 574 1736 liae
589 1688 668 1737 reoi-
706 1685 769 1736 dam
791 1699 901 1740 suorum
924 1700 1030 1738 morum
1052 1690 1230 1740 immiscuisse

130 1760 194 1809 nere
212 1760 445 1809 nostrumnon
458 1773 602 1823 portianus·
619 1760 668 1810 Alii
706 1760 826 1819 videtur.
845 1773 938 1811 secum
955 1764 1095 1825 reputans,
1121 1766 1232 1827 propter

128 1834 214 1883 44444444
230 1834 388 1894 acinam,
407 1846 666 1884 conservammus-
706 1848 776 1897 quoe
811 1836 898 1898 ipsum
930 1836 1064 1887 interdum
1091 1850 1232 1905 μυκτηρι-

130 1906 237 1971 aqailo]
255 1906 285 1956 ll.
304 1922 330 1977 p,
349 1908 411 1959 ort:
439 1905 544 1971 αἰετός,
572 1900 606 1958 ὅν
629 1902 668 1975 ῥά
706 1909 773 1958 orat
787 1910 1017 1972 reprehenderint.
1053 1914 1133 1963 itase
1148 1914 1234 1963 irrita·

131 1984 165 2034 4ἐ
201 1996 301 2043 φασιν
330 1978 483 2047 Ὀξύτατον
516 1983 669 2054 δέρκεσθαι
706 1983 789 2033 bilem
807 1996 867 2033 esse
890 1983 988 2034 44444444
1004 1987 1056 2035 Sat.
1075 1988 1106 2047 2,
1125 1986 1152 2047 3,
1171 1987 1228 2036 323.

132 2050 326 2126 ὖπονρανίων
349 2056 502 2125 πετεηνῶν.
524 2086 550 2095 -
570 2070 671 2121 serpens
707 2058 773 2120 Epp.
793 2058 822 2117 4,
841 2057 885 2118 20,
904 2058 949 2107 25:
968 2060 1048 2108 Irasci
1063 2061 1175 2121 44444444,
1193 2066 1233 2110 ta-

132 2132 306 2195 44444444]
328 2135 441 2183 Pausan.
464 2136 492 2194 2,
519 2134 564 2183 28:
594 2127 670 2201 Δρά-
706 2144 763 2180 men
778 2135 807 2179 44
826 2132 1061 2193 placabilitatem
1080 2134 1115 2185 de
1132 2136 1232 2185 rustica

133 2220 243 2269 κοντος
253 2234 267 2244 -
279 2234 296 2243 -
306 2208 356 2255 rod
373 2200 472 2277 ἕτερον
488 2208 572 2273 γένος
589 2206 618 2269 ἐς
636 2202 670 2257 νό
707 2216 755 2254 sua
767 2206 875 2255 tonsura
885 2208 912 2255 et
924 2210 1015 2256 cetero
1027 2206 1100 2257 cuitu
1111 2209 1232 2272 neglecto

135 2278 323 2351 ξανθότερον
333 2275 422 2350 ῥέπον
431 2276 484 2346 τῆς
495 2278 586 2352 χρόας
599 2282 670 2352 ἱεροὶ
707 2278 772 2342 Epp.
787 2281 817 2340 4,
836 2280 865 2339 4,
884 2278 936 2340 94.;
955 2293 1049 2330 rursus
1065 2280 1099 2331 de
1117 2284 1231 2345 iugenio,

133 2357 191 2421 μὲν
223 2352 277 2406 τοῦ
304 2350 477 2421 Ἀσκληπιοῦ
505 2358 671 2421 νομίζονται
707 2365 761 2415 quo
779 2351 937 2416 negligentia
959 2355 1009 2403 ista
1027 2359 1231 2419 compensetur,

134 2432 186 2481 44444
207 2431 286 2480 εἰσὶν
297 2422 462 2497 ἀνθρώποις
480 2422 593 2519 ἥμεροι,
611 2432 671 2502 epa·
708 2427 756 2476 Od.
775 2428 804 2487 2,
824 2428 867 2487 48,
886 2428 911 2477 9.
947 2428 995 2478 044,
1014 2428 1042 2489 3,
1062 2430 1102 2480 344.
1121 2444 1153 2479 ac
1171 2446 1232 2481 sae-

133 2520 186 2567 W
204 2502 239 2553 δὲ
255 2500 336 2569 μόνη
347 2499 528 2569 σφᾶς-ἡτῶν
543 2504 671 2557 Επιδαυ-
707 2502 775 2564 pitis.
811 2501 896 2552 Minus
912 2500 1088 2565 probabiliter·
1105 2502 1147 2554 aiii
1168 2520 1232 2557 cum

133 2582 209 2649 ρι’ων
227 2576 275 2643 γῆ.
311 2578 385 2629 ovid.
405 2580 512 2629 nietam
537 2581 581 2640 45,
605 2581 669 2631 670:
706 2576 812 2625 Acrone
839 2574 906 2624 haee
932 2576 1020 2625 omnia
1040 2578 1074 2625 ad
1096 2578 1234 2640 Virgilium

133 2658 163 2705 1„
187 2658 307 2715 mmo
330 2654 389 2703 deos
413 2653 601 2717 (Aesculapius)
625 2681 639 2691 .
656 2682 671 2692 .
707 2648 841 2706 referunt;
861 2661 913 2709 qua
925 2648 959 2697 de
972 2650 1095 2712 opinione
1107 2655 1181 2701 recte
1195 2652 1235 2701 iu-

134 2730 226 2779 4444444
246 2728 400 2777 circumluit
417 2728 475 2792 igne
491 2729 617 2777 4444444444.
637 2730 669 2778 V.
709 2720 808 2772 dicavit
837 2722 942 2784 Madvig
970 2724 1082 2785 Opusoc.
1108 2726 1127 2773 l.
1151 2738 1177 2789 p.
1203 2726 1235 2775 7⁰

134 2804 321 2855 Eacursumi.
334 2802 544 2853 adsectentiam
557 2803 603 2852 eir.
619 2804 672 2853 ile-
708 2810 751 2860 sq.
772 2822 801 2832 -
820 2797 902 2845 444444
918 2796 1031 2845 Naribus
1046 2797 1137 2847 44444444
1152 2799 1236 2849 imni-

135 2877 222 2928 nand.
233 2890 260 2939 p.
272 2876 331 2925 302.
342 2878 432 2927 Mein:
447 2876 480 2927 rt
491 2872 670 2947 τάλλό4ριον,
708 2872 778 2932 num]
791 2884 861 2920 nunc
870 2870 1028 2931 viventium,
1043 2873 1089 2935 qui
1099 2871 1234 2924 levissima

134 2944 279 3020 ἄνθρωπε
312 2947 536 3011 βασκανώτατε,
572 2947 671 3002 Κακόν
708 2958 832 3008 quaeque
849 2946 911 2995 vitia
925 2944 1235 2999 inaliisiaciilimeodo-

135 3020 321 3094 ὀξυδερκεῖς,
343 3021 377 3075 τὸ
394 3024 418 3073 δ’
436 3022 509 3076 ἴδιον
526 3023 671 3095 meapte.
709 3022 815 3080 rantur,
834 3019 971 3082 derident,
989 3023 1155 3085 vituperant;
1174 3022 1234 3073 tali-

135 3115 218 3162 um,-
238 3099 388 3149 Sosierates
406 3100 476 3163 apud
494 3100 567 3151 Stob.
586 3102 614 3151 T.
629 3100 670 3159 43,
709 3094 760 3144 bus
777 3095 856 3157 igitur
871 3094 952 3144 homo
969 3094 1082 3159 simplex
1102 3110 1134 3145 ao
1151 3095 1235 3158 negli-

135 3178 165 3225 44
182 3169 305 3239 Ἀγαθοὶ
322 3172 353 3223 δὲ
371 3170 405 3222 τὸ
421 3169 513 3223 κακὸν
525 3174 613 3239 ἐσμὲν
625 3174 671 3235 ἐφ’
709 3168 813 3231 gentior
837 3181 933 3231 parum
960 3170 1086 3219 convenit
1116 3171 1143 3219 44
1170 3184 1234 3235 per-

136 3249 246 3319 ἑτέρων
258 3245 344 3309 ἰδεῖν,
362 3242 449 3299 Airai
462 3246 485 3297 d·
499 3241 569 3299 ὅταν
582 3244 673 3299 ποιῶ-
709 3255 790 3306 saepe
807 3243 1024 3306 reprehensionis
1041 3256 1134 3293 ansam
1154 3258 1234 3307 prae-

137 3339 204 3388 μεν,
224 3316 260 3373 οὐ
278 3319 469 3387 γινώσιομεν.
485 3352 512 3359 -
525 3323 622 3387 contra]
641 3338 671 3373 «e
709 3316 765 3366 bet.
800 3317 842 3365 Sic
864 3318 935 3365 enim
951 3317 1034 3365 4444444
1054 3322 1129 3378 aptus
1150 3318 1235 3381 expli·

139 3399 293 3457 contrario,
320 3398 454 3447 vicissim»
478 3399 565 3461 potius
590 3410 672 3460 quam
710 3389 826 3441 candum
844 3390 950 3439 videtur
965 3390 1000 3438 ad
1017 3389 1167 3451 analogiam
1184 3390 1235 3440 loci

140 3476 168 3523 ut
187 3471 333 3535 explicavit
352 3472 426 3520 Hand
439 3472 514 3522 ines.
527 3472 558 3520 li.
571 3485 597 3535 p.
613 3471 670 3521 449.
709 3463 819 3515 Tulliani
831 3464 903 3513 Brut.
918 3464 964 3523 ot,
983 3463 1046 3512 223:
1065 3464 1150 3525 aptior
1160 3466 1237 3515 ettam

141 3544 262 3605 minen,
282 3542 411 3594 solleio.
431 3545 466 3594 ad
484 3546 554 3595 Fam.
575 3544 671 3605 tais,
709 3540 843 3590 Palicanus
867 3536 972 3587 44444444
996 3539 1181 3599 irnperttorum,
1208 3539 1235 3589 id

143 3623 172 3668 l:
199 3624 339 3679 4444444444
358 3624 447 3668 cotnra
466 3618 556 3667 44444444
581 3620 672 3681 (atque
711 3615 765 3676 est,
796 3612 901 3675 «magis
926 3611 968 3661 his
994 3610 1147 3675 placebat.»
1187 3612 1235 3663 Alii

143 3694 387 3757 exspectaveram).
711 3701 774 3738 cum
799 3687 994 3750 Porphyrione:
1023 3686 1126 3736 «liabet
1147 3685 1235 3751 aliqua

711 3763 773 3811 vitia
791 3761 910 3825 (amicus)
928 3760 1010 3809 itaut
1029 3760 1108 3823 paulo
1130 3762 1237 3812 iracun-

174 3840 217 3889 29.
237 3840 281 3890 30.
301 3840 452 3889 1444444444
468 3841 531 3904 444.]
550 3840 603 3891 Etsi
619 3840 676 3889 nni·
712 3836 771 3886 dior
787 3836 822 3886 sit
838 3848 888 3885 nec
904 3834 988 3898 possit
999 3834 1178 3886 deridentium
1190 3850 1237 3886 ur-

145 3926 223 3965 44444
241 3916 269 3963 et
287 3914 435 3976 generatim
452 3914 486 3964 de
504 3915 535 3964 iis
552 3916 621 3965 vitiis
633 3912 676 3963 lo·
712 3911 868 3970 benitatem,
880 3922 949 3972 quae
960 3911 1237 3960 nuncmaximeexer-

147 3990 189 4051 qui
215 3988 336 4048 videtur,
365 4000 434 4051 qnae
460 3990 487 4039 in
512 4001 674 4053 quocunque
713 3988 802 4045 cetur,
822 3986 978 4035 sustinere.»
1010 3984 1237 4047 44444444ιωί44-

148 4062 252 4113 homine
266 4060 333 4112 aiios
345 4062 482 4113 oilendere
495 4063 606 4127 possint,
625 4060 675 4113 sed
712 4064 755 4110 tur
772 4060 799 4110 hi
816 4061 903 4110 minus
917 4062 989 4109 recte
1001 4062 1149 4123 exponunt:
1170 4061 1238 4109 omi·

149 4135 268 4187 eiusdem
281 4135 423 4186 virtutibus
433 4149 466 4186 ex
479 4136 617 4186 hominum
628 4136 676 4185 ho·
713 4146 764 4185 nus
782 4148 811 4184 se
829 4134 959 4198 adaptans
976 4133 1102 4183 derisioni
1120 4146 1151 4182 ac
1173 4146 1238 4195 pro·

151 4212 285 4261 nesiorum
308 4214 337 4260 44
353 4224 369 4261 4
391 4208 554 4273 malignitate
574 4209 676 4260 alieno·
714 4212 774 4273 pter
790 4208 842 4258 hoc
859 4208 947 4272 ipsum
963 4207 1185 4258 stomachosus·

205 4302 294 4349 iloaar.
311 4313 367 4350 voa.
384 4300 409 4347 li.
442 4312 482 4349 444.
499 4312 551 4348 aar.
567 4300 604 4347 lli.
1055 4297 1069 4344 4
