2925 4892
621 770 661 874 Q·
688 770 877 864 nullm
902 767 1060 862 lllcol

416 986 1262 1167 nulsionlnun

691 1284 811 1350 LIBER
832 1282 989 1351 PRIMUS.

676 1594 943 1657 mmu
970 1594 1007 1657 1.

340 1744 446 1810 Prima
467 1740 551 1808 dicte
574 1736 664 1813 mihi,
688 1755 815 1801 summa
837 1733 975 1801 dicende
997 1735 1154 1811 Camena,

374 1922 423 1971 ΕΡ.
442 1922 461 1969 l.
497 1921 525 1968 ln
546 1918 625 1982 primi
647 1914 717 1966 Libri
740 1911 864 1978 Epistolts
885 1915 967 1964 etlam
983 1912 1091 1963 Obbarii
1107 1912 1236 1965 lectiones
1258 1918 1305 1979 (0),
1323 1916 1347 1965 iu

330 1994 438 2058 reliquis
455 1994 503 2043 Th.
522 1990 647 2043 Schmidii
666 1990 695 2053 (s)
715 1988 787 2038 dedi.

330 2145 349 2193 l.
369 2143 514 2204 compecto
525 2152 589 2191 sane
601 2140 670 2189 inter
681 2138 819 2187 Horatium
858 2148 942 2199 genus
953 2136 1018 2187 dum
1030 2136 1114 2187 tacete
1126 2136 1243 2187 imitatur
1256 2138 1334 2188 simul
1343 2137 1378 2188 lu-

299 2210 822 2276 etllaecenctemheecepistolascripta
859 2210 905 2261 dit.
941 2212 1024 2262 Nimis
1046 2212 1117 2261 serio
1141 2211 1264 2275 prolecto
1285 2213 1378 2276 aliquot

298 2292 353 2350 est,
377 2287 605 2352 quemadmodum
622 2286 724 2347 omnia,
752 2296 821 2348 qnae
859 2286 937 2334 liuius
949 2282 1076 2350 epistolae
1087 2284 1226 2345 versiculi,
1245 2285 1378 2337 velutste·

299 2365 333 2413 ad
350 2376 443 2413 eorum
462 2360 686 2413 necessitudinem
703 2360 823 2425 pertine-
859 2360 907 2409 tim
924 2359 1017 2421 primi,
1043 2360 1100 2408 tum
1117 2358 1149 2409 st
1166 2372 1260 2423 seqq..
1288 2359 1379 2425 quibus

299 2438 378 2498 bant,
405 2438 549 2499 antequam
575 2434 732 2494 ederentur,
760 2444 823 2482 cum
860 2434 968 2481 urutuae
980 2432 1059 2483 huius
1070 2434 1202 2483 amicitiae
1218 2436 1307 2484 minus
1318 2446 1378 2497 gna·

298 2514 451 2566 Maecenate
470 2509 663 2562 communicatu
683 2520 743 2557 esse
758 2520 823 2556 con·
858 2519 904 2556 ros
921 2504 1001 2557 illusit
1010 2509 1103 2571 poeta,
1122 2506 1287 2571 aplerisque
1299 2512 1378 2559 lnter-

298 2590 456 2640 sentaneum
479 2587 529 2635 est.
571 2585 626 2632 lam
648 2594 711 2632 cum
733 2581 824 2630 essent
859 2579 981 2644 pretibus
990 2583 1129 2645 etaocepti
1140 2584 1167 2632 et
1178 2582 1303 2645 explicati
1313 2586 1377 2634 sunt.

298 2676 352 2713 non
374 2662 466 2726 pauci,
493 2660 538 2723 qui
559 2658 720 2709 mirarentur
742 2659 822 2718 atque
858 2654 917 2704 Vid.
928 2655 1085 2705 &cursum
1104 2656 1181 2715 Quod
1189 2656 1223 2705 ad
1232 2657 1379 2709 delinienda

298 2739 378 2788 etiam
391 2734 620 2799 conquererentur
631 2730 701 2782 ulula
713 2730 766 2779 iam
777 2730 825 2778 aut
860 2730 983 2793 tempora
999 2727 1176 2793 Epistularum
1195 2729 1268 2780 libri
1286 2733 1305 2782 l.
1323 2732 1380 2781 atti-

297 2810 457 2876 paucissima
475 2808 594 2859 carmina
615 2804 698 2868 lyn'ca
715 2804 751 2853 ab
768 2804 824 2853 llo-
859 2803 914 2863 net,
925 2802 1380 2870 cortimimumdocumentumprae·

298 2885 366 2935 ratio
387 2882 524 2945 componi,
548 2880 603 2939 hic,
622 2878 688 2929 dum
703 2876 823 2942 philoso-
858 2875 1106 2940 perspicuum,
1119 2880 1379 2941 quaemanilestoeo

297 2959 376 3023 plaiae
386 2955 436 3007 sibi
446 2954 558 3019 placitae
567 2954 711 3019 praecipue
723 2965 823 3002 vacans
860 2948 969 3001 consilio
986 2953 1133 3014 composlta
1150 2955 1204 3013 est,
1231 2957 1263 3003 ut
1286 2954 1380 3004 totius

297 3044 348 3095 per
374 3030 424 3081 hos
452 3028 611 3079 maturiores
639 3028 709 3075 vitae
737 3040 822 3077 annos
859 3024 953 3087 libri,
973 3022 1080 3089 qualem
1092 3038 1164 3077 nuuc
1175 3039 1225 3077 uos
1239 3026 1378 3085 habemus.

300 3108 402 3170 (posta.
416 3117 442 3152 u.
453 3116 477 3152 c.
491 3101 558 3165 730.)
570 3098 748 3165 Epistularum
759 3105 823 3163 po'e-
860 3097 992 3163 epilogum
1021 3101 1202 3151 constitueret.
1236 3102 1295 3153 lem
1322 3112 1381 3151 cum

297 3180 411 3230 ticamm
420 3188 503 3239 genus
517 3174 821 3236 novum,ellummiano
859 3174 927 3223 haec
944 3186 968 3224 a.
990 3187 1017 3223 u.
1039 3187 1064 3223 c.
1085 3174 1142 3225 let.
1165 3176 1315 3239 composite
1334 3176 1378 3233 sit,

297 3252 342 3303 illo
360 3253 392 3316 (o.
405 3264 431 3301 u.
446 3264 469 3300 c.
483 3250 540 3301 608.
560 3250 615 3299 Cic.
629 3248 662 3298 ad
674 3249 726 3298 litt.
741 3248 781 3308 43,
795 3249 819 3309 6,
859 3249 1070 3298 consentaneum
1079 3251 1301 3313 esteasquoque,
1314 3260 1379 3313 quae

298 3325 333 3389 t.)
350 3326 441 3388 utique
459 3322 536 3387 longe
559 3324 696 3373 diversum
719 3322 818 3383 condit,
858 3320 989 3372 nonnullis
1010 3325 1071 3385 post
1086 3336 1111 3373 e.
1129 3322 1186 3373 let.
1205 3324 1322 3388 scriptae
1342 3324 1381 3371 vi-

297 3401 393 3467 partim
410 3400 472 3449 xor'
491 3398 649 3469 εἰρωνείαν,
667 3397 766 3461 partim
787 3410 820 3447 ex
857 3397 968 3458 dentur,
991 3398 1022 3445 ut
1037 3397 1106 3447 haec
1122 3398 1178 3462 ipsa
1196 3396 1315 3448 Obberio
1330 3410 1380 3448 uon

297 3476 377 3527 animi
389 3476 520 3525 sententia
532 3472 684 3524 homiuibus
696 3470 745 3522 illis
756 3484 821 3535 pro·
857 3473 919 3521 ante
936 3483 960 3521 a.
982 3471 1055 3533 me..
1072 3472 1228 3523 Weiclierto
1245 3477 1274 3524 et
1290 3476 1381 3525 Grute-

296 3564 331 3615 pe
348 3550 426 3600 nimis
446 3547 583 3599 benevolis
603 3548 756 3612 respondet.
780 3546 821 3595 Si·
857 3544 947 3595 tendio
956 3545 1055 3605 alil,
1067 3544 1270 3596 Walclreuaerlo
1281 3561 1307 3597 a.
1315 3548 1380 3606 738..

297 3621 381 3674 molat
391 3625 482 3673 autem
494 3636 555 3673 sese
566 3622 600 3672 de
613 3620 709 3671 talibus
721 3632 821 3683 quere·
857 3618 1003 3669 Kirchnero
1020 3632 1045 3669 a.
1058 3620 1127 3680 739„
1145 3620 1179 3669 ed
1197 3632 1336 3671 summum
1348 3618 1381 3669 ad

297 3697 328 3749 lis
348 3698 424 3760 quesi
445 3695 613 3761 expostulare
630 3708 693 3747 cum
710 3697 819 3759 potente
857 3706 882 3743 a.
895 3692 952 3743 734.
970 3692 1065 3743 reterri
1076 3693 1190 3754 debere;
1209 3694 1284 3757 quod
1294 3696 1381 3759 ipsum

298 3772 399 3830 amico,
419 3782 535 3833 quocum
553 3770 670 3832 primum
688 3781 720 3819 aa
738 3768 772 3817 de
789 3781 820 3817 re
858 3769 965 3831 tempus
985 3768 1048 3817 huic
1070 3770 1174 3833 primae
1191 3783 1254 3820 cum
1271 3769 1381 3819 Franlrio

297 3841 457 3903 collocutus,
476 3842 572 3892 deinde
585 3840 695 3906 epistola
707 3843 764 3906 ipsa
775 3856 820 3892 re·
858 3841 1029 3893 statuendum
1040 3856 1112 3893 reor.
1135 3842 1165 3893 lu
1173 3843 1282 3907 reliquis
1292 3846 1382 3893 auteur

298 3918 375 3967 citata
393 3929 442 3980 pro
460 3928 537 3975 vera,
556 3929 608 3979 qua
626 3918 695 3966 inter
712 3930 742 3966 se
760 3917 821 3966 ute·
858 3915 937 3967 talsas
944 3916 1103 3967 criticorum
1112 3918 1280 3967 coniecturas
1290 3930 1315 3966 e.
1324 3916 1379 3966 let.

297 3989 407 4051 bantur,
431 3988 605 4040 familiaritate
622 3992 729 4055 saepius
747 3991 821 4040 ioca-
858 3990 1020 4041 excedentes
1042 3989 1145 4041 silentio
1164 3990 1380 4055 praeteribimus.

296 4068 340 4116 tus
357 4067 429 4125 eret,
448 4065 578 4128 imprimis
594 4063 629 4115 de
640 4064 709 4116 salsa
722 4066 822 4115 Stoico-
891 4064 964 4114 t-a.
989 4064 1076 4114 leima
1093 4066 1159 4127 cet]
1179 4065 1270 4114 «cuius
1289 4062 1383 4113 laudes

297 4152 356 4189 rum
384 4138 519 4197 irrisione,
548 4151 601 4202 qua
629 4140 680 4189 hac
708 4140 765 4202 ipsa
793 4140 821 4188 in
857 4142 887 4189 ut
903 4138 1037 4203 prioribus
1053 4140 1107 4190 iem
1128 4140 1197 4190 meis
1218 4136 1383 4188 mrmluibos

296 4213 412 4279 Epistola
435 4215 520 4262 totum
549 4214 645 4265 horum
668 4213 820 4277 disputandi
857 4212 948 4275 lyricis
958 4214 1126 4277 praedicari,
1146 4214 1183 4263 ita
1193 4214 1220 4263 iu
1231 4216 1382 4277 posterum,
