2925 4892
276 359 340 427 444
656 359 985 414 nomnrsrrmaauu

320 519 423 585 Carne
445 525 566 592 tamen,
589 514 739 602 quamvis
762 513 859 581 distat
880 513 939 590 nil,
967 513 1027 578 bac
1049 513 1152 600 magis
1176 513 1236 580 illa.

320 637 500 726 lmparibus
522 636 633 703 lormis
654 636 828 723 deceptum
850 645 881 701 te
903 643 1000 722 patet.
1045 635 1135 702 Esto:
1323 635 1365 700 30

317 759 410 828 Unde
431 758 541 824 datum
563 757 676 832 sentis,
700 757 797 845 lupus
820 755 872 824 bic
894 756 1063 822 Tiberinus
1085 778 1126 822 an
1148 755 1212 824 alto

318 881 438 967 Captus
460 879 541 956 hiet,
565 888 723 966 pontesnc
746 879 829 945 inter
851 878 985 944 iactatus
1008 898 1050 944 an
1072 878 1175 944 amnis

317 1001 410 1068 Ostia
431 1000 493 1067 sub
515 999 634 1066 Tusci?
655 997 798 1076 Laudas,
823 999 951 1076 insane,
975 997 1132 1065 trilibrem

317 1121 461 1198 llullum,
483 1121 516 1186 in
528 1119 654 1207 singula
668 1140 768 1208 quem
783 1121 908 1186 minuas
922 1118 1088 1206 pulmenta
1099 1140 1235 1188 necesse
1250 1131 1307 1188 est.

317 1243 412 1308 Ducit
432 1252 464 1307 te
485 1241 629 1329 species,
652 1239 766 1307 video:
789 1261 855 1328 quo
878 1239 1016 1326 pertinet
1038 1261 1117 1327 ergo
1319 1242 1361 1307 34

339 1403 381 1452 29.
399 1402 463 1450 44444
477 1399 562 1451 Bentl.
591 1426 619 1438 -
642 1400 704 1449 4444
720 1399 748 1449 F.
777 1427 805 1434 -
832 1399 903 1449 4444444
919 1398 957 1449 bS
974 1401 1002 1450 44
1018 1397 1119 1464 uliquot
1135 1401 1273 1451 Torrcniii.
1299 1425 1326 1437 -

307 1477 348 1526 30,
363 1477 442 1542 putot]
456 1481 541 1539 petere
558 1488 626 1525 unus
644 1479 724 1539 atque
742 1472 809 1524 alter
821 1473 886 1523 Cod.
900 1475 1042 1534 Torrcnlii,
1061 1475 1078 1524 S
1096 1487 1230 1538 superscr.
1248 1481 1326 1539 444444,

306 1563 376 1600 corr.
394 1550 413 1600 b
432 1550 528 1614 (luerat
540 1549 622 1613 potet)
641 1551 669 1599 et
684 1561 724 1612 pr.
744 1559 768 1598 c.
787 1547 866 1612 (putat
883 1561 951 1598 corr.
974 1549 1007 1610 c.)
1036 1573 1064 1584 —
1091 1548 1132 1598 34.
1159 1555 1247 1600 rotam
1271 1551 1326 1601 Nic.

306 1625 437 1675 Heinsius.
458 1652 486 1660 —
505 1623 549 1688 on]
566 1624 594 1672 44
609 1622 656 1687 bp.
677 1651 705 1659 —
724 1623 756 1672 34
770 1623 886 1684 pontisne
896 1635 922 1686 p.
938 1649 965 1659 -
979 1622 1020 1672 34.
1033 1621 1091 1686 quo]
1110 1625 1176 1684 guod
1186 1637 1214 1687 p,
1228 1625 1287 1686 quid
1298 1623 1324 1673 b.

304 1755 346 1805 29.
360 1754 400 1803 3⁰.
419 1755 502 1804 Come
517 1755 676 1816 4444444444]
693 1751 799 1817 Simpli-
836 1751 897 1814 ill:
922 1752 995 1802 4444444
1019 1752 1119 1802 sumina
1144 1752 1264 1804 4444444444
1285 1760 1363 1816 cique

273 1830 381 1880 cissima
401 1828 453 1880 loci
475 1829 639 1879 versatissimi
664 1829 799 1892 iuterpre-
835 1827 943 1876 4444444444
953 1825 1032 1876 laec:
1049 1827 1121 1876 444444
1134 1832 1222 1888 poetes
1238 1828 1360 1879 4444444444

272 1903 337 1954 tatio
347 1903 454 1952 videtur
470 1916 515 1964 ea,
534 1917 616 1967 quam
633 1903 720 1953 secuti
735 1903 800 1952 sunt
834 1902 883 1950 44444
907 1901 973 1951 inter
997 1903 1081 1964 coplu'
1107 1903 1199 1952 44444444.
1243 1904 1272 1953 ln
1296 1903 1361 1969 lupo

272 1978 367 2039 exiguo
373 1978 442 2026 inter
450 1989 480 2027 se
489 1977 642 2026 discrimine
652 1979 795 2037 Gesnerus,
833 1975 911 2037 igitur
927 1977 977 2026 tria
993 1977 1096 2040 saporis
1107 1989 1206 2040 genera
1218 1976 1362 2041 distingue-

272 2051 448 2110 Kirchuerus,
485 2052 613 2113 flooring,
648 2049 795 2110 Obbarius‚
833 2048 898 2099 bant
921 2047 1059 2110 lurcones3
1086 2050 1163 2115 lupos
1181 2054 1272 2115 captos
1289 2052 1360 2102 inter

272 2125 417 2176 llaacliius:
436 2126 509 2174 «riou
520 2126 638 2175 vesceris
649 2124 692 2175 illa
706 2123 796 2189 pluma
833 2124 901 2174 duos
917 2127 1029 2188 pontes,
1052 2125 1079 2175 id
1096 2128 1150 2186 444,
1173 2124 1314 2176 sublicium
1332 2130 1361 2176 et

270 2199 420 2263 splendoris
437 2198 529 2262 plena;
550 2202 640 2249 tamen
655 2213 735 2249 carue
748 2211 797 2262 pa·
832 2199 1012 2259 senatorium,
1031 2201 1108 2249 utait
1124 2201 1190 2260 Fea‚
1210 2202 1279 2250 inter
1289 2213 1361 2262 quos

270 2274 356 2334 vonis.
377 2272 797 2337 quamquamnihildilrertagal-
833 2271 929 2323 cloaca
963 2273 1078 2324 maxima
1110 2274 1205 2324 sordes
1233 2275 1359 2337 antiquae

270 2345 340 2398 linae
352 2361 442 2409 carne,
461 2349 546 2411 magis
557 2349 676 2398 vesceris
687 2361 709 2398 s.
723 2349 796 2398 vesci
832 2347 908 2399 Urbis
926 2347 1066 2410 egerebat,
1085 2348 1183 2410 qulbus
1201 2349 1289 2412 pisces
1300 2347 1361 2398 alli-

270 2422 346 2485 cupis
361 2435 384 2472 s.
401 2425 506 2485 tergere
521 2421 640 2486 palatum
656 2424 696 2473 iis
713 2435 796 2485 quam
832 2421 983 2485 ciebantur,
1002 2421 1058 2482 vel,
1077 2423 1106 2472 ut
1117 2420 1158 2471 alii
1170 2421 1275 2482 volunt,
1288 2423 1360 2472 inter

269 2509 350 2546 carne
367 2495 504 2560 gallinae.»
521 2497 639 2549 Aliorum
650 2498 796 2547 sententias
832 2494 973 2546 sublicium
991 2498 1018 2546 ct
1035 2496 1197 2555 Fabricium
1218 2495 1293 2560 lupos
1310 2511 1361 2548 ca-

268 2569 331 2620 vide
348 2572 376 2622 in
392 2571 520 2622 Excursu.
541 2597 567 2608 -
587 2572 663 2621 distel
678 2570 723 2634 444]
744 2572 798 2620 mi-
831 2573 892 2634 ptos
903 2570 937 2620 ad
955 2569 1056 2621 Tiberis
1071 2572 1147 2630 oslla;
1169 2569 1246 2634 lupos
1264 2569 1356 2622 inulto

268 2644 305 2696 bil
322 2647 433 2696 interest
445 2646 635 2709 interpavonis
647 2657 757 2696 caruem
770 2647 796 2694 44
832 2645 899 2695 mari
917 2648 1023 2708 captos,
1043 2646 1088 2709 qui
1105 2645 1214 2709 pessimi
1227 2647 1310 2695 eraut.
1327 2673 1355 2682 -

268 2718 404 2782 gallinae.»
435 2720 474 2770 Cl.
488 2721 541 2768 Sat.
554 2721 583 2780 2,
596 2720 623 2780 3,
637 2721 694 2769 440.
707 2747 735 2755 -
748 2719 796 2767 lico
831 2719 888 2783 4444]
907 2720 1011 2783 «pisces
1023 2721 1122 2779 statim,
1135 2733 1198 2770 cum
1208 2721 1357 2784 capiuntur,

266 2796 350 2858 mopis
367 2793 420 2858 4444]
441 2796 588 2859 «pavonina
608 2796 693 2857 magis
713 2807 795 2856 quam
832 2794 933 2844 blant.»
970 2795 1062 2844 Senon.
1100 2795 1199 2856 Etiam,
1226 2799 1302 2857 puto,
1329 2795 1358 2844 in

267 2866 441 2931 gallinacea.»
478 2869 517 2918 De
543 2869 642 2918 omissa
664 2866 795 2931 particula
832 2868 932 2918 mensis
949 2868 1071 2931 appositi.
1091 2893 1120 2904 -
1140 2868 1257 2932 4444444444]
1276 2867 1360 2918 Colu-

266 2941 549 3004 oeconomicus,
574 2941 619 3001 43,
637 2943 678 2992 20.
698 2941 726 3002 i,
747 2941 793 3003 44,
831 2940 910 2991 mella
927 2943 956 2991 li.
970 2943 999 2991 li.
1014 2943 1043 3002 8,
1062 2941 1107 3002 46,
1126 2940 1156 2992 i:
1175 2943 1359 2992 4444444444-

268 3015 309 3066 43.
330 3043 358 3051 -
375 3016 445 3077 Esto]
463 3013 537 3065 Conl.
551 3016 606 3064 Sat.
618 3017 648 3076 4,
667 3016 696 3076 3,
715 3015 756 3068 65.
831 3017 990 3077 coaculato
1004 3015 1119 3078 4444444444
1135 3016 1218 3064 domii
1235 3015 1357 3079 (Marcius

300 3088 397 3138 34-33.
430 3090 497 3138 Uoco
522 3090 611 3138 44444444
633 3090 707 3139 4444444
730 3088 793 3153 cet]
831 3088 978 3154 Philippus)
1012 3089 1140 3153 1444444444
1170 3089 1272 3151 lupum,
1305 3091 1357 3138 4444·

266 3161 462 3213 «Verumuude
473 3162 696 3223 tibiconcessum,
711 3161 796 3214 δυνα-
831 3177 904 3224 444444
921 3163 1013 3212 Tiberis
1029 3165 1135 3214 44444444
1158 3168 1266 3213 torrente
1282 3163 1358 3226 44444-

265 3232 327 3298 τόν,
340 3239 390 3299 444,
402 3240 433 3287 ut
443 3249 540 3301 sapore
551 3237 697 3300 distinguas
708 3241 792 3288 ceti»
830 3238 939 3300 ligasset.
960 3265 988 3272 -
1007 3237 1090 3287 omnis
1100 3262 1113 3273 -
1121 3263 1134 3272 -
1145 3236 1225 3299 444444]
1242 3235 1356 3298 Tiberis,

265 3313 386 3364 Imitatus
405 3315 447 3363 est
462 3313 569 3362 Persius
582 3315 611 3373 4,
626 3311 686 3362 iai:
706 3313 794 3363 «Liber
830 3311 920 3374 quiin
937 3311 1039 3360 Etruria
1057 3311 1149 3360 oritur.

265 3402 337 3452 ogo.»
357 3389 426 3439 Unde
439 3388 672 3448 flammescatis,
692 3388 794 3438 4444444-
863 3384 951 3435 aiat.
978 3386 1029 3434 lrll.
1043 3385 1157 3449 4444444444]
1176 3385 1222 3435 Est
1237 3381 1355 3456 τρίγλη,

265 3463 535 3527 &urebas-lupos]
548 3457 668 3532 λάβραξ,
685 3464 794 3513 44444-
830 3460 899 3511 ltalis
909 3463 1061 3510 etiamnunc
1073 3461 1167 3523 4449444.
1187 3459 1357 3524 (4444444444,

263 3537 347 3600 wolf.
368 3565 396 3576 -
416 3537 545 3586 4444444444
560 3537 624 3598 cet]
642 3534 794 3587 Macrobius
829 3534 1072 3596 Scltmcerbotie,
1090 3533 1147 3585 aliis
1163 3533 1359 3598 4444449444·-

265 3611 371 3661 saturn.
387 3613 418 3668 4,
437 3612 477 3660 ti.
497 3611 614 3661 maximo
636 3610 708 3674 apud
729 3623 794 3674 pro-
829 3609 900 3673 nig.)
918 3607 982 3660 Pliu.
996 3609 1028 3660 44.
1042 3611 1073 3659 N.
1087 3609 1114 3670 9,
1133 3609 1180 3659 30:
1198 3611 1241 3658 Ex
1257 3609 1360 3670 relicua

265 3682 341 3746 digos
358 3686 459 3737 bonore
483 3684 565 3735 luisse
586 3685 667 3735 tradit
691 3685 794 3735 Tiberi·
828 3683 956 3734 44444444444
982 3684 1055 3747 (post
1080 3684 1195 3746 scarum)
1221 3689 1245 3734 44
1268 3685 1362 3748 gratio

265 3771 330 3808 num
347 3758 454 3824 lupum,
473 3760 501 3808 44
517 3758 628 3821 quidem
645 3772 723 3820 eum,
748 3759 794 3823 qui
828 3759 946 3808 4444444444
965 3762 1001 3807 444
1025 3762 1049 3807 44
1073 3759 1147 3820 copia
1170 3757 1267 3818 44444444,
1294 3758 1362 3808 444444

263 3831 335 3882 iuter
351 3831 419 3881 duos
441 3834 538 3894 pontes
560 3835 654 3896 captus
677 3835 731 3893 est;
758 3832 793 3882 ad
829 3833 976 3896 magnitudo
996 3832 1109 3894 modica,
1136 3832 1259 3895 4444444444ι
1279 3832 1363 3882 libras

266 3905 339 3970 quod
350 3905 591 3957 demonstrandum
601 3907 684 3956 utitur
696 3910 723 3956 44
733 3920 795 3956 ver-
825 3907 945 3969 4444444
960 3919 1023 3956 roro
1040 3907 1176 3956 admodum
1193 3911 1361 3968 scamarum.

265 3979 308 4030 bis
324 3981 382 4031 Titii
398 3991 448 4044 pro
467 3977 526 4043 lege
549 3981 647 4030 Fannia
665 3982 687 4044 (-
697 4007 712 4018 -
723 3981 794 4030 -bo-
829 3978 969 4031 Mullorum
987 3979 1058 4030 444444
1074 3983 1208 4031 memorat
1223 3981 1318 4030 iuven.
1334 3981 1362 4041 6,

264 4067 375 4117 cumerio
399 4054 494 4116 4444444
518 4054 604 4116 ispum
627 4067 792 4119 4444444444,
829 4053 884 4116 io,
911 4055 982 4104 unde
1003 4051 1119 4125 τρίγλαν
1141 4049 1269 4120 γενεᾶτιν
1293 4052 1365 4104 dixit

266 4131 311 4193 otti
326 4131 393 4180 litter
408 4131 470 4178 444444
482 4135 670 4192 pontesccptas
684 4129 754 4195 44444.)
766 4131 794 4180 44
829 4128 951 4192 Sophron
970 4126 1042 4192 apud
1057 4128 1153 4178 Athen.
1172 4128 1196 4177 i.
1210 4139 1236 4190 p.
1250 4125 1309 4177 344.
1332 4127 1362 4177 F.

265 4204 390 4256 versibus
407 4201 499 4255 Lucilii
514 4205 568 4255 Sat.
585 4203 614 4267 4,
633 4205 649 4255 it
667 4202 744 4269 (Gerl.
764 4217 791 4270 p.
829 4202 910 4268 (4444444
927 4202 1027 4254 barbeii
1044 4202 1098 4254 Cic.
1112 4201 1147 4253 ad
1158 4203 1209 4253 Ati.
1222 4201 1252 4263 4,
1273 4202 1303 4262 4,
1324 4197 1365 4263 7.)
