2925 4892
522 360 582 411 UD.
600 360 620 411 Ι.
656 360 724 411 ΒΛΤ.
743 358 773 409 V.

152 518 228 582 Nam
248 535 332 602 vaga
353 535 414 603 per
433 524 578 583 veterem
599 514 726 603 dilapso
748 512 875 581 flamma
898 514 1036 583 culinam

150 635 289 704 Volcano
311 656 473 703 summum
494 636 691 725 properabat
710 634 855 703 lambere
877 645 1005 705 tectum.

151 758 309 825 Conuiuas
329 756 444 823 avidos
464 776 601 823 0000000
622 776 803 845 servosque
824 756 974 823 timentes
1154 759 1194 823 75

150 880 226 944 Tum
248 897 368 965 rapere
389 887 489 965 atque
510 896 625 944 omncs
646 877 849 965 restinguere
872 876 955 945 veile
977 875 1116 945 videres.

150 999 264 1085 incipit
284 1018 327 1065 ex
348 996 403 1064 iilo
424 1008 551 1065 montes
572 996 689 1086 Apulia
708 1008 804 1065 notos

53 1184 60 1195 ,
150 1121 323 1187 Ostentare
344 1118 440 1196 mibi,
464 1140 549 1207 quos
570 1126 670 1187 torret
690 1116 846 1187 Atabulus
869 1128 902 1185 et
923 1139 1007 1207 quos

149 1242 322 1327 Nunquam
342 1260 549 1328 erepsemus,
572 1241 635 1307 nisi
657 1261 718 1307 nos
741 1240 846 1309 vicina
868 1240 984 1309 Trivici

148 1360 226 1428 iiiia
250 1360 446 1447 recepisset,
469 1358 642 1427 lacrimoso
663 1382 727 1427 non
750 1362 819 1429 sine
841 1362 943 1439 firmo,
1154 1366 1197 1429 80

137 1576 198 1627 diei.
209 1576 295 1662 iiii.
332 1578 363 1628 444
378 1590 442 1636 000,
461 1575 552 1641 bScdp
569 1578 597 1626 et
612 1576 715 1627 Veneta
732 1574 815 1639 4484.)
835 1602 862 1613 -
882 1578 939 1640 ipae
950 1576 1063 1639 senet,
1082 1580 1164 1642 tpnom

135 1667 167 1700 ω.
194 1652 262 1774 (ipisci
279 1664 295 1701 e
311 1649 472 1701 Bentleianis
488 1652 584 1715 Regius
601 1651 629 1700 et
646 1662 686 1714 pr.
705 1650 742 1711 κ.)
772 1678 799 1687 -
827 1650 868 1701 7³.
886 1648 987 1713 4040040
1003 1650 1048 1715 dp.
1071 1678 1097 1687 —
1121 1652 1162 1701 te.

135 1738 217 1774 000000
254 1763 261 1773 .

105 1913 158 1961 4004
171 1910 329 1974 amnena
363 1912 465 1961 Verum
481 1909 575 1961 (400400
591 1912 633 1961 vi-
668 1910 790 1961 armata
813 1910 868 1963 4044
893 1910 953 1961 lert.
980 1912 1088 1962 0404004.
1121 1912 1194 1965 iaec.

105 1985 180 2035 detur
199 1986 229 2035 40
252 1998 309 2035 uno
326 1984 479 2048 eodemque
494 1997 576 2036 versu
591 1998 632 2035 re-
669 1984 693 2034 8.
712 1996 739 2047 p.
758 1984 816 2035 4444.
841 2012 868 2021 -
891 1984 1020 2047 Atreum]
1042 1987 1143 2037 seneen
1164 1989 1194 2049 Q.

103 2060 187 2109 404400
203 2060 328 2121 torpino»
344 2060 372 2109 et
387 2058 423 2109 de
439 2060 498 2123 ipro
510 2072 631 2123 caupone
669 2058 728 2107 Nat.
746 2059 775 2119 8,
795 2058 840 2107 ⁴7:
861 2058 982 2111 ,44040404
997 2060 1116 2123 Apuliam
1132 2062 1197 2125 4040-

104 2134 203 2192 440400
231 2134 368 2195 venante)
397 2136 426 2183 04
449 2132 484 2183 de
509 2146 631 2197 caupona
668 2136 732 2192 4404,
751 2132 999 2196 0040444αωὶ0000.
1031 2132 1148 2185 cimba.
1163 2136 1194 2187 Η.

104 2209 234 2272 corripere.
247 2208 630 2271 -Paenemacrororritceti
668 2206 700 2255 N.
719 2207 763 2266 47,
782 2204 823 2257 ii.
858 2206 905 2258 Est
920 2210 1017 2259 ventus
1034 2220 1068 2259 ex
1087 2210 1194 2261 oriente

106 2282 255 2332 Verborum
265 2281 368 2332 ordin'u
378 2281 632 2346 perturbatisquae·
668 2278 750 2339 41000,
769 2292 851 2343 quem
867 2280 944 2345 Apuli
961 2281 1042 2333 hodie
1052 2283 1136 2333 444400
1146 2296 1195 2335 vo-

103 2354 162 2405 dam
177 2357 271 2421 ipsam
282 2368 343 2406 rem
359 2356 456 2406 imitari
470 2355 584 2406 videtur.
600 2383 628 2392 -
668 2355 737 2403 caat.
759 2378 788 2391 -
806 2352 952 2420 crepam]
979 2355 1064 2407 iorma
1090 2368 1196 2409 sermo-

103 2431 182 2479 ὺι-
192 2428 292 2493 emet]
308 2430 350 2479 Ad
366 2433 466 2481 000040.
484 2432 553 2495 part.
570 2432 631 2480 (4400
668 2428 710 2479 040
726 2427 872 2492 quotidiani
889 2441 939 2492 pro
956 2431 1141 2491 0000400004,
1165 2435 1195 2482 04

103 2516 161 2555 oum
175 2504 320 2569 praesenti
336 2504 384 2555 cir.
398 2504 631 2555 Heindorflumad
665 2502 837 2551 maraset-
851 2503 879 2563 4,
897 2502 926 2563 8,
945 2502 997 2563 78,
1017 2504 1148 2565 dicim,
1166 2506 1192 2565 8,

103 2576 160 2628 ni.
179 2580 237 2628 biv.
257 2578 306 2639 88,
326 2580 357 2627 t:
378 2578 631 2629 4440040Δή0404-
667 2574 736 2637 tea,
754 2578 833 2625 000044
849 2577 879 2637 i,
897 2577 926 2637 4,
949 2577 1001 2637 88,
1026 2579 1096 2627 04004
1122 2578 1191 2642 virg.

101 2652 149 2701 tn·
171 2653 291 2717 peritur,
317 2665 352 2701 ne
373 2654 402 2702 40
420 2652 512 2703 Aetolia
531 2654 631 2715 00444040
666 2651 733 2699 Aen.
753 2650 797 2709 44,
825 2648 893 2709 tte..
910 2648 957 2699 ubi
983 2650 1037 2699 vid.
1057 2649 1191 2714 Forbiper.
1232 2646 1243 2668 *
1315 2667 1320 2676 ·

101 2728 251 2788 0440400000
266 2727 380 2789 suvant.
410 2725 449 2776 Gi.
463 2726 539 2776 Hand
553 2728 628 2777 Ture.
665 2722 776 2783 Ercpere
798 2724 889 2771 autem
911 2735 953 2785 pr.
971 2722 1124 2774 erktirmnen.
1152 2724 1193 2775 Gi.
1301 2721 1304 2729 '

101 2801 129 2849 u.
141 2814 169 2865 p.
187 2801 249 2851 8448.
272 2826 301 2836 -
319 2800 387 2849 Narra
401 2800 631 2865 0000004140-
667 2793 763 2845 sunit.
775 2796 831 2857 lug.
846 2795 890 2845 60:
908 2794 1084 2859 0040004004
1094 2798 1191 2849 militar.

100 2886 143 2924 sas
158 2875 217 2925 dno
229 2875 316 2938 epici,
335 2873 568 2937 parediafortasse
580 2874 631 2924 En-
668 2896 697 2908 ·
717 2868 817 2933 444040]
840 2868 945 2933 «oppidi
963 2864 990 2919 40
1007 2870 1060 2921 fluo
1078 2872 1194 2937 Campa-

101 2949 186 3009 0400,
217 2960 292 3011 quae
321 2946 436 2998 lectores
465 2951 528 2998 tunc
550 2946 629 2999 valde
666 2942 737 3002 4400,
756 2954 810 3003 quo
822 2940 943 2993 vehicula
960 2944 1048 2994 iuncta
1060 2947 1192 2999 accedere

100 3020 283 3073 debriabant.
302 3047 332 3057 -
353 3021 470 3084 Volcano]
484 3020 588 3081 Quintil.
602 3022 628 3081 8,
666 3018 815 3080 nequeumt
834 3029 898 3081 crgo
916 3018 1039 3071 Horatius
1056 3022 1090 3071 ad
1102 3020 1191 3073 viliam

101 3095 127 3154 4,
142 3095 193 3146 it:
219 3095 631 3159 retemprotpceorpm
666 3090 807 3141 devenit·
841 3094 936 3141 40000.
971 3094 1001 3143 40
1026 3108 1107 3159 prosa
1130 3110 1192 3148 ora·

101 3169 188 3220 44000.
209 3196 241 3205 -
264 3169 327 3218 Trea
345 3182 439 3231 rapere
456 3170 519 3233 cet]
542 3170 629 3220 Scene
666 3166 751 3215 tione:
771 3166 836 3216 ruisi
852 3166 1193 3234 inTrivicanopernoctas-

101 3242 202 3295 40000οτ
230 3255 297 3294 nam
314 3245 431 3306 pfimum
447 3244 517 3294 avidi
536 3244 630 3293 couvi·
665 3250 784 3289 temus.»
818 3240 940 3291 Fortasse
963 3240 999 3291 ibi
1016 3256 1124 3307 quoque
1141 3244 1191 3296 aii·

101 3330 147 3368 rae
163 3332 199 3369 ex
215 3318 330 3369 41000000
344 3317 486 3381 rapiebant
501 3330 628 3379 coenam,
665 3312 726 3376 quis
742 3312 793 3363 hoc
810 3316 861 3365 iter
877 3314 1029 3367 facientium
1041 3317 1083 3367 vel
1095 3332 1190 3371 eorum

102 3391 217 3456 itemque
241 3392 330 3451 servi,
355 3392 414 3454 qui,
432 3392 454 3442 si
471 3393 526 3441 tota
543 3404 628 3441 coena
665 3387 768 3437 amians
780 3386 869 3437 villam
881 3388 1048 3452 possidebat,
1061 3392 1110 3441 nisi
1123 3390 1190 3443 baec

101 3464 156 3526 igne
181 3465 394 3526 absumeretur,
421 3464 567 3525 timebant,
593 3478 628 3515 ne
665 3472 773 3523 quoquc
791 3461 840 3511 4044
855 3460 969 3524 publica.
988 3463 1047 3512 vid.
1059 3464 1095 3513 ad
1107 3477 1132 3513 u.
1147 3464 1188 3516 444.

100 3538 133 3588 ab
148 3540 224 3589 beris
241 3538 465 3599 verberarentrrr3
488 3551 543 3603 quo
558 3538 628 3589 40040
663 3533 965 3585 Videlicetetiamiutali
974 3534 1192 3602 puellamexspe·

100 3625 238 3677 00000000
255 3614 285 3662 40
306 3614 365 3663 4040
386 3614 473 3677 posita
488 3626 584 3663 omnes
601 3615 630 3663 at
664 3611 738 3659 ctare
754 3610 872 3672 poterat;
891 3622 978 3673 neque
996 3622 1059 3662 cum
1071 3613 1190 3665 Beckero

100 3688 198 3752 inopes
218 3688 357 3737 00000040
377 3689 406 3737 04
426 3689 554 3738 convivae
576 3687 628 3737 ho-
664 3682 752 3733 Goitua
769 3683 824 3746 (Ed.
838 3682 892 3747 014.)
911 3686 952 3734 444.
971 3698 997 3748 p.
1015 3686 1054 3737 48.
1068 3700 1121 3737 000
1140 3690 1189 3739 nisi

100 3777 213 3827 rumque
239 3763 320 3827 pueri
344 3763 433 3826 iguem
461 3764 628 3825 restinguere
663 3757 698 3807 de
721 3770 843 3822 caupona
864 3757 988 3823 explicari
1010 3773 1091 3824 posse
1113 3762 1189 3813 dixe-

100 3839 257 3902 coepernnt.
277 3838 423 3899 -oiriererJ
442 3836 548 3887 «videre
565 3836 628 3888 iice-
664 3834 723 3882 rim.
760 3832 887 3884 Getarum
906 3834 1039 3885 Trivicum
1056 3848 1189 3900 nusquam

99 3909 157 3973 bat,
175 3912 201 3962 04
215 3909 390 3975 placuisset.»
664 3908 854 3971 praeterquam
870 3908 898 3957 h.
917 3906 934 3957 4.
953 3911 1133 3970 memoratur;
1158 3924 1191 3963 ex

128 3985 219 4036 44-83.
238 3985 321 4046 00400]
335 3986 434 4049 qnippe
451 3986 560 4050 patrios,
578 3985 629 4035 im-
664 3979 819 4031 80000004]ἰί
835 3982 959 4045 opinione
971 3986 1013 4033 est
1029 3982 1104 4035 40000
1119 3998 1191 4036 0000

99 4059 190 4121 primis
206 4057 349 4109 Volturem
369 4071 454 4124 prope
471 4059 625 4109 Venusiam.
664 4055 747 4105 040440
763 4053 911 4119 appellatus
929 4058 956 4107 ct
978 4068 1062 4122 prope
1080 4058 1190 4109 hodier-

98 4132 164 4182 iide
197 4130 321 4182 tabulam
352 4132 559 4196 geographicam
591 4131 627 4181 ad
665 4142 731 4180 num
749 4130 846 4179 4440400
863 4130 938 4181 situs.
960 4158 987 4169 -·
1007 4132 1191 4182 4004400000--

7 4233 8 4278 p
99 4206 243 4257 lombardi
259 4206 387 4256 ,4044044444
401 4207 429 4256 ei
443 4207 582 4257 Baatticoto
599 4207 628 4256 40
662 4203 741 4268 steno]
759 4204 805 4268 qui
816 4215 878 4255 cum
895 4206 1005 4269 propter
1016 4208 1126 4257 ventum
1138 4220 1190 4257 000

183 4296 277 4343 iioaar.
293 4308 349 4344 ror..
365 4309 390 4343 0.
420 4308 461 4343 an.
477 4308 553 4343 aaron
567 4296 604 4342 411.
1008 4296 1022 4313 ”
1119 4324 1122 4333 ‚
