2925 4892
288 359 350 424 770
771 355 900 408 domur

328 513 457 582 Ludere
478 511 534 600 qui
556 511 672 588 nescit,
696 510 934 598 campestribus
955 509 1095 578 abstinet
1116 513 1230 588 armis,

330 635 548 722 {adactusque
569 631 654 720 pilae
674 631 798 698 discive
820 631 963 698 trochive
985 633 1140 720 quiescit,
1314 635 1371 699 380

328 759 374 824 Ne
396 756 522 843 spissae
544 754 644 820 usum
665 751 775 819 tollant
796 753 927 840 impune
951 772 1105 820 coronae:

329 877 392 958 Qui
414 875 517 943 nescit
536 894 653 941 versus
673 883 781 942 tamen
804 872 902 941 audet
921 872 1053 962 fingere.
1097 875 1241 955 Quidni?

328 998 426 1065 Liber
447 1007 480 1063 et
500 997 675 1083 ingenuus,
697 995 890 1082 praesertim
911 1013 1031 1062 census
1053 1005 1239 1084 equestrem

329 1120 493 1186 Summam
514 1136 719 1183 nummorum
741 1115 883 1202 vitioque
905 1127 1049 1184 remotus
1070 1118 1111 1184 ab
1133 1119 1230 1184 omni.

328 1241 374 1305 Tu
395 1237 473 1304 nibil
495 1237 592 1303 iuvita
613 1234 704 1302 dices
725 1235 866 1302 faciesve
888 1237 1043 1316 llinerva3
1312 1241 1370 1306 385

349 1408 407 1460 385.
427 1407 552 1470 [miraque
568 1404 624 1455 ch
641 1407 707 1469 (non
723 1404 804 1466 asa).
826 1432 852 1442 -
875 1403 931 1456 386.
949 1405 1070 1456 iudicium
1086 1411 1123 1457 444
1138 1420 1169 1458 tc
1185 1407 1280 1460 bS'led
1293 1411 1340 1471 (444-

317 1482 431 1531 diciaeust
441 1493 472 1531 40
482 1480 521 1542 B),
534 1480 587 1530 net
597 1483 625 1530 et
639 1477 791 1530 Bentleius:
809 1479 929 1528 iudicium
944 1484 1006 1539 esto,
1024 1493 1055 1530 oc
1069 1481 1121 1532 Fea
1137 1482 1206 1534 coni.
1222 1484 1250 1534 et
1260 1485 1297 1534 ll.
1312 1511 1339 1520 -

285 1610 376 1660 «baud
402 1608 494 1674 procul
520 1610 572 1659 iam
595 1612 636 1659 est
658 1608 808 1673 spessimo
845 1611 921 1656 stram
938 1607 1000 1672 cet]
1025 1621 1101 1660 «cum
1119 1623 1217 1662 census
1235 1614 1289 1664 sim
1306 1628 1371 1678 qua·

284 1687 389 1749 poeta.»
846 1679 1008 1744 dringeuties
1034 1685 1218 1746 sestertium·
1245 1691 1371 1738 senatorii

316 1757 446 1808 379-384.
467 1758 563 1807 ludere
579 1757 641 1821 cet]
666 1757 808 1817 «Quemvis
846 1767 943 1806 causus
962 1755 1098 1807 dimidiam
1120 1761 1234 1821 partem.
1262 1762 1329 1812 Rein
1346 1764 1370 1813 in

283 1833 351 1882 baec
368 1833 418 1894 (vv.
435 1831 582 1893 ata-ata.)
607 1843 688 1881 nemo
709 1843 807 1893 negare
845 1827 928 1891 Pauly
944 1829 1052 1892 Encycl.
1067 1831 1207 1893 liquitssll.
1220 1846 1247 1896 p.
1260 1835 1322 1884 stt.
1333 1836 1369 1886 Cf.
1453 1883 1454 1910 ,

282 1906 394 1968 audeat,
419 1909 511 1957 tamen
528 1905 619 1956 nescio
636 1918 688 1967 qua
706 1907 807 1955 insania
845 1904 909 1966 Epp.
923 1905 945 1965 4,
958 1904 1032 1963 ⁴25⁸·
1051 1905 1090 1954 De
1105 1909 1305 1958 constructione
1316 1923 1372 1959 ver·
1453 1914 1454 1936 ¹

282 1981 348 2040 acti,
372 1980 485 2044 imperiti
507 1977 631 2042 permulti
649 1980 742 2042 poesin
760 1991 807 2028 er·
844 1976 871 2026 bi
888 1979 982 2026 0404444·
999 1978 1031 2028 ct.
1052 1979 1106 2030 Cic.
1120 1993 1146 2043 p.
1163 1979 1256 2030 Flacco
1268 1981 1312 2044 32,
1326 1983 1370 2034 llll:

282 2056 400 2104 erceni.»
418 2055 487 2102 Dum
499 2051 676 2102 mediocrium
687 2053 728 2102 sui
737 2055 807 2103 tem-
846 2051 948 2100 Voluisti
969 2063 1090 2114 acapnum
1110 2055 1168 2117 apti
1189 2057 1294 2104 modum
1314 2069 1371 2107 cor·
1453 2107 1454 2110 ,

282 2129 354 2191 poris
382 2129 522 2190 poetarum
552 2123 659 2175 turbam
687 2125 805 2186 deridet,
843 2126 901 2174 arri.
920 2151 935 2160 ·
954 2151 968 2161 -
986 2126 1076 2176 00444440
1093 2140 1118 2177 ca
1131 2135 1265 2190 praeterea
1281 2145 1371 2181 4444044-

282 2203 373 2251 munet
384 2201 520 2258 Pisonem,
537 2213 571 2248 ne
583 2198 617 2249 illi
629 2211 659 2250 se
671 2202 805 2262 aggreget.
843 2204 916 2248 ratus
936 2201 1060 2261 0404044440
1076 2207 1173 2252 cestren
1195 2205 1304 2268 triginta
1320 2207 1368 2257 HS.

281 2275 408 2324 Ceterum
425 2271 518 2323 similis
535 2274 666 2322 sententia
683 2277 725 2323 est
739 2273 804 2337 Epp.
843 2274 922 2324 mitia.
949 2275 1063 2324 Externa
1082 2274 1151 2326 bona
1164 2277 1228 2328 dum
1240 2281 1292 2330 lale
1305 2293 1370 2331 euu-

280 2349 309 2409 4,
323 2348 350 2409 4,
365 2346 411 2397 444
423 2359 482 2410 sqq.
504 2374 532 2382 -
552 2347 752 2409 campestribus·
764 2361 807 2396 ar·
844 2351 945 2408 merat,
964 2361 998 2398 ue
1016 2348 1100 2398 verbo
1111 2350 1222 2413 quidem
1239 2355 1323 2417 tangit
1335 2357 1371 2405 in·

279 2422 338 2486 0444]
367 2420 484 2485 «quibus
507 2423 617 2472 utuntur
639 2421 762 2474 ludentes
779 2424 807 2473 in
844 2423 951 2485 genium
969 2426 997 2472 et
1012 2421 1160 2474 litterarum
1178 2425 1279 2490 studia,
1307 2442 1370 2492 pro-

282 2499 383 2561 campo
400 2497 493 2548 llartio
502 2515 524 2556 ,4
542 2509 713 2561 quorumque
726 2509 806 2547 versu
843 2499 903 2560 pter
920 2509 989 2559 quae
1001 2495 1036 2546 ad
1047 2501 1170 2561 poemata
1183 2502 1369 2565 componenda

280 2584 338 2634 seq.
352 2568 476 2620 nonnulla
494 2573 634 2621 memorat.
652 2597 678 2606 -
689 2572 807 2633 pttuadt-
843 2573 921 2634 aptus
947 2571 988 2622 alt.
1024 2573 1153 2632 Quocirca
1179 2575 1303 2626 Horatius
1321 2577 1370 2626 bo-

279 2645 352 2709 40400]
370 2644 409 2694 Cl.
422 2647 475 2693 sat.
487 2645 518 2703 ἱ,
535 2645 566 2704 2,
585 2646 612 2694 ll
628 2658 689 2709 sqq.
704 2671 732 2681 -
751 2650 806 2694 tro-
843 2645 907 2696 mini
918 2657 988 2694 vano
1006 2659 1059 2696 non
1071 2647 1232 2710 respondet,
1251 2650 1300 2700 sed
1312 2663 1369 2700 rur·

279 2722 356 2784 cltive]
374 2720 413 2771 (ll.
427 2719 475 2770 0d.
489 2718 519 2779 3,
532 2717 573 2776 st,
587 2721 627 2767 447.
643 2747 670 2756 -
689 2721 805 2785 somnae]
843 2731 890 2769 sus
908 2719 1031 2770 Pisonem
1048 2717 1197 2783 alloquitur.

281 2798 477 2860 «spectatorum
491 2797 643 2852 catervam»
663 2796 804 2857 utEpp.t‚
876 2792 996 2844 3844-390.
1027 2793 1061 2843 Tu
1078 2795 1141 2858 cet]
1161 2797 1213 2845 «Tu
1231 2809 1296 2846 vero
1315 2795 1367 2848 noli

281 2869 380 2929 lasa.
397 2897 424 2906 -
445 2868 493 2929 (4444
509 2866 585 2916 4440044
602 2866 665 2931 cet]
684 2866 747 2917 «Alii
765 2867 806 2917 di·
843 2869 955 2918 istorum
973 2866 1065 2918 similla
1082 2881 1156 2928 esse;
1185 2872 1302 2934 primum
1320 2886 1368 2922 ax·
1452 2919 1453 2928 ,

280 2944 416 3006 stinguunt
438 2943 486 3004 Qui
507 2941 598 3001 4444044,
620 2954 708 2991 versae
723 2947 806 2991 tomen
842 2937 916 3002 plora
942 2941 969 2989 ta
994 2941 1097 3004 ipsum,
1123 2945 1214 2993 ulmam
1236 2946 1367 3009 poeumm

281 3019 344 3075 cet,
367 3014 410 3064 alii
431 3015 525 3064 contra
543 3015 581 3076 (ut
597 3011 739 3076 Bentleiual
759 3017 807 3077 Qui
844 3011 960 3062 indolem
976 3011 1023 3063 tibi
1040 3013 1130 3078 largita
1148 3019 1182 3068 sit
1199 3022 1292 3069 natura
1303 3033 1367 3070 nec-

280 3090 358 3140 4444444
380 3099 480 3146 cmm,
507 3091 590 3135 44404044
615 3088 666 3135 cet.
700 3089 807 3139 Rectius
844 3099 891 3146 ue;
914 3088 972 3137 tum
998 3087 1107 3139 consule
1132 3093 1262 3143 amicos.-
1282 3121 1306 3131 -
1325 3095 1366 3144 444-

282 3162 355 3212 omni
376 3159 527 3211 interductu
549 3157 710 3221 abstinebis,
738 3175 807 3225 quo-
843 3161 941 3210 uitc·-
951 3163 1075 3227 44404400]
1088 3165 1143 3214 Cic.
1155 3165 1188 3216 da
1201 3167 1275 3218 07440.
1288 3169 1309 3226 4,
1320 3167 1362 3228 34,

281 3237 353 3288 uiant
371 3234 501 3286 sententia
517 3234 571 3283 est:
591 3233 640 3292 Qui
651 3235 737 3284 nescit
748 3249 808 3286 ver-
845 3235 906 3284 tto:
933 3236 1027 3298 44404444,
1048 3242 1077 3286 444
1093 3239 1177 3299 aileu,
1196 3241 1321 3302 4444444440,
1339 3243 1365 3290 id

282 3324 328 3363 sus
353 3309 467 3374 lingere,
495 3312 585 3358 tamen
611 3306 691 3357 audet
710 3321 807 3362 versus
844 3313 892 3370 eat,
905 3310 1054 3360 0404040044
1063 3316 1087 3361 et
1096 3320 1254 3376 repuerascas
1264 3321 1362 3366 anm.

281 3385 408 3449 lingere.»
425 3383 543 3434 bracena.
565 3409 593 3417 —
612 3382 705 3443 Quidni
712 3381 738 3445 V]
763 3397 808 3434 re·
845 3384 918 3442 Quae
944 3383 965 3432 si
982 3395 1036 3434 nan
1052 3383 1123 3434 lavet
1139 3387 1277 3451 scriptoris
1292 3391 1363 3438 inca-

282 3458 397 3524 spondet
412 3471 482 3508 unus
493 3471 525 3507 ex
539 3457 591 3507 isto
601 3454 733 3507 malorum
745 3461 808 3522 poe-
843 3457 903 3521 pto,
923 3459 1075 3509 necessario
1092 3461 1165 3510 omni
1181 3475 1306 3514 successu
1316 3475 1362 3513 ca·

281 3539 371 3584 tarum
387 3545 482 3596 grege:
501 3531 580 3591 «Quis
592 3531 656 3580 mibi
668 3532 808 3582 interdicet
843 3533 893 3580 ret.
911 3559 936 3567 -
951 3533 1015 3582 444000
1029 3533 1145 3599 samace]
1163 3536 1193 3584 V.
1207 3537 1363 3588 4404444444-

281 3619 377 3657 versus
400 3617 535 3670 pangere,
562 3616 624 3654 eum
649 3605 701 3655 sim
724 3603 806 3666 liber,
844 3609 887 3655 tur
898 3606 1065 3670 potissimum
1076 3608 1112 3658 ad
1123 3609 1206 3660 verba
1218 3623 1361 3675 eorumque

281 3679 373 3730 liberis
396 3679 552 3745 parentibus
571 3683 649 3731 natus
667 3683 706 3741 et,
735 3679 808 3745 quod
844 3681 1082 3745 compositionem,
1116 3685 1195 3746 100444
1221 3686 1254 3736 ad
1280 3687 1361 3736 totum

283 3755 369 3804 maius
387 3755 467 3803 etiam
485 3756 539 3814 est,
561 3767 645 3818 eques
662 3757 806 3816 llomanus,
844 3767 926 3818 opus,
945 3755 1018 3819 quod
1035 3755 1142 3806 molitur
1159 3761 1278 3823 scriptor.
1292 3785 1317 3798 -·
1333 3760 1361 3809 144

283 3828 341 3878 sine
362 3824 415 3876 ullo
433 3828 544 3877 crimine
567 3829 640 3892 (Epp.
655 3832 682 3891 4,
697 3830 725 3888 7,
745 3830 806 3891 se),
844 3828 965 3893 tibiaci]
987 3831 1161 3892 Frequentius
1177 3845 1227 3896 per
1242 3831 1357 3882 relativa:

283 3913 420 3964 nunquam
445 3901 572 3950 censoriae
591 3905 728 3952 4000440444
747 3907 809 3952 cate
845 3901 939 3965 «quod
959 3903 1035 3953 tuum
1052 3903 1194 3966 iudicium,
1228 3919 1293 3971 quae
1316 3909 1359 3955 tus

281 3975 414 4024 4444044444»
433 3974 497 4034 (Cic.
511 3973 615 4025 Cluent.
629 3977 680 4040 ts.)
693 4003 721 4012 -
741 3978 809 4040 inpo-
845 3987 922 4026 mens
939 3978 996 4036 est;
1021 3989 1070 4040 pro
1088 3979 1134 4028 tuo
1151 3980 1260 4042 iudicio,
1277 3978 1359 4043 probe

282 4047 356 4112 4444440]
376 4047 528 4110 «generosis
539 4049 694 4112 parentibus
706 4051 806 4100 ortus.»
844 4050 908 4100 mibi
925 4051 1012 4100 0040.»
1029 4075 1055 4088 -
1069 4053 1358 4115 44414004404440444044
1451 4071 1452 4102 t

282 4120 411 4172 Videlicet
427 4121 508 4170 etiarn
524 4119 662 4173 libertinus
679 4126 721 4173 est
735 4123 806 4185 liber,
844 4125 885 4174 est
902 4125 1054 4174 coniectura
1071 4127 1139 4177 Feae
1165 4127 1273 4191 (nullam
1288 4127 1358 4176 enim

283 4209 335 4246 non
353 4197 418 4246 item
434 4195 564 4260 4404044440.
586 4221 612 4231 -—
630 4207 717 4245 0404440
731 4209 807 4258 40444-
844 4197 921 4248 allert
937 4199 1146 4263 auctoritatem),
1165 4199 1303 4265 etquidem
1315 4199 1358 4248 in-
