2925 4892
488 390 548 441 ΗΒ.
568 391 586 439 Ι.
622 390 720 441 EPIST.
738 392 793 443 XV.

448 852 712 916 mm
735 855 829 917 XV·

32 1074 34 1079 ,
136 998 228 1075 Quae
251 995 292 1061 sit
311 994 415 1061 hiems
437 992 560 1071 Veliae,
585 993 674 1081 quod
696 994 838 1075 caelum,
862 997 951 1074 Vale,
975 1000 1114 1079 Selerni‚

136 1118 282 1196 Quorum
304 1114 470 1180 bominum
492 1116 582 1201 regio
597 1126 630 1182 et
645 1114 750 1203 qualis
765 1117 828 1194 via,
845 1157 888 1166 -
903 1140 978 1186 nam
992 1121 1068 1187 mihi
1084 1125 1178 1192 Baias

136 1237 227 1303 hiusa
249 1256 468 1324 supervacuas
488 1236 657 1313 Antonius,
681 1247 842 1305 ettamen
863 1238 925 1307 iilis

157 1416 209 1467 ΕΡ.
228 1415 282 1465 XV.
300 1416 382 1466 inser.
397 1412 502 1465 Codicis
519 1414 554 1465 tt:
571 1414 610 1464 Ad
626 1414 780 1465 Nutnoniten
798 1417 894 1467 Votum.
910 1446 938 1458 -
958 1422 983 1469 i.
999 1422 1071 1473 Valla
1086 1426 1112 1473 S.

123 1565 178 1615 XV.
206 1564 469 1615 C.itvsornsvmus
481 1564 522 1613 est
532 1564 560 1611 in
572 1562 619 1612 de-
657 1576 739 1626 quam
761 1565 789 1613 tn
813 1566 1031 1628 praecedentium
1051 1572 1182 1635 Epistola-

94 1640 174 1690 nariis
187 1638 260 1703 apud
273 1636 371 1689 Eehhel
386 1639 418 1687 t).
432 1638 461 1687 N.
475 1638 500 1687 e.
518 1651 546 1701 p.
559 1636 616 1687 263.
657 1648 718 1687 rum
734 1636 796 1688 ulla·
825 1640 929 1691 Etenim
940 1646 1103 1697 constructio
1113 1649 1182 1700 hese

93 1715 226 1765 Alrermen
243 1714 262 1763 1.
282 1726 307 1776 p.
321 1713 362 1762 68.
381 1712 481 1762 Ameth
492 1712 522 1761 il.
536 1712 578 1761 20.
592 1713 620 1761 et
657 1712 714 1762 est:
734 1714 807 1762 «Par
822 1716 865 1763 est
880 1717 907 1764 te
919 1716 1053 1779 scribere,
1072 1734 1122 1772 noe
1132 1724 1180 1775 tint

95 1786 369 1839 Vulndieituretiam
379 1786 617 1837 acommentetore
657 1786 804 1837 accredere
822 1788 856 1849 (v.
868 1790 934 1853 tlt),
956 1803 1026 1855 quae
1038 1796 1072 1845 sit
1083 1796 1179 1861 hiem,

92 1863 210 1926 Cruquii.
230 1862 268 1925 (ln
285 1862 459 1925 inscriptione
478 1859 556 1910 Philis
573 1872 619 1907 re-
657 1860 802 1925 qualisvis
820 1864 871 1925 (vv.
886 1866 971 1929 t,2.),
989 1870 1075 1919 maior
1090 1874 1182 1924 utrum

91 1934 620 2002 perlaetahetronnioerpiiootainiow·
656 1934 996 2003 populumnlugisequee
1012 1942 1180 2009 (vuli-td),

90 2014 135 2063 sul
151 2015 195 2063 der
211 2013 311 2062 &oues
323 2011 395 2062 tute.
411 2023 436 2076 p.
450 2010 499 2062 tos
511 2022 570 2075 sqq.
590 2011 616 2061 0.
657 2012 759 2061 tructus
777 2014 838 2061 uter
845 2038 879 2051 ··
886 2016 984 2064 reverti
997 2015 1048 2079 (vv.
1057 2018 1181 2083 mil.»

91 2088 231 2137 Numenius
241 2086 373 2135 Volscum
383 2087 410 2136 h.
421 2084 619 2135 Trebonioori·
657 2084 704 2134 vn
718 2086 742 2134 l.
755 2099 818 2135 omn
831 2088 893 2136 mitat
910 2091 961 2137 eet.
977 2116 1006 2125 -
1020 2090 1059 2140 te.
1078 2105 1184 2145 rursus-

91 2162 190 2213 eniasd
200 2159 615 2224 templumvenissedieituribll’.
657 2172 710 2221 qua
729 2160 769 2209 id.
780 2174 844 2211 nom
857 2162 920 2211 otoo
930 2166 983 2213 eet.
998 2190 1026 2201 ·-
1036 2166 1078 2215 hl.
1090 2167 1118 2216 in
1129 2182 1183 2218 κα·

90 2236 247 2287 CAESARE.
267 2236 333 2287 xiii.
361 2236 429 2285 COS.
451 2236 616 2285 a.1t.v111.
657 2233 807 2302 perileucos
825 2240 895 2287 sunt,
923 2237 1033 2299 (tenter,
1051 2242 1074 2289 si
1093 2246 1180 2305 vacet,

90 2312 118 2361 ii.
137 2309 283 2361 lenitus,
305 2322 329 2358 a,
347 2322 375 2359 u.
393 2309 461 2371 752.)
495 2310 617 2360 Fortasse
656 2306 759 2371 lonpsen
773 2310 939 2371 hyperbaton,
957 2313 1058 2376 utipse
1075 2315 1123 2376 ait,
1142 2316 1184 2367 la·

89 2386 161 2436 idem
179 2386 223 2433 est
239 2396 301 2433 curn
319 2386 347 2433 P.
361 2382 491 2443 Quinctilii
503 2384 565 2434 Veri
582 2382 619 2433 le·
657 2384 730 2433 ctum
747 2396 798 2447 per
813 2386 902 2435 iocum
914 2399 929 2434 n
942 2385 1023 2436 Plinio
1035 2388 1101 2451 Epp.
1114 2390 1142 2450 8,
1156 2392 1181 2441 t.

90 2462 164 2524 gelo,
184 2458 220 2509 de
238 2470 291 2520 quo
308 2456 399 2507 Vellei.
418 2459 449 2519 Ξ,
469 2459 533 2509 tta:
556 2458 618 2507 Volo
689 2455 745 2507 t-t.
767 2458 856 2523 Veliae]
870 2459 967 2520 llyele,
985 2460 1072 2520 ilelia,
1089 2458 1181 2524 Ἐλέα,

89 2534 244 2593 Nmnontau,
261 2532 357 2595 teputru
371 2532 443 2593 Vari,
456 2537 540 2581 cetero
550 2534 618 2594 quie-
656 2531 789 2581 Lucaniae
806 2532 934 2596 oppidum
951 2547 966 2583 s
979 2535 1108 2585 Phocaeis
1119 2550 1184 2587 oon·

90 2614 127 2658 tau
143 2620 176 2657 oe
191 2600 301 2669 probiu,
325 2607 378 2655 diri
393 2611 484 2657 nuewr
499 2608 615 2670 exenpu,
655 2604 742 2653 ditum
768 2607 915 2665 notumque
937 2611 1049 2667 propter
1063 2607 1184 2668 philoso-

89 2682 225 2745 apottntum
248 2681 329 2741 equite
351 2681 458 2742 peditem
475 2680 618 2743 relinquens
654 2680 724 2744 phos
735 2677 873 2735 Eleaticos,
889 2677 1068 2729 hodieAlsnto
1080 2681 1182 2743 (eontra

88 2758 151 2821 (upa
166 2768 226 2806 m
243 2756 412 2805 musteum
425 2760 509 2817 petere
524 2756 618 2819 ὄψω-
655 2752 834 2802 Welclrenaer
857 2751 953 2800 Ouswtt'
979 2766 998 2801 o
1020 2766 1094 2805 mere
1116 2758 1183 2808 netu

88 2845 129 2881 sus
152 2836 197 2881 est.
239 2830 310 2891 Quod
329 2830 426 2892 fostun
441 2830 495 2879 etus
512 2830 617 2892 fortuna
653 2825 775 2888 Bauer).
788 2849 815 2860 -
829 2826 1002 2876 &loomin
1014 2840 1077 2891 egro
1089 2832 1182 2882 Pieen·

87 2908 142 2955 uttn
159 2911 214 2963 sst;
230 2918 282 2954 non
292 2905 359 2954 auhn
374 2903 615 2965 desertissuparprtt,
654 2899 723 2957 tino.
742 2900 877 2963 hodieque
894 2900 1009 2951 Saepo.
1025 2930 1052 2939 -
1067 2906 1181 2966 Quone„

88 2978 360 3030 reddesertoroecs'dit.
385 2978 552 3039 Quamquam
564 2976 616 3026 hoe
653 2974 790 3039 hominurn}
814 2976 879 3038 «qui
902 2987 992 3026 mores
1010 2978 1064 3027 sint
1078 2978 1182 3031 incole·

88 3054 199 3105 demum
218 3064 242 3101 e.
260 3064 286 3100 u.
306 3062 330 3101 o.
348 3050 405 3099 tea.
425 3051 528 3109 evenit,
547 3049 616 3101 adeo
654 3060 728 3108 rum,
747 3060 817 3111 quoe
833 3050 904 3099 vitea
920 3050 1027 3099 ratiot»
1047 3078 1075 3089 -
1092 3054 1183 3116 Baim}

87 3130 116 3177 ut
141 3125 236 3177 velleii
260 3123 324 3174 Vela
355 3124 435 3173 etiam
458 3122 527 3173 iilius
554 3137 615 3175 esse
655 3122 773 3187 CiEpp.
788 3124 905 3185 t,t,a:3.
920 3126 1180 3195 -ltruo-Aotontru]
1286 3138 1293 3145 ’

88 3202 206 3265 potuerit
217 3198 359 3249 iloratiani.
379 3198 426 3248 iiio
438 3198 544 3247 videtur
554 3198 616 3249 hin-
654 3198 799 3249 «Antonius
810 3200 884 3248 lausa
896 3200 1061 3262 aegritudine
1070 3206 1180 3267 Augusti

89 3276 137 3327 dos
155 3275 198 3337 (et.
218 3287 245 3323 v.
262 3274 294 3325 itt
311 3272 362 3337 sq.)
386 3272 513 3323 habuisse
530 3286 614 3338 prope
653 3273 739 3320 artem
756 3283 833 3321 suam
850 3270 1005 3333 illustravit;
1030 3288 1093 3325 nom
1117 3291 1180 3328 oum

88 3350 190 3399 Veliam
216 3350 244 3398 et
266 3346 419 3407 Salernum,
447 3346 481 3397 da
499 3360 613 3411 quorum
652 3344 744 3395 dolore
770 3346 905 3395 arthritieo
933 3346 1068 3397 laboraret
1093 3351 1122 3398 et
1144 3350 1180 3401 ed

88 3423 249 3489 oppidorum
275 3420 349 3471 eaelo
369 3434 402 3470 ee
419 3419 475 3471 solo
493 3434 555 3471 eum
572 3422 614 3471 in·
653 3430 788 3470 summam
804 3422 919 3470 maciem
935 3422 1082 3483 perductus
1097 3426 1177 3486 esset,

88 3500 220 3561 terrogat,
247 3508 309 3545 eum
333 3496 360 3545 iu
386 3493 469 3544 altero
487 3498 548 3546 utro
564 3510 614 3560 per
655 3495 765 3544 oumnte
789 3492 884 3543 Amilio
906 3494 962 3557 (¹)
986 3494 1105 3555 medico,
1133 3499 1180 3560 qui

86 3572 205 3622 hiemem
223 3584 249 3621 a.
266 3584 293 3621 u.
312 3582 336 3619 e.
355 3570 494 3620 tat-732.
514 3570 612 3634 degere
653 3580 716 3619 eum
725 3567 794 3617 odeo
805 3566 898 3617 oeiidis
906 3568 1026 3630 curabat,
1039 3571 1069 3618 ut
1077 3572 1177 3622 tectum

86 3644 173 3696 vellet.
195 3644 244 3708 (Ad
260 3657 284 3695 a.
303 3643 361 3695 tet.
379 3644 462 3694 reiert
477 3643 612 3706 buutzer.)
652 3642 768 3694 cubiculi
777 3644 835 3693 eius
844 3641 988 3693 velleribus
997 3646 1122 3704 muniret,
1132 3645 1177 3697 hlo

87 3719 118 3770 Ut
133 3718 288 3783 aliquoties,
314 3719 358 3768 hic
381 3730 489 3782 quoque
518 3718 612 3769 festive
650 3720 745 3782 postes
761 3718 788 3768 in
810 3718 973 3767 conuentum
989 3719 1075 3768 versis
1092 3721 1178 3769 omnl-

86 3792 218 3855 signiileat
233 3804 264 3843 se
280 3794 341 3842 tutis
350 3796 374 3842 et
386 3792 502 3854 pernulis
513 3792 546 3855 (r.
560 3791 611 3855 ts.)
650 3792 701 3842 bus
719 3805 774 3842 non
790 3790 878 3842 solum
894 3790 1092 3855 perfusionibus
1103 3792 1177 3856 nip-

86 3878 197 3928 prorsus
214 3868 370 3917 contentum
387 3878 463 3929 esso,
487 3866 536 3916 etsi
553 3864 609 3916 leu-
650 3866 703 3926 dis,
727 3865 777 3917 sed
800 3868 880 3916 etiem
897 3867 1066 3929 gargarismis
1083 3867 1176 3917 Cicer·

85 3940 241 3991 uertentes
259 3939 377 3990 iruetum
392 3952 445 3990 nou
462 3940 610 4004 preoiraote
650 3942 729 3991 ninee
746 3946 847 4003 aquae,
875 3952 945 4003 qliae
967 3944 1010 3990 est
1028 3939 1130 3991 Atellae
1146 3944 1175 3992 in

85 4013 201 4073 reliciat,
218 4016 249 4065 ut
265 4015 345 4064 Stoici
362 4012 479 4065 nonnulii
492 4026 553 4065 sese
571 4013 611 4063 ia·
650 4014 730 4065 domo
746 4014 887 4075 caesaris,
906 4014 1096 4078 etpotionlbus
1107 4028 1174 4066 usus

86 4100 149 4138 oere
166 4087 261 4139 saltem
277 4086 446 4139 simulabant.
474 4089 610 4139 sermonis
649 4093 703 4150 est,
721 4089 758 4138 ita
774 4092 805 4138 ut
814 4090 884 4139 intra
893 4087 979 4138 breve
990 4091 1098 4152 tempus
1109 4100 1172 4139 eum

85 4160 254 4225 negligentis,
282 4174 348 4213 vere
381 4160 531 4221 huoiliene,
561 4160 610 4211 sed
648 4164 770 4220 cureret;
788 4160 824 4211 ob
842 4174 923 4225 quam
940 4173 1050 4212 eeumm
1066 4161 1101 4211 ab
1116 4163 1172 4211 tu·

86 4234 207 4287 eonsutto
232 4230 368 4300 quaesita,
393 4238 479 4287 maior
503 4236 546 4286 hie
569 4236 611 4285 est
647 4238 724 4298 gusto
741 4246 827 4298 usque
844 4234 880 4285 ad
895 4236 928 4285 ii.
946 4236 973 4285 s.
994 4234 1172 4298 quadringen-
