2925 4892
298 339 360 404 666
656 337 784 389 hohhus
801 337 1020 390 amsroosnnrr

338 495 413 562 Plus
429 495 550 570 oneris,
567 503 688 580 quanto
705 492 820 559 veniae
834 493 950 558 minus.
994 491 1148 579 Adspice,
1168 490 1295 558 Plautus
1314 491 1364 555 116

339 616 411 695 066
433 625 528 702 pacto
549 623 658 702 partos
680 622 801 680 tutetur
822 612 958 678 amantis
980 611 1114 699 ephebi,

337 736 376 803 Ut
397 735 496 822 patris
518 735 643 811 attenti,
666 733 791 800 lenonis
813 742 849 798 ut
870 731 1032 812 insidiosi3

338 857 483 935 Quanhrs
505 855 546 920 sit
567 856 758 921 Dossennus
780 852 937 920 edacibus
958 854 992 918 in
1012 854 1179 940 parasitis,

336 978 442 1056 Quam
463 996 527 1042 non
549 975 702 1042 adstricto
724 983 892 1062 percurrat
913 972 1036 1061 pulpita
1056 993 1170 1054 soooo3

358 1145 414 1195 lia.
433 1146 465 1196 st
477 1146 561 1208 putris
575 1143 605 1194 b.
622 1172 648 1180 -
668 1145 724 1194 113.
742 1145 888 1194 Domuum
903 1143 1031 1194 Sohnudii
1047 1144 1116 1206 duo,
1134 1145 1176 1195 Lt.
1192 1169 1219 1180 -·
1239 1143 1337 1194 11661-

322 1219 420 1269 mittsrs
435 1219 455 1270 E
473 1220 501 1269 et
517 1232 585 1270 corr.
604 1218 637 1279 b,
656 1217 785 1268 Schmidii
802 1219 939 1282 quattuor,
958 1219 996 1270 Lt.
1012 1245 1040 1255 -
1049 1223 1108 1281 post
1122 1219 1185 1270 haee
1202 1216 1336 1268 6666611-

290 1377 364 1416 mum
376 1364 536 1416 difficultatis
548 1364 676 1416 babere·
690 1391 716 1402 -
728 1365 818 1415 veniae
854 1378 915 1416 esse
932 1363 982 1416 sed
998 1363 1095 1424 Plauti,
1119 1365 1248 1429 Berghius
1263 1365 1362 1416 demon-

288 1439 386 1503 minus]
404 1441 484 1500 Quia,
508 1438 554 1488 ubi
572 1439 636 1503 quid
654 1440 742 1490 minus
759 1440 817 1488 veri
853 1438 1360 1500 6166611.(01.1111166116.1166Ν.6.1.

288 1512 374 1566 simile
400 1527 451 1564 nee
471 1517 546 1565 reete
570 1527 603 1564 ex
619 1515 714 1564 natura
732 1513 816 1564 mori—
852 1524 880 1575 p.
892 1511 942 1561 m
953 1511 1005 1574 sq.)
1031 1512 1131 1571 Quodsi
1148 1514 1248 1563 1166666
1263 1515 1362 1563 Dosseu

288 1587 395 1651 busque
420 1587 559 1637 hominurn
584 1599 742 1651 expressum
762 1589 813 1648 est,
852 1597 904 1634 nus
928 1589 1008 1649 poem
1034 1587 1154 1636 eomieus
1179 1588 1242 1648 tuit,
1269 1585 1360 1636 abunde

287 1663 376 1712 statim
388 1671 483 1712 omnes
494 1661 596 1722 vident,
614 1662 694 1710 etiam
706 1659 813 1711 idiotae.
852 1657 930 1709 nobis
955 1673 1019 1710 eum
1043 1671 1157 1724 prorsus
1180 1662 1295 1724 ignotum
1310 1671 1360 1708 esse

289 1761 317 1772 -
334 1735 453 1798 Adspice,
479 1735 666 1797 6166166666]
693 1733 815 1784 Plautum
851 1731 984 1782 fateamur
999 1745 1112 1784 neeesse
1129 1737 1182 1784 est.
1208 1733 1361 1784 1661616666

287 1809 342 1860 aori
360 1809 443 1859 ironia
459 1821 524 1860 usus
539 1808 722 1872 reprehendit,
741 1809 813 1872 quod
850 1809 906 1856 tem
918 1809 982 1858 satis
994 1809 1093 1858 mistice
1103 1820 1258 1859 scurrarum
1268 1821 1361 1872 semper

287 1883 375 1932 minus
392 1895 456 1932 vere
474 1884 502 1932 et
515 1881 653 1946 eleganter
664 1895 745 1944 quam
757 1884 814 1932 hle-
851 1881 1025 1931 esurientium
1035 1893 1068 1931 ee
1080 1880 1236 1944 gulosorum
1246 1893 1360 1946 personas

286 1956 403 2016 nander,
420 1955 553 2017 Philemo,
566 1954 697 2021 Diphilus,
711 1960 811 2020 partes,
849 1954 877 2002 in
893 1953 1052 2005 tabernariis
1063 1957 1118 2006 suis
1130 1959 1300 2021 expressisse.
1319 1959 1359 2005 he·

285 2041 353 2093 quas
371 2029 486 2093 exempli
504 2031 586 2092 gretia
601 2033 757 2090 enumerat,
776 2035 815 2080 tu-
850 2039 904 2090 que
920 2031 1010 2078 autem
1027 2031 1108 2092 atque
1126 2030 1153 2079 in
1171 2029 1281 2094 palliatis
1292 2030 1359 2079 etiam

284 2109 352 2153 tutus
368 2105 416 2162 sit,
434 2102 533 2162 idest,
552 2115 637 2166 usque
655 2103 690 2153 ad
708 2102 812 2154 iabulae
850 2101 877 2150 in
899 2103 994 2164 tegatis
1013 2105 1151 2154 nomimis
1170 2105 1222 2155 hoe
1237 2105 1358 2154 hominum

284 2171 577 2246 καταστροφὴνεοιῑο
595 2177 673 2227 6166
690 2177 813 2229 artisle·
849 2187 934 2238 genus
961 2175 1057 2226 erebro
1085 2177 1303 2235 describebatur,
1327 2177 1358 2225 uti

284 2263 332 2313 ges
348 2249 551 2300 accommodate
568 2250 731 2313 perduxerit.
750 2251 810 2301 vid.
848 2251 923 2312 patet
947 2261 981 2298 ex
1004 2247 1123 2313 reliquiis
1146 2253 1248 2302 hlhauii
1263 2253 1299 2314 (in
1313 2251 1358 2298 Vo-

284 2323 432 2374 lixoursum
448 2325 478 2373 ll.
497 2349 526 2359 -
547 2325 649 2390 6116611]
669 2323 810 2386 «adrem,
848 2323 931 2385 piseo)
949 2326 978 2372 et
986 2325 1070 2374 Titinii
1083 2327 1117 2387 (ln
1128 2327 1257 2388 Gemina).
1279 2327 1357 2375 Festus
1429 2326 1430 2347 1

283 2398 363 2448 ulmis
379 2399 479 2462 parci.»
506 2397 545 2447 Ci.
562 2399 616 2448 Sat.
633 2399 663 2458 2,
686 2399 714 2459 6,
733 2399 776 2448 82.
848 2409 876 2460 p.
890 2395 948 2445 326.
967 2395 1053 2447 laath:
1072 2399 1247 2450 8666666666
1258 2399 1357 2461 partin

315 2471 438 2522 113-176.
450 2474 601 2536 Dossennus]
611 2470 807 2522 «Atellanarum
848 2477 922 2520 aeter
935 2472 989 2535 sere
1003 2473 1117 2522 omstom
1130 2475 1160 2524 16
1175 2476 1258 2524 mimis
1267 2472 1356 2536 pam·

283 2547 422 2610 scriptor.»
441 2548 526 2598 Cous.
540 2548 619 2604 Caro.
646 2545 810 2597 Silenthero
848 2549 888 2594 hee
903 2547 1038 2596 inducitur.
1065 2548 1286 2600 Deiloientevero
1300 2549 1355 2610 661-
1428 2596 1429 2605 ,

283 2623 312 2670 61
328 2619 484 2682 porphyrio.
511 2621 545 2671 ht
559 2619 811 2671 Glossatorcodiels
848 2621 891 2668 tae
908 2620 1041 2670 Dossenni
1066 2623 1092 2672 in
1117 2621 1176 2674 aliis
1197 2621 1354 2687 scriptoribus

283 2693 317 2744 E:
348 2695 519 2756 «Dorsennus,
546 2707 662 2758 persona
679 2696 808 2744 comica.»
847 2693 983 2743 mentione
1008 2695 1062 2744 lam
1086 2695 1163 2746 multi
1186 2711 1220 2748 eo
1236 2694 1353 2751 inclinant

284 2768 333 2827 Qui
351 2767 519 2818 Dossennum
540 2781 589 2832 pro
609 2771 687 2832 poeta
704 2770 809 2818 comico
846 2769 878 2815 nt
898 2779 961 2816 eum
978 2765 1129 2818 Glossatore
1146 2772 1252 2822 Codicis
1267 2769 1286 2820 li
1299 2770 1354 2818 Dor-

282 2841 339 2890 6166
358 2839 552 2902 Atellanarum,
574 2842 630 2892 sive
648 2845 807 2904 togatarum,
845 2854 950 2890 seam
973 2853 1023 2904 pro
1047 2841 1227 2896 Atellanarum
1254 2851 1352 2908 persona

282 2915 339 2964 sive
356 2912 523 2976 palliatarum
540 2914 647 2975 (ititsehl
664 2919 771 2978 Parerg.
788 2917 807 2965 l.
845 2913 947 2964 ludicra
963 2913 1091 2977 babeant,
1110 2917 1207 2980 quales
1222 2919 1353 2969 66611166

283 2999 310 3050 p.
327 2987 395 3047 iob.)
421 2988 551 3050 scriptore
577 2987 691 3048 habent,
725 2990 808 3039 testes
845 3001 901 3050 eres,
918 2990 1013 3048 116666,
1031 2991 1139 3053 suppra.
1170 2995 1271 3044 Primus
1285 2993 1311 3041 G.
1326 2989 1350 3037 0.

281 3057 377 3107 afferre
394 3057 623 3111 solentseneoam
635 3063 662 3111 et
678 3061 806 3122 Plinium
846 3062 938 3114 hldller
952 3065 1143 3127 interpretatus
1160 3071 1220 3119 est:
1237 3067 1352 3128 «0666161

281 3133 343 3181 sen.
356 3131 438 3195 Epist.
449 3133 490 3192 66,
501 3133 531 3182 6:
544 3133 596 3184 1166
606 3135 680 3184 oerbo
692 3135 807 3201 (σοφία)
845 3135 953 3187 Plautus
964 3138 1000 3189 sit
1008 3140 1167 3200 Dossennus,
1185 3141 1275 3200 idest,
1290 3139 1350 3188 aas

280 3207 654 3269 hunosiqaooseatebaotnr,
667 3209 807 3271 61666661-
845 3212 923 3261 dame
940 3213 968 3260 in
985 3212 1171 3266 describendis
1193 3215 1349 3278 pensorum

281 3281 394 3343 loropltis
409 3295 476 3331 6666
486 3293 584 3344 moena
593 3287 706 3332 uhmtur.
736 3285 807 3346 0666
843 3285 991 3336 moribus.»
1018 3285 1099 3337 Paulo
1109 3287 1188 3338 aliter
1197 3286 1349 3348 arsenio*

279 3359 304 3405 et
319 3360 421 3419 topatus
436 3355 481 3405 tibi
494 3356 616 3416 antiquae
629 3357 773 3418 probabant
783 3363 807 3408 et
842 3372 912 3422 rerg.
926 3361 945 3409 1.
964 3360 1049 3423 praei.
1065 3373 1126 3424 pag.
1143 3363 1220 3424 xiii.)
1236 3359 1346 3425 explieat:

279 3431 806 3493 tesertprmoomeentmononsuomo-
843 3435 978 3495 «666666
1000 3438 1053 3496 ipre
1073 3431 1348 3486 wamiam

279 3505 337 3554 tus:
353 3505 457 3568 Hospes,
478 3506 563 3556 resiste
579 3510 602 3556 st
618 3507 721 3568 sophian
739 3508 806 3558 Dos-
838 3509 962 3569 parasitis
977 3509 1167 3559 watenes.»
1191 3505 1347 3560 1611666661-

279 3579 349 3630 mani
365 3579 424 3642 lays.
452 3579 505 3629 Sed
516 3593 549 3629 ex
559 3579 612 3629 hoe
623 3577 682 3630 loeo
694 3581 804 3632 minime
843 3593 895 3645 que
909 3580 933 3644 (1.
947 3580 964 3632 l.
976 3593 1003 3645 p.
1013 3582 1097 3644 ²²⁴·l1
1110 3585 1252 3634 «6661616616
1261 3581 1347 3633 861161·

280 3655 393 3714 apparet
408 3654 592 3714 Dossennum,
613 3653 689 3704 cuius
706 3667 805 3705 moun·
840 3656 904 3718 seps
914 3668 944 3706 er
959 3658 991 3705 ist
1005 3656 1346 3722 heremannum

280 3727 403 3772 mentum
415 3727 579 3783 nominatur,
592 3729 698 3790 potitam
710 3728 802 3780 luisse.
840 3733 907 3792 siper
923 3729 1123 3780 Sehomrotsem
1143 3733 1196 3782 Sed
1207 3743 1307 3789 vereor,
1322 3726 1346 3774 61

279 3795 386 3845 Fabium
409 3799 498 3847 autem
523 3799 691 3861 Dossennum,
721 3813 803 3863 quern
841 3803 964 3854 llorahus
979 3805 1103 3854 Dessessi
1125 3805 1254 3855 voeabulo
1273 3815 1301 3853 ea
1314 3800 1345 3849 sl·

280 3872 413 3919 memorat
429 3869 526 3920 Plinius
544 3873 575 3922 ll.
594 3875 624 3924 N.
638 3874 681 3936 11,
695 3875 736 3931 13.
750 3877 802 3936 th,
841 3877 1008 3939 gnideatione
1019 3889 1118 3928 usurus
1129 3877 1215 3938 bremt,
1230 3880 1259 3926 nt
1268 3874 1343 3925 Plauto

279 3946 456 4007 nonpoetam
473 3944 580 3997 sedvel
600 3950 803 4011 grammaticum
840 3949 950 4013 epitheti
966 3950 1025 4000 1666
1044 3949 1182 4000 1611666661.
1207 3953 1288 4013 stone
1301 3943 1343 3994 611·
1422 4010 1423 4025 ¹

278 4015 360 4067 luisse
385 4015 440 4078 vel,
468 4018 541 4081 quod
566 4021 729 4085 probabilius
750 4027 802 4084 est,
840 4035 901 4073 rum
921 4024 1046 4074 omnibus
1067 4024 1214 4086 recideret,
1237 4023 1258 4074 si
1277 4017 1342 4070 italus

193 4091 197 4096 '
278 4089 506 4152 iurisconsulturn,
525 4105 614 4158 neque
625 4109 729 4158 versus,
742 4100 803 4160 qui·
839 4095 935 4160 aliquis
945 4097 1061 4148 dioeret:
1073 4088 1342 4160 Dasummi

278 4163 330 4215 bus
355 4167 413 4216 eius
436 4167 566 4217 sententia
589 4170 692 4231 nititur,
720 4171 802 4235 ipsius
837 4171 934 4234 foldieo
949 4171 980 4235 fir
995 4171 1070 4223 Cario
1087 4174 1184 4223 Gonni!
1211 4163 1342 4222 661661
