<?xml version="1.0" encoding="UTF-8"?>
<!DOCTYPE html PUBLIC "-//W3C//DTD XHTML 1.0 Transitional//EN"
    "http://www.w3.org/TR/xhtml1/DTD/xhtml1-transitional.dtd">
<html xmlns="http://www.w3.org/1999/xhtml" xml:lang="en" lang="en">
 <head>
  <title>
</title>
<meta http-equiv="Content-Type" content="text/html;charset=utf-8" />
  <meta name='ocr-system' content='tesseract 3.04.00' />
  <meta name='ocr-capabilities' content='ocr_page ocr_carea ocr_par ocr_line ocrx_word'/>
</head>
<body>
  <div class='ocr_page' id='page_1' title='image "./qhoratiusflaccu03baitgoog/qhoratiusflaccu03baitgoog_0636.png"; bbox 0 0 2925 4892; ppageno 0'>
   <div class='ocr_carea' id='block_1_1' title="bbox 264 365 990 434">
    <p class='ocr_par' dir='ltr' id='par_1_1' title="bbox 264 365 990 434">
     <span class='ocr_line' id='line_1_1' title="bbox 264 365 990 434; baseline -0.015 -8"><span class='ocrx_word' id='word_1_1' title='bbox 264 369 325 434; x_wconf 66' lang='grc' dir='ltr'><strong>64Ιῖ</strong></span> <span class='ocrx_word' id='word_1_2' title='bbox 621 365 751 416; x_wconf 78' lang='lat' dir='ltr'><strong>HOllATll</strong></span> <span class='ocrx_word' id='word_1_3' title='bbox 769 365 990 416; x_wconf 76' lang='lat' dir='ltr'><strong>Erisrotaauit</strong></span> 
     </span>
    </p>
   </div>
   <div class='ocr_carea' id='block_1_2' title="bbox 263 519 1347 592">
    <p class='ocr_par' dir='ltr' id='par_1_2' title="bbox 263 519 1347 592">
     <span class='ocr_line' id='line_1_2' title="bbox 263 519 1347 592; baseline -0.007 -14"><span class='ocrx_word' id='word_1_4' title='bbox 263 529 382 592; x_wconf 87' lang='lat' dir='ltr'><strong>ineptiis;</strong></span> <span class='ocrx_word' id='word_1_5' title='bbox 410 527 435 575; x_wconf 93' lang='lat' dir='ltr'><strong>in</strong></span> <span class='ocrx_word' id='word_1_6' title='bbox 454 526 529 575; x_wconf 86' lang='lat' dir='ltr'><strong>tertia</strong></span> <span class='ocrx_word' id='word_1_7' title='bbox 547 524 663 587; x_wconf 88' lang='lat' dir='ltr'><strong>denique</strong></span> <span class='ocrx_word' id='word_1_8' title='bbox 682 525 745 574; x_wconf 86' lang='lat' dir='ltr'><strong>artis</strong></span> <span class='ocrx_word' id='word_1_9' title='bbox 763 524 906 587; x_wconf 82' lang='lat' dir='ltr'><strong>praecepta</strong></span> <span class='ocrx_word' id='word_1_10' title='bbox 924 520 1013 572; x_wconf 88' lang='lat' dir='ltr'><strong>tradit.</strong></span> <span class='ocrx_word' id='word_1_11' title='bbox 1043 523 1128 585; x_wconf 79' lang='lat' dir='ltr'><strong>atque</strong></span> <span class='ocrx_word' id='word_1_12' title='bbox 1145 521 1225 572; x_wconf 88' lang='lat' dir='ltr'><strong>buius</strong></span> <span class='ocrx_word' id='word_1_13' title='bbox 1241 519 1347 583; x_wconf 89' lang='lat' dir='ltr'><strong>quidem</strong></span> 
     </span>
    </p>
   </div>
   <div class='ocr_carea' id='block_1_3' title="bbox 261 603 1445 926">
    <p class='ocr_par' dir='ltr' id='par_1_3' title="bbox 261 603 1445 926">
     <span class='ocr_line' id='line_1_3' title="bbox 262 603 1445 675; baseline -0.007 -14"><span class='ocrx_word' id='word_1_14' title='bbox 262 613 364 675; x_wconf 87' lang='lat' dir='ltr'><strong>primae</strong></span> <span class='ocrx_word' id='word_1_15' title='bbox 382 607 508 675; x_wconf 84' lang='lat' dir='ltr'><strong>epistolae</strong></span> <span class='ocrx_word' id='word_1_16' title='bbox 526 609 632 658; x_wconf 77' lang='lat' dir='ltr'><strong>occasio</strong></span> <span class='ocrx_word' id='word_1_17' title='bbox 653 607 778 658; x_wconf 89' lang='lat' dir='ltr'><strong>Suetonio</strong></span> <span class='ocrx_word' id='word_1_18' title='bbox 795 607 864 656; x_wconf 84' lang='lat' dir='ltr'><strong>teste</strong></span> <span class='ocrx_word' id='word_1_19' title='bbox 880 606 944 668; x_wconf 84' lang='lat' dir='ltr'><strong>(vit.</strong></span> <span class='ocrx_word' id='word_1_20' title='bbox 958 605 1065 665; x_wconf 75' lang='lat' dir='ltr'><strong>Horat.)</strong></span> <span class='ocrx_word' id='word_1_21' title='bbox 1082 604 1150 654; x_wconf 84' lang='lat' dir='ltr'><strong>haec</strong></span> <span class='ocrx_word' id='word_1_22' title='bbox 1168 603 1230 655; x_wconf 90' lang='lat' dir='ltr'><strong>tuit:</strong></span> <span class='ocrx_word' id='word_1_23' title='bbox 1251 605 1347 668; x_wconf 63' lang='lat' dir='ltr'><strong>:tapo-</strong></span> <span class='ocrx_word' id='word_1_24' title='bbox 1444 636 1445 659; x_wconf 66' lang='lat'><strong>,</strong></span> 
     </span>
     <span class='ocr_line' id='line_1_4' title="bbox 261 676 1445 756; baseline -0.011 -12"><span class='ocrx_word' id='word_1_25' title='bbox 261 700 313 744; x_wconf 79' lang='lat' dir='ltr'><strong>stus</strong></span> <span class='ocrx_word' id='word_1_26' title='bbox 333 698 390 756; x_wconf 82' lang='lat' dir='ltr'><strong>post</strong></span> <span class='ocrx_word' id='word_1_27' title='bbox 410 705 534 743; x_wconf 69' lang='lat' dir='ltr'><strong>ammones</strong></span> <span class='ocrx_word' id='word_1_28' title='bbox 555 693 628 741; x_wconf 85' lang='lat' dir='ltr'><strong>tectos</strong></span> <span class='ocrx_word' id='word_1_29' title='bbox 648 691 745 740; x_wconf 65' lang='lat' dir='ltr'><strong>amman</strong></span> <span class='ocrx_word' id='word_1_30' title='bbox 761 690 800 738; x_wconf 83' lang='lat' dir='ltr'><strong>sui</strong></span> <span class='ocrx_word' id='word_1_31' title='bbox 819 689 968 738; x_wconf 72' lang='lat' dir='ltr'><em>mentionem</em></span> <span class='ocrx_word' id='word_1_32' title='bbox 983 687 1096 738; x_wconf 78' lang='lat' dir='ltr'><strong>hobitum</strong></span> <span class='ocrx_word' id='word_1_33' title='bbox 1111 689 1149 737; x_wconf 90' lang='lat' dir='ltr'><strong>ito</strong></span> <span class='ocrx_word' id='word_1_34' title='bbox 1165 694 1201 738; x_wconf 80' lang='lat' dir='ltr'><strong>cst</strong></span> <span class='ocrx_word' id='word_1_35' title='bbox 1217 694 1347 750; x_wconf 65' lang='lat' dir='ltr'><strong>questum»</strong></span> <span class='ocrx_word' id='word_1_36' title='bbox 1444 676 1445 719; x_wconf 83' lang='lat'>¹</span> 
     </span>
     <span class='ocr_line' id='line_1_5' title="bbox 263 770 1445 836; baseline -0.001 -14"><span class='ocrx_word' id='word_1_37' title='bbox 263 777 363 827; x_wconf 76' lang='lat' dir='ltr'><strong>«irasci</strong></span> <span class='ocrx_word' id='word_1_38' title='bbox 381 789 425 825; x_wconf 90' lang='lat' dir='ltr'><strong>me</strong></span> <span class='ocrx_word' id='word_1_39' title='bbox 443 774 490 825; x_wconf 88' lang='lat' dir='ltr'><strong>tibi</strong></span> <span class='ocrx_word' id='word_1_40' title='bbox 508 775 591 835; x_wconf 86' lang='lat' dir='ltr'><strong>scito,</strong></span> <span class='ocrx_word' id='word_1_41' title='bbox 614 773 687 836; x_wconf 90' lang='lat' dir='ltr'><strong>quod</strong></span> <span class='ocrx_word' id='word_1_42' title='bbox 704 786 757 823; x_wconf 93' lang='lat' dir='ltr'><strong>non</strong></span> <span class='ocrx_word' id='word_1_43' title='bbox 775 772 801 822; x_wconf 92' lang='lat' dir='ltr'><strong>in</strong></span> <span class='ocrx_word' id='word_1_44' title='bbox 818 770 954 835; x_wconf 89' lang='lat' dir='ltr'><strong>plerisque</strong></span> <span class='ocrx_word' id='word_1_45' title='bbox 972 770 1104 821; x_wconf 87' lang='lat' dir='ltr'><strong>eiusmodi</strong></span> <span class='ocrx_word' id='word_1_46' title='bbox 1120 773 1228 835; x_wconf 84' lang='lat' dir='ltr'><strong>scriptis</strong></span> <span class='ocrx_word' id='word_1_47' title='bbox 1245 784 1348 822; x_wconf 88' lang='lat' dir='ltr'><strong>mecum</strong></span> <span class='ocrx_word' id='word_1_48' title='bbox 1444 810 1445 829; x_wconf 79' lang='lat'><strong>,</strong></span> 
     </span>
     <span class='ocr_line' id='line_1_6' title="bbox 262 840 1445 926; baseline -0.007 -16"><span class='ocrx_word' id='word_1_49' title='bbox 262 861 430 926; x_wconf 89' lang='lat' dir='ltr'><strong>potissimum</strong></span> <span class='ocrx_word' id='word_1_50' title='bbox 455 857 580 922; x_wconf 87' lang='lat' dir='ltr'><strong>loquaris.</strong></span> <span class='ocrx_word' id='word_1_51' title='bbox 617 859 655 907; x_wconf 78' lang='lat' dir='ltr'><strong>An</strong></span> <span class='ocrx_word' id='word_1_52' title='bbox 682 857 801 915; x_wconf 85' lang='lat' dir='ltr'><strong>vereris,</strong></span> <span class='ocrx_word' id='word_1_53' title='bbox 827 867 862 904; x_wconf 87' lang='lat' dir='ltr'><strong>ne</strong></span> <span class='ocrx_word' id='word_1_54' title='bbox 886 854 958 918; x_wconf 89' lang='lat' dir='ltr'><strong>apud</strong></span> <span class='ocrx_word' id='word_1_55' title='bbox 978 857 1101 918; x_wconf 88' lang='lat' dir='ltr'><strong>posteros</strong></span> <span class='ocrx_word' id='word_1_56' title='bbox 1123 854 1171 905; x_wconf 90' lang='lat' dir='ltr'><strong>tibi</strong></span> <span class='ocrx_word' id='word_1_57' title='bbox 1187 855 1288 905; x_wconf 89' lang='lat' dir='ltr'><strong>iniame</strong></span> <span class='ocrx_word' id='word_1_58' title='bbox 1304 857 1347 912; x_wconf 87' lang='lat' dir='ltr'><strong>sii,</strong></span> <span class='ocrx_word' id='word_1_59' title='bbox 1444 840 1445 851; x_wconf 47' lang='lat'>¹</span> 
     </span>
    </p>
   </div>
   <div class='ocr_carea' id='block_1_4' title="bbox 261 938 1349 1007">
    <p class='ocr_par' dir='ltr' id='par_1_4' title="bbox 261 938 1349 1007">
     <span class='ocr_line' id='line_1_7' title="bbox 261 938 1349 1007; baseline -0.006 -15"><span class='ocrx_word' id='word_1_60' title='bbox 261 943 333 1007; x_wconf 93' lang='lat' dir='ltr'><strong>quod</strong></span> <span class='ocrx_word' id='word_1_61' title='bbox 353 943 469 992; x_wconf 86' lang='lat' dir='ltr'><strong>videaris</strong></span> <span class='ocrx_word' id='word_1_62' title='bbox 493 940 626 991; x_wconf 89' lang='lat' dir='ltr'><strong>iamiiiaris</strong></span> <span class='ocrx_word' id='word_1_63' title='bbox 646 939 722 990; x_wconf 90' lang='lat' dir='ltr'><strong>nobis</strong></span> <span class='ocrx_word' id='word_1_64' title='bbox 740 939 841 990; x_wconf 74' lang='lat' dir='ltr'><strong>esset»</strong></span> <span class='ocrx_word' id='word_1_65' title='bbox 867 939 1037 1000; x_wconf 66' lang='lat' dir='ltr'><strong>expresabque</strong></span> <span class='ocrx_word' id='word_1_66' title='bbox 1053 938 1188 1001; x_wconf 67' lang='lat' dir='ltr'><strong>belopares,</strong></span> <span class='ocrx_word' id='word_1_67' title='bbox 1215 939 1288 987; x_wconf 80' lang='lat' dir='ltr'><strong>caius</strong></span> <span class='ocrx_word' id='word_1_68' title='bbox 1303 940 1349 986; x_wconf 78' lang='lat' dir='ltr'><strong>isi·</strong></span> 
     </span>
    </p>
   </div>
   <div class='ocr_carea' id='block_1_5' title="bbox 261 1018 1445 1085">
    <p class='ocr_par' dir='ltr' id='par_1_5' title="bbox 261 1018 1445 1085">
     <span class='ocr_line' id='line_1_8' title="bbox 261 1018 1445 1085; baseline -0.006 -8"><span class='ocrx_word' id='word_1_69' title='bbox 261 1029 324 1077; x_wconf 78' lang='lat' dir='ltr'><strong>tima</strong></span> <span class='ocrx_word' id='word_1_70' title='bbox 341 1031 393 1076; x_wconf 87' lang='lat' dir='ltr'><strong>est:</strong></span> <span class='ocrx_word' id='word_1_71' title='bbox 419 1027 487 1075; x_wconf 90' lang='lat' dir='ltr'><strong>Cum</strong></span> <span class='ocrx_word' id='word_1_72' title='bbox 504 1025 542 1074; x_wconf 85' lang='lat' dir='ltr'><strong>tot</strong></span> <span class='ocrx_word' id='word_1_73' title='bbox 558 1025 710 1074; x_wconf 74' lang='lat' dir='ltr'><strong>sustineas»</strong></span> <span class='ocrx_word' id='word_1_74' title='bbox 728 1024 781 1072; x_wconf 91' lang='lat' dir='ltr'><strong>cet.</strong></span> <span class='ocrx_word' id='word_1_75' title='bbox 808 1022 912 1084; x_wconf 86' lang='lat' dir='ltr'><strong>Optime</strong></span> <span class='ocrx_word' id='word_1_76' title='bbox 924 1023 1015 1075; x_wconf 84' lang='lat' dir='ltr'><strong>autem</strong></span> <span class='ocrx_word' id='word_1_77' title='bbox 1026 1022 1078 1071; x_wconf 89' lang='lat' dir='ltr'><strong>boc</strong></span> <span class='ocrx_word' id='word_1_78' title='bbox 1088 1023 1260 1085; x_wconf 89' lang='lat' dir='ltr'><strong>potissimum</strong></span> <span class='ocrx_word' id='word_1_79' title='bbox 1272 1035 1349 1084; x_wconf 76' lang='lat' dir='ltr'><strong>argu·</strong></span> <span class='ocrx_word' id='word_1_80' title='bbox 1444 1018 1445 1021; x_wconf 72' lang='grc'>’</span> 
     </span>
    </p>
   </div>
   <div class='ocr_carea' id='block_1_6' title="bbox 261 1103 1349 1335">
    <p class='ocr_par' dir='ltr' id='par_1_6' title="bbox 261 1103 1349 1335">
     <span class='ocr_line' id='line_1_9' title="bbox 261 1103 1348 1172; baseline -0.006 -11"><span class='ocrx_word' id='word_1_81' title='bbox 261 1113 383 1161; x_wconf 90' lang='lat' dir='ltr'><strong>mentum</strong></span> <span class='ocrx_word' id='word_1_82' title='bbox 399 1111 478 1172; x_wconf 75' lang='lat' dir='ltr'><strong>poeta</strong></span> <span class='ocrx_word' id='word_1_83' title='bbox 496 1107 547 1157; x_wconf 83' lang='lat' dir='ltr'>sibi</span> <span class='ocrx_word' id='word_1_84' title='bbox 564 1107 690 1170; x_wconf 75' lang='lat' dir='ltr'><strong>sumpsit,</strong></span> <span class='ocrx_word' id='word_1_85' title='bbox 709 1107 802 1169; x_wconf 85' lang='lat' dir='ltr'><strong>utpote</strong></span> <span class='ocrx_word' id='word_1_86' title='bbox 820 1104 854 1154; x_wconf 89' lang='lat' dir='ltr'><strong>ad</strong></span> <span class='ocrx_word' id='word_1_87' title='bbox 871 1105 1022 1168; x_wconf 87' lang='lat' dir='ltr'><strong>principem</strong></span> <span class='ocrx_word' id='word_1_88' title='bbox 1038 1104 1159 1155; x_wconf 88' lang='lat' dir='ltr'><strong>scribens</strong></span> <span class='ocrx_word' id='word_1_89' title='bbox 1177 1103 1348 1168; x_wconf 78' lang='lat' dir='ltr'><strong>et&#39;elegantis</strong></span> 
     </span>
     <span class='ocr_line' id='line_1_10' title="bbox 261 1187 1349 1255; baseline -0.006 -11"><span class='ocrx_word' id='word_1_90' title='bbox 261 1193 349 1245; x_wconf 93' lang='lat' dir='ltr'><strong>iudicii</strong></span> <span class='ocrx_word' id='word_1_91' title='bbox 373 1196 400 1242; x_wconf 89' lang='lat' dir='ltr'><strong>et</strong></span> <span class='ocrx_word' id='word_1_92' title='bbox 417 1195 510 1255; x_wconf 74' lang='lat' dir='ltr'><strong>poetas</strong></span> <span class='ocrx_word' id='word_1_93' title='bbox 528 1189 649 1252; x_wconf 82' lang='lat' dir='ltr'><strong>egregios</strong></span> <span class='ocrx_word' id='word_1_94' title='bbox 667 1189 803 1239; x_wconf 76' lang='lat' dir='ltr'><strong>foventem</strong></span> <span class='ocrx_word' id='word_1_95' title='bbox 823 1190 850 1237; x_wconf 92' lang='lat' dir='ltr'><strong>et</strong></span> <span class='ocrx_word' id='word_1_96' title='bbox 867 1187 991 1238; x_wconf 88' lang='lat' dir='ltr'><strong>omnihus</strong></span> <span class='ocrx_word' id='word_1_97' title='bbox 1009 1188 1149 1253; x_wconf 79' lang='lat' dir='ltr'><strong>praesidiis</strong></span> <span class='ocrx_word' id='word_1_98' title='bbox 1166 1187 1201 1237; x_wconf 89' lang='lat' dir='ltr'><strong>ad</strong></span> <span class='ocrx_word' id='word_1_99' title='bbox 1219 1189 1349 1239; x_wconf 83' lang='lat' dir='ltr'><strong>Romanas</strong></span> 
     </span>
     <span class='ocr_line' id='line_1_11' title="bbox 261 1270 1349 1335; baseline -0.006 -7"><span class='ocrx_word' id='word_1_100' title='bbox 261 1279 349 1329; x_wconf 87' lang='lat' dir='ltr'><strong>llusas</strong></span> <span class='ocrx_word' id='word_1_101' title='bbox 368 1273 520 1326; x_wconf 86' lang='lat' dir='ltr'><strong>excitandas</strong></span> <span class='ocrx_word' id='word_1_102' title='bbox 538 1275 617 1335; x_wconf 87' lang='lat' dir='ltr'><strong>atque</strong></span> <span class='ocrx_word' id='word_1_103' title='bbox 635 1270 746 1320; x_wconf 90' lang='lat' dir='ltr'><strong>alendas</strong></span> <span class='ocrx_word' id='word_1_104' title='bbox 764 1272 929 1320; x_wconf 84' lang='lat' dir='ltr'><strong>instructum.</strong></span> <span class='ocrx_word' id='word_1_105' title='bbox 955 1270 1199 1335; x_wconf 81' lang='lat' dir='ltr'><strong>Postsplendidum</strong></span> <span class='ocrx_word' id='word_1_106' title='bbox 1211 1272 1349 1322; x_wconf 86' lang='lat' dir='ltr'><strong>exordium</strong></span> 
     </span>
    </p>
   </div>
   <div class='ocr_carea' id='block_1_7' title="bbox 260 1353 1445 1505">
    <p class='ocr_par' dir='ltr' id='par_1_7' title="bbox 260 1353 1445 1505">
     <span class='ocr_line' id='line_1_12' title="bbox 261 1353 1445 1424; baseline -0.005 -14"><span class='ocrx_word' id='word_1_107' title='bbox 261 1362 311 1424; x_wconf 83' lang='lat' dir='ltr'>(vv.</span> <span class='ocrx_word' id='word_1_108' title='bbox 326 1358 424 1418; x_wconf 79' lang='lat' dir='ltr'><strong>i-it.)</strong></span> <span class='ocrx_word' id='word_1_109' title='bbox 443 1358 551 1406; x_wconf 88' lang='lat' dir='ltr'><strong>nimiam</strong></span> <span class='ocrx_word' id='word_1_110' title='bbox 569 1359 691 1406; x_wconf 84' lang='lat' dir='ltr'><strong>veterum</strong></span> <span class='ocrx_word' id='word_1_111' title='bbox 709 1357 850 1418; x_wconf 78' lang='lat' dir='ltr'><strong>poetarum</strong></span> <span class='ocrx_word' id='word_1_112' title='bbox 868 1353 1071 1404; x_wconf 89' lang='lat' dir='ltr'><strong>admirationem</strong></span> <span class='ocrx_word' id='word_1_113' title='bbox 1088 1355 1202 1418; x_wconf 74' lang='lat' dir='ltr'><strong>exagitat</strong></span> <span class='ocrx_word' id='word_1_114' title='bbox 1219 1359 1247 1406; x_wconf 88' lang='lat' dir='ltr'><strong>et</strong></span> <span class='ocrx_word' id='word_1_115' title='bbox 1258 1358 1350 1406; x_wconf 84' lang='lat' dir='ltr'><strong>osten-</strong></span> <span class='ocrx_word' id='word_1_116' title='bbox 1444 1358 1445 1413; x_wconf 78' lang='lat' dir='ltr'><strong>l</strong></span> 
     </span>
     <span class='ocr_line' id='line_1_13' title="bbox 260 1437 1445 1505; baseline -0.006 -13"><span class='ocrx_word' id='word_1_117' title='bbox 260 1443 311 1502; x_wconf 91' lang='lat' dir='ltr'><strong>dit,</strong></span> <span class='ocrx_word' id='word_1_118' title='bbox 330 1455 411 1505; x_wconf 90' lang='lat' dir='ltr'><strong>quam</strong></span> <span class='ocrx_word' id='word_1_119' title='bbox 429 1453 524 1504; x_wconf 85' lang='lat' dir='ltr'><strong>parum</strong></span> <span class='ocrx_word' id='word_1_120' title='bbox 543 1438 648 1488; x_wconf 83' lang='lat' dir='ltr'><strong>firmum</strong></span> <span class='ocrx_word' id='word_1_121' title='bbox 668 1439 694 1488; x_wconf 87' lang='lat' dir='ltr'><strong>ei</strong></span> <span class='ocrx_word' id='word_1_122' title='bbox 711 1441 815 1488; x_wconf 87' lang='lat' dir='ltr'><strong>rectum</strong></span> <span class='ocrx_word' id='word_1_123' title='bbox 833 1438 867 1487; x_wconf 91' lang='lat' dir='ltr'><strong>sit</strong></span> <span class='ocrx_word' id='word_1_124' title='bbox 884 1449 978 1486; x_wconf 90' lang='lat' dir='ltr'><strong>eorum</strong></span> <span class='ocrx_word' id='word_1_125' title='bbox 995 1437 1134 1498; x_wconf 86' lang='lat' dir='ltr'><strong>iudicium,</strong></span> <span class='ocrx_word' id='word_1_126' title='bbox 1162 1438 1209 1501; x_wconf 92' lang='lat' dir='ltr'><strong>qui</strong></span> <span class='ocrx_word' id='word_1_127' title='bbox 1226 1439 1350 1502; x_wconf 79' lang='lat' dir='ltr'><strong>poemata</strong></span> <span class='ocrx_word' id='word_1_128' title='bbox 1444 1460 1445 1477; x_wconf 56' lang='lat' dir='ltr'><strong>r</strong></span> 
     </span>
    </p>
   </div>
   <div class='ocr_carea' id='block_1_8' title="bbox 260 1520 1350 1756">
    <p class='ocr_par' dir='ltr' id='par_1_8' title="bbox 260 1520 1350 1756">
     <span class='ocr_line' id='line_1_14' title="bbox 261 1520 1350 1584; baseline -0.002 -9"><span class='ocrx_word' id='word_1_129' title='bbox 261 1527 363 1576; x_wconf 88' lang='lat' dir='ltr'><strong>tantum</strong></span> <span class='ocrx_word' id='word_1_130' title='bbox 381 1537 413 1574; x_wconf 82' lang='lat' dir='ltr'><strong>ex</strong></span> <span class='ocrx_word' id='word_1_131' title='bbox 431 1525 563 1572; x_wconf 88' lang='lat' dir='ltr'><strong>vetustate</strong></span> <span class='ocrx_word' id='word_1_132' title='bbox 581 1521 731 1572; x_wconf 87' lang='lat' dir='ltr'><strong>aestiment.</strong></span> <span class='ocrx_word' id='word_1_133' title='bbox 752 1521 786 1584; x_wconf 82' lang='lat' dir='ltr'><strong>(v.</strong></span> <span class='ocrx_word' id='word_1_134' title='bbox 800 1520 850 1582; x_wconf 78' lang='lat' dir='ltr'><strong>ia.)</strong></span> <span class='ocrx_word' id='word_1_135' title='bbox 877 1522 943 1570; x_wconf 84' lang='lat' dir='ltr'><strong>Tum</strong></span> <span class='ocrx_word' id='word_1_136' title='bbox 961 1521 1002 1572; x_wconf 88' lang='lat' dir='ltr'><strong>his</strong></span> <span class='ocrx_word' id='word_1_137' title='bbox 1020 1521 1083 1584; x_wconf 90' lang='lat' dir='ltr'><strong>ipsis</strong></span> <span class='ocrx_word' id='word_1_138' title='bbox 1100 1521 1237 1572; x_wconf 83' lang='lat' dir='ltr'><strong>veteribus</strong></span> <span class='ocrx_word' id='word_1_139' title='bbox 1253 1524 1350 1573; x_wconf 87' lang='lat' dir='ltr'><strong>lioma·</strong></span> 
     </span>
     <span class='ocr_line' id='line_1_15' title="bbox 261 1604 1350 1671; baseline -0.002 -13"><span class='ocrx_word' id='word_1_140' title='bbox 261 1621 356 1659; x_wconf 88' lang='lat' dir='ltr'><strong>norum</strong></span> <span class='ocrx_word' id='word_1_141' title='bbox 374 1607 460 1671; x_wconf 76' lang='lat' dir='ltr'><strong>poetis</strong></span> <span class='ocrx_word' id='word_1_142' title='bbox 477 1607 511 1655; x_wconf 89' lang='lat' dir='ltr'><strong>ita</strong></span> <span class='ocrx_word' id='word_1_143' title='bbox 530 1605 706 1664; x_wconf 86' lang='lat' dir='ltr'><strong>enumeratis,</strong></span> <span class='ocrx_word' id='word_1_144' title='bbox 733 1608 763 1654; x_wconf 93' lang='lat' dir='ltr'><strong>ut</strong></span> <span class='ocrx_word' id='word_1_145' title='bbox 785 1607 812 1654; x_wconf 91' lang='lat' dir='ltr'><strong>et</strong></span> <span class='ocrx_word' id='word_1_146' title='bbox 831 1605 982 1655; x_wconf 78' lang='lat' dir='ltr'><strong>criticorum</strong></span> <span class='ocrx_word' id='word_1_147' title='bbox 1000 1604 1173 1669; x_wconf 84' lang='lat' dir='ltr'><strong>sibimetipsi</strong></span> <span class='ocrx_word' id='word_1_148' title='bbox 1189 1604 1350 1670; x_wconf 75' lang='lat' dir='ltr'><strong>plenumque</strong></span> 
     </span>
     <span class='ocr_line' id='line_1_16' title="bbox 260 1687 1348 1756; baseline 0 -16"><span class='ocrx_word' id='word_1_149' title='bbox 260 1693 411 1755; x_wconf 90' lang='lat' dir='ltr'><strong>iniquorum</strong></span> <span class='ocrx_word' id='word_1_150' title='bbox 428 1692 508 1752; x_wconf 86' lang='lat' dir='ltr'><strong>atque</strong></span> <span class='ocrx_word' id='word_1_151' title='bbox 526 1689 709 1751; x_wconf 87' lang='lat' dir='ltr'><strong>antiquissima</strong></span> <span class='ocrx_word' id='word_1_152' title='bbox 727 1700 851 1756; x_wconf 86' lang='lat' dir='ltr'><strong>quaeque</strong></span> <span class='ocrx_word' id='word_1_153' title='bbox 869 1689 896 1738; x_wconf 93' lang='lat' dir='ltr'><strong>in</strong></span> <span class='ocrx_word' id='word_1_154' title='bbox 908 1687 1033 1738; x_wconf 80' lang='lat' dir='ltr'><strong>iuvidiam</strong></span> <span class='ocrx_word' id='word_1_155' title='bbox 1044 1701 1144 1748; x_wconf 80' lang='lat' dir='ltr'><strong>norae,</strong></span> <span class='ocrx_word' id='word_1_156' title='bbox 1162 1691 1239 1738; x_wconf 88' lang='lat' dir='ltr'><strong>atita</strong></span> <span class='ocrx_word' id='word_1_157' title='bbox 1249 1688 1348 1751; x_wconf 73' lang='lat' dir='ltr'><strong>dimm,</strong></span> 
     </span>
    </p>
   </div>
   <div class='ocr_carea' id='block_1_9' title="bbox 259 1771 1445 1839">
    <p class='ocr_par' dir='ltr' id='par_1_9' title="bbox 259 1771 1445 1839">
     <span class='ocr_line' id='line_1_17' title="bbox 259 1771 1445 1839; baseline 0 -15"><span class='ocrx_word' id='word_1_158' title='bbox 259 1777 400 1839; x_wconf 76' lang='lat' dir='ltr'><strong>poetarum</strong></span> <span class='ocrx_word' id='word_1_159' title='bbox 426 1775 516 1822; x_wconf 87' lang='lat' dir='ltr'><strong>sectae</strong></span> <span class='ocrx_word' id='word_1_160' title='bbox 542 1773 620 1822; x_wconf 88' lang='lat' dir='ltr'><strong>unice</strong></span> <span class='ocrx_word' id='word_1_161' title='bbox 646 1771 871 1834; x_wconf 78' lang='lat' dir='ltr'><strong>praedicantium,</strong></span> <span class='ocrx_word' id='word_1_162' title='bbox 899 1773 927 1820; x_wconf 89' lang='lat' dir='ltr'><strong>et</strong></span> <span class='ocrx_word' id='word_1_163' title='bbox 948 1772 1084 1835; x_wconf 84' lang='lat' dir='ltr'><strong>propriam</strong></span> <span class='ocrx_word' id='word_1_164' title='bbox 1107 1784 1184 1822; x_wconf 90' lang='lat' dir='ltr'><strong>suam</strong></span> <span class='ocrx_word' id='word_1_165' title='bbox 1200 1773 1235 1822; x_wconf 91' lang='lat' dir='ltr'><strong>de</strong></span> <span class='ocrx_word' id='word_1_166' title='bbox 1253 1774 1351 1824; x_wconf 86' lang='lat' dir='ltr'><strong>iisdem</strong></span> <span class='ocrx_word' id='word_1_167' title='bbox 1444 1784 1445 1787; x_wconf 53' lang='lat'>¹</span> 
     </span>
    </p>
   </div>
   <div class='ocr_carea' id='block_1_10' title="bbox 258 1852 1351 2587">
    <p class='ocr_par' dir='ltr' id='par_1_10' title="bbox 258 1852 1351 2587">
     <span class='ocr_line' id='line_1_18' title="bbox 260 1852 1351 1920; baseline -0.001 -13"><span class='ocrx_word' id='word_1_168' title='bbox 260 1859 420 1908; x_wconf 88' lang='lat' dir='ltr'><strong>sententiam</strong></span> <span class='ocrx_word' id='word_1_169' title='bbox 438 1856 553 1918; x_wconf 86' lang='lat' dir='ltr'><strong>exponat</strong></span> <span class='ocrx_word' id='word_1_170' title='bbox 570 1856 604 1918; x_wconf 81' lang='lat' dir='ltr'><strong>[v.</strong></span> <span class='ocrx_word' id='word_1_171' title='bbox 617 1855 684 1916; x_wconf 77' lang='lat' dir='ltr'><strong>aa),</strong></span> <span class='ocrx_word' id='word_1_172' title='bbox 704 1855 830 1904; x_wconf 81' lang='lat' dir='ltr'><strong>extremis</strong></span> <span class='ocrx_word' id='word_1_173' title='bbox 842 1855 919 1917; x_wconf 91' lang='lat' dir='ltr'><strong>quasi</strong></span> <span class='ocrx_word' id='word_1_174' title='bbox 929 1852 1097 1904; x_wconf 84' lang='lat' dir='ltr'><strong>lineamentis</strong></span> <span class='ocrx_word' id='word_1_175' title='bbox 1108 1855 1284 1920; x_wconf 80' lang='lat' dir='ltr'><strong>descriptam,</strong></span> <span class='ocrx_word' id='word_1_176' title='bbox 1302 1857 1351 1908; x_wconf 90' lang='lat' dir='ltr'><strong>sed</strong></span> 
     </span>
     <span class='ocr_line' id='line_1_19' title="bbox 260 1936 1351 2004; baseline 0.001 -15"><span class='ocrx_word' id='word_1_177' title='bbox 260 1951 391 2004; x_wconf 85' lang='lat' dir='ltr'><strong>perquam</strong></span> <span class='ocrx_word' id='word_1_178' title='bbox 408 1939 554 2002; x_wconf 84' lang='lat' dir='ltr'><strong>ingeniose,</strong></span> <span class='ocrx_word' id='word_1_179' title='bbox 574 1939 736 1986; x_wconf 87' lang='lat' dir='ltr'><strong>Graecorum</strong></span> <span class='ocrx_word' id='word_1_180' title='bbox 754 1939 782 1986; x_wconf 88' lang='lat' dir='ltr'><strong>et</strong></span> <span class='ocrx_word' id='word_1_181' title='bbox 798 1938 977 1987; x_wconf 77' lang='lat' dir='ltr'><strong>Romanorum</strong></span> <span class='ocrx_word' id='word_1_182' title='bbox 994 1936 1112 1988; x_wconf 86' lang='lat' dir='ltr'><strong>indolem</strong></span> <span class='ocrx_word' id='word_1_183' title='bbox 1124 1938 1250 2002; x_wconf 85' lang='lat' dir='ltr'><strong>vitaeque</strong></span> <span class='ocrx_word' id='word_1_184' title='bbox 1268 1942 1351 1990; x_wconf 91' lang='lat' dir='ltr'><strong>ratio-</strong></span> 
     </span>
     <span class='ocr_line' id='line_1_20' title="bbox 260 2019 1351 2086; baseline 0.002 -14"><span class='ocrx_word' id='word_1_185' title='bbox 260 2036 308 2074; x_wconf 90' lang='lat' dir='ltr'><strong>nes</strong></span> <span class='ocrx_word' id='word_1_186' title='bbox 325 2024 394 2072; x_wconf 88' lang='lat' dir='ltr'><strong>inter</strong></span> <span class='ocrx_word' id='word_1_187' title='bbox 411 2035 440 2072; x_wconf 88' lang='lat' dir='ltr'><strong>so</strong></span> <span class='ocrx_word' id='word_1_188' title='bbox 459 2022 598 2086; x_wconf 89' lang='lat' dir='ltr'><strong>comparat</strong></span> <span class='ocrx_word' id='word_1_189' title='bbox 616 2021 646 2083; x_wconf 89' lang='lat' dir='ltr'><strong>(v.</strong></span> <span class='ocrx_word' id='word_1_190' title='bbox 662 2021 742 2082; x_wconf 69' lang='lat' dir='ltr'><strong>tie),</strong></span> <span class='ocrx_word' id='word_1_191' title='bbox 763 2033 795 2069; x_wconf 91' lang='lat' dir='ltr'><strong>eo</strong></span> <span class='ocrx_word' id='word_1_192' title='bbox 813 2020 923 2082; x_wconf 89' lang='lat' dir='ltr'><strong>quidem</strong></span> <span class='ocrx_word' id='word_1_193' title='bbox 941 2019 1064 2079; x_wconf 86' lang='lat' dir='ltr'><strong>consilio,</strong></span> <span class='ocrx_word' id='word_1_194' title='bbox 1082 2023 1112 2070; x_wconf 96' lang='lat' dir='ltr'><strong>ut</strong></span> <span class='ocrx_word' id='word_1_195' title='bbox 1128 2021 1311 2084; x_wconf 85' lang='lat' dir='ltr'><strong>demonstret,</strong></span> <span class='ocrx_word' id='word_1_196' title='bbox 1329 2026 1351 2074; x_wconf 90' lang='lat' dir='ltr'><strong>si</strong></span> 
     </span>
     <span class='ocr_line' id='line_1_21' title="bbox 260 2104 1349 2172; baseline 0.002 -18"><span class='ocrx_word' id='word_1_197' title='bbox 260 2107 423 2154; x_wconf 89' lang='lat' dir='ltr'><strong>Graecorum</strong></span> <span class='ocrx_word' id='word_1_198' title='bbox 447 2105 628 2154; x_wconf 85' lang='lat' dir='ltr'><strong>vetustissima</strong></span> <span class='ocrx_word' id='word_1_199' title='bbox 654 2117 778 2167; x_wconf 89' lang='lat' dir='ltr'><strong>quaeque</strong></span> <span class='ocrx_word' id='word_1_200' title='bbox 801 2104 919 2154; x_wconf 91' lang='lat' dir='ltr'><strong>carmina</strong></span> <span class='ocrx_word' id='word_1_201' title='bbox 942 2117 971 2153; x_wconf 91' lang='lat' dir='ltr'><strong>re</strong></span> <span class='ocrx_word' id='word_1_202' title='bbox 988 2117 1053 2154; x_wconf 79' lang='lat' dir='ltr'><strong>vera</strong></span> <span class='ocrx_word' id='word_1_203' title='bbox 1070 2106 1123 2154; x_wconf 85' lang='lat' dir='ltr'><strong>sint</strong></span> <span class='ocrx_word' id='word_1_204' title='bbox 1140 2106 1221 2156; x_wconf 89' lang='lat' dir='ltr'><strong>etiam</strong></span> <span class='ocrx_word' id='word_1_205' title='bbox 1239 2109 1349 2172; x_wconf 85' lang='lat' dir='ltr'><strong>optima,</strong></span> 
     </span>
     <span class='ocr_line' id='line_1_22' title="bbox 259 2185 1349 2254; baseline 0.003 -17"><span class='ocrx_word' id='word_1_206' title='bbox 259 2189 310 2237; x_wconf 87' lang='lat' dir='ltr'><strong>boc</strong></span> <span class='ocrx_word' id='word_1_207' title='bbox 328 2187 399 2236; x_wconf 91' lang='lat' dir='ltr'><strong>idem</strong></span> <span class='ocrx_word' id='word_1_208' title='bbox 417 2187 543 2236; x_wconf 87' lang='lat' dir='ltr'><strong>iudicium</strong></span> <span class='ocrx_word' id='word_1_209' title='bbox 561 2187 588 2236; x_wconf 91' lang='lat' dir='ltr'><strong>in</strong></span> <span class='ocrx_word' id='word_1_210' title='bbox 605 2189 786 2238; x_wconf 79' lang='lat' dir='ltr'><strong>Romanorum</strong></span> <span class='ocrx_word' id='word_1_211' title='bbox 797 2187 960 2238; x_wconf 90' lang='lat' dir='ltr'><strong>carminibus</strong></span> <span class='ocrx_word' id='word_1_212' title='bbox 977 2185 1066 2237; x_wconf 91' lang='lat' dir='ltr'><strong>locum</strong></span> <span class='ocrx_word' id='word_1_213' title='bbox 1078 2187 1179 2239; x_wconf 88' lang='lat' dir='ltr'><strong>habere</strong></span> <span class='ocrx_word' id='word_1_214' title='bbox 1192 2204 1246 2240; x_wconf 91' lang='lat' dir='ltr'><strong>non</strong></span> <span class='ocrx_word' id='word_1_215' title='bbox 1258 2205 1349 2254; x_wconf 89' lang='lat' dir='ltr'><strong>posse.</strong></span> 
     </span>
     <span class='ocr_line' id='line_1_23' title="bbox 259 2270 1350 2334; baseline 0.005 -14"><span class='ocrx_word' id='word_1_216' title='bbox 259 2270 361 2321; x_wconf 88' lang='lat' dir='ltr'><strong>Deinde</strong></span> <span class='ocrx_word' id='word_1_217' title='bbox 382 2282 444 2320; x_wconf 92' lang='lat' dir='ltr'><strong>cum</strong></span> <span class='ocrx_word' id='word_1_218' title='bbox 467 2271 646 2333; x_wconf 89' lang='lat' dir='ltr'><strong>antiquiorum</strong></span> <span class='ocrx_word' id='word_1_219' title='bbox 664 2271 845 2320; x_wconf 82' lang='lat' dir='ltr'><strong>Romanorum</strong></span> <span class='ocrx_word' id='word_1_220' title='bbox 861 2271 965 2334; x_wconf 79' lang='lat' dir='ltr'><strong>ingenio</strong></span> <span class='ocrx_word' id='word_1_221' title='bbox 982 2285 997 2320; x_wconf 90' lang='lat' dir='ltr'><strong>a</strong></span> <span class='ocrx_word' id='word_1_222' title='bbox 1015 2270 1196 2322; x_wconf 83' lang='lat' dir='ltr'><strong>subtilioribus</strong></span> <span class='ocrx_word' id='word_1_223' title='bbox 1213 2275 1350 2324; x_wconf 79' lang='lat' dir='ltr'><strong>Musarum</strong></span> 
     </span>
     <span class='ocr_line' id='line_1_24' title="bbox 258 2351 1349 2420; baseline 0.003 -17"><span class='ocrx_word' id='word_1_224' title='bbox 258 2354 359 2404; x_wconf 85' lang='lat' dir='ltr'><strong>artibus</strong></span> <span class='ocrx_word' id='word_1_225' title='bbox 375 2352 461 2403; x_wconf 90' lang='lat' dir='ltr'><strong>alieno</strong></span> <span class='ocrx_word' id='word_1_226' title='bbox 478 2367 529 2402; x_wconf 93' lang='lat' dir='ltr'><strong>non</strong></span> <span class='ocrx_word' id='word_1_227' title='bbox 541 2353 598 2402; x_wconf 89' lang='lat' dir='ltr'><strong>siue</strong></span> <span class='ocrx_word' id='word_1_228' title='bbox 610 2351 697 2416; x_wconf 90' lang='lat' dir='ltr'><strong>aliqua</strong></span> <span class='ocrx_word' id='word_1_229' title='bbox 710 2352 842 2403; x_wconf 87' lang='lat' dir='ltr'><strong>derisione</strong></span> <span class='ocrx_word' id='word_1_230' title='bbox 855 2354 986 2404; x_wconf 84' lang='lat' dir='ltr'><strong>torridum</strong></span> <span class='ocrx_word' id='word_1_231' title='bbox 997 2352 1061 2404; x_wconf 92' lang='lat' dir='ltr'><strong>illud</strong></span> <span class='ocrx_word' id='word_1_232' title='bbox 1072 2355 1190 2406; x_wconf 90' lang='lat' dir='ltr'><strong>studium</strong></span> <span class='ocrx_word' id='word_1_233' title='bbox 1202 2359 1349 2420; x_wconf 82' lang='lat' dir='ltr'><strong>componit,</strong></span> 
     </span>
     <span class='ocr_line' id='line_1_25' title="bbox 259 2435 1350 2504; baseline 0.004 -18"><span class='ocrx_word' id='word_1_234' title='bbox 259 2450 312 2500; x_wconf 93' lang='lat' dir='ltr'><strong>quo</strong></span> <span class='ocrx_word' id='word_1_235' title='bbox 337 2449 402 2488; x_wconf 90' lang='lat' dir='ltr'><strong>suae</strong></span> <span class='ocrx_word' id='word_1_236' title='bbox 428 2439 522 2487; x_wconf 87' lang='lat' dir='ltr'><strong>aetatis</strong></span> <span class='ocrx_word' id='word_1_237' title='bbox 547 2436 669 2487; x_wconf 88' lang='lat' dir='ltr'><strong>homiues</strong></span> <span class='ocrx_word' id='word_1_238' title='bbox 695 2435 728 2486; x_wconf 88' lang='lat' dir='ltr'><strong>ad</strong></span> <span class='ocrx_word' id='word_1_239' title='bbox 752 2448 845 2488; x_wconf 90' lang='lat' dir='ltr'><strong>versus</strong></span> <span class='ocrx_word' id='word_1_240' title='bbox 869 2437 1028 2489; x_wconf 84' lang='lat' dir='ltr'><strong>scribendos</strong></span> <span class='ocrx_word' id='word_1_241' title='bbox 1044 2439 1194 2502; x_wconf 88' lang='lat' dir='ltr'><strong>rapiantur,</strong></span> <span class='ocrx_word' id='word_1_242' title='bbox 1221 2440 1350 2504; x_wconf 87' lang='lat' dir='ltr'><strong>additque</strong></span> 
     </span>
     <span class='ocr_line' id='line_1_26' title="bbox 258 2519 1350 2587; baseline 0.003 -17"><span class='ocrx_word' id='word_1_243' title='bbox 258 2522 347 2585; x_wconf 75' lang='lat' dir='ltr'><strong>poesis</strong></span> <span class='ocrx_word' id='word_1_244' title='bbox 365 2519 557 2579; x_wconf 86' lang='lat' dir='ltr'><strong>laudationem,</strong></span> <span class='ocrx_word' id='word_1_245' title='bbox 585 2522 611 2570; x_wconf 90' lang='lat' dir='ltr'><strong>iu</strong></span> <span class='ocrx_word' id='word_1_246' title='bbox 631 2533 682 2584; x_wconf 92' lang='lat' dir='ltr'><strong>qua</strong></span> <span class='ocrx_word' id='word_1_247' title='bbox 701 2535 716 2570; x_wconf 90' lang='lat' dir='ltr'><strong>a</strong></span> <span class='ocrx_word' id='word_1_248' title='bbox 733 2521 824 2570; x_wconf 90' lang='lat' dir='ltr'><strong>iocosa</strong></span> <span class='ocrx_word' id='word_1_249' title='bbox 841 2522 869 2570; x_wconf 89' lang='lat' dir='ltr'><strong>et</strong></span> <span class='ocrx_word' id='word_1_250' title='bbox 885 2521 1019 2571; x_wconf 89' lang='lat' dir='ltr'><strong>submissa</strong></span> <span class='ocrx_word' id='word_1_251' title='bbox 1037 2523 1193 2573; x_wconf 84' lang='lat' dir='ltr'><strong>tractatione</strong></span> <span class='ocrx_word' id='word_1_252' title='bbox 1210 2537 1299 2587; x_wconf 89' lang='lat' dir='ltr'><strong>usqne</strong></span> <span class='ocrx_word' id='word_1_253' title='bbox 1316 2523 1350 2573; x_wconf 92' lang='lat' dir='ltr'><strong>ad</strong></span> 
     </span>
    </p>
   </div>
   <div class='ocr_carea' id='block_1_11' title="bbox 259 2603 1445 2670">
    <p class='ocr_par' dir='ltr' id='par_1_11' title="bbox 259 2603 1445 2670">
     <span class='ocr_line' id='line_1_27' title="bbox 259 2603 1445 2670; baseline 0.002 -16"><span class='ocrx_word' id='word_1_254' title='bbox 259 2603 400 2654; x_wconf 91' lang='lat' dir='ltr'><strong>sublimem</strong></span> <span class='ocrx_word' id='word_1_255' title='bbox 418 2605 575 2668; x_wconf 86' lang='lat' dir='ltr'><strong>gravitatem</strong></span> <span class='ocrx_word' id='word_1_256' title='bbox 592 2605 706 2668; x_wconf 82' lang='lat' dir='ltr'><strong>assurgit</strong></span> <span class='ocrx_word' id='word_1_257' title='bbox 724 2604 757 2668; x_wconf 85' lang='lat' dir='ltr'><strong>(v.</strong></span> <span class='ocrx_word' id='word_1_258' title='bbox 773 2603 849 2664; x_wconf 79' lang='lat' dir='ltr'><strong>ias).</strong></span> <span class='ocrx_word' id='word_1_259' title='bbox 885 2606 980 2654; x_wconf 85' lang='lat' dir='ltr'><strong>Postea</strong></span> <span class='ocrx_word' id='word_1_260' title='bbox 997 2604 1091 2654; x_wconf 83' lang='lat' dir='ltr'><strong>tentori</strong></span> <span class='ocrx_word' id='word_1_261' title='bbox 1108 2617 1157 2655; x_wconf 92' lang='lat' dir='ltr'><strong>suo</strong></span> <span class='ocrx_word' id='word_1_262' title='bbox 1175 2607 1266 2670; x_wconf 83' lang='lat' dir='ltr'><strong>poesis</strong></span> <span class='ocrx_word' id='word_1_263' title='bbox 1284 2620 1351 2658; x_wconf 90' lang='lat' dir='ltr'><strong>con-</strong></span> <span class='ocrx_word' id='word_1_264' title='bbox 1444 2610 1445 2625; x_wconf 93' lang='lat'>¹</span> 
     </span>
    </p>
   </div>
   <div class='ocr_carea' id='block_1_12' title="bbox 257 2687 1350 3169">
    <p class='ocr_par' dir='ltr' id='par_1_12' title="bbox 257 2687 1350 3169">
     <span class='ocr_line' id='line_1_28' title="bbox 258 2687 1349 2753; baseline 0.001 -15"><span class='ocrx_word' id='word_1_265' title='bbox 258 2688 392 2739; x_wconf 87' lang='lat' dir='ltr'><strong>dicionem</strong></span> <span class='ocrx_word' id='word_1_266' title='bbox 410 2690 437 2738; x_wconf 89' lang='lat' dir='ltr'><strong>et</strong></span> <span class='ocrx_word' id='word_1_267' title='bbox 453 2690 597 2749; x_wconf 87' lang='lat' dir='ltr'><strong>rationem,</strong></span> <span class='ocrx_word' id='word_1_268' title='bbox 616 2687 701 2750; x_wconf 89' lang='lat' dir='ltr'><strong>qualis</strong></span> <span class='ocrx_word' id='word_1_269' title='bbox 719 2689 781 2738; x_wconf 87' lang='lat' dir='ltr'><strong>tuuc</strong></span> <span class='ocrx_word' id='word_1_270' title='bbox 798 2690 898 2738; x_wconf 80' lang='lat' dir='ltr'><strong>Romae</strong></span> <span class='ocrx_word' id='word_1_271' title='bbox 916 2687 976 2748; x_wconf 86' lang='lat' dir='ltr'><strong>luit,</strong></span> <span class='ocrx_word' id='word_1_272' title='bbox 995 2689 1117 2738; x_wconf 90' lang='lat' dir='ltr'><strong>scenicae</strong></span> <span class='ocrx_word' id='word_1_273' title='bbox 1137 2691 1282 2753; x_wconf 86' lang='lat' dir='ltr'><strong>imprimis,</strong></span> <span class='ocrx_word' id='word_1_274' title='bbox 1302 2703 1349 2739; x_wconf 81' lang='lat' dir='ltr'><strong>ea-</strong></span> 
     </span>
     <span class='ocr_line' id='line_1_29' title="bbox 257 2769 1350 2837; baseline 0.001 -16"><span class='ocrx_word' id='word_1_275' title='bbox 257 2773 331 2834; x_wconf 89' lang='lat' dir='ltr'><strong>ponit</strong></span> <span class='ocrx_word' id='word_1_276' title='bbox 357 2774 391 2836; x_wconf 85' lang='lat' dir='ltr'><strong>(v.</strong></span> <span class='ocrx_word' id='word_1_277' title='bbox 410 2772 476 2835; x_wconf 74' lang='lat' dir='ltr'><strong>aia.)</strong></span> <span class='ocrx_word' id='word_1_278' title='bbox 504 2774 582 2835; x_wconf 86' lang='lat' dir='ltr'><strong>atque</strong></span> <span class='ocrx_word' id='word_1_279' title='bbox 609 2772 690 2820; x_wconf 88' lang='lat' dir='ltr'><strong>eliam</strong></span> <span class='ocrx_word' id='word_1_280' title='bbox 715 2769 832 2835; x_wconf 89' lang='lat' dir='ltr'><strong>reliquos</strong></span> <span class='ocrx_word' id='word_1_281' title='bbox 853 2773 947 2836; x_wconf 75' lang='lat' dir='ltr'><strong>poetas</strong></span> <span class='ocrx_word' id='word_1_282' title='bbox 967 2773 1075 2835; x_wconf 86' lang='lat' dir='ltr'><strong>praeter</strong></span> <span class='ocrx_word' id='word_1_283' title='bbox 1097 2773 1219 2822; x_wconf 88' lang='lat' dir='ltr'><strong>scenicos</strong></span> <span class='ocrx_word' id='word_1_284' title='bbox 1236 2774 1350 2837; x_wconf 87' lang='lat' dir='ltr'><strong>principi</strong></span> 
     </span>
     <span class='ocr_line' id='line_1_30' title="bbox 258 2853 1350 2919; baseline 0.003 -16"><span class='ocrx_word' id='word_1_285' title='bbox 258 2855 443 2914; x_wconf 79' lang='lat' dir='ltr'><strong>commendat,</strong></span> <span class='ocrx_word' id='word_1_286' title='bbox 463 2869 495 2904; x_wconf 92' lang='lat' dir='ltr'><strong>eo</strong></span> <span class='ocrx_word' id='word_1_287' title='bbox 513 2855 681 2918; x_wconf 91' lang='lat' dir='ltr'><strong>potissimum</strong></span> <span class='ocrx_word' id='word_1_288' title='bbox 700 2855 806 2906; x_wconf 90' lang='lat' dir='ltr'><strong>nomino</strong></span> <span class='ocrx_word' id='word_1_289' title='bbox 824 2867 876 2904; x_wconf 90' lang='lat' dir='ltr'><strong>uon</strong></span> <span class='ocrx_word' id='word_1_290' title='bbox 894 2853 1080 2919; x_wconf 74' lang='lat' dir='ltr'><strong>negligendos,</strong></span> <span class='ocrx_word' id='word_1_291' title='bbox 1100 2855 1173 2918; x_wconf 92' lang='lat' dir='ltr'><strong>quod</strong></span> <span class='ocrx_word' id='word_1_292' title='bbox 1184 2858 1312 2918; x_wconf 79' lang='lat' dir='ltr'><strong>generosi</strong></span> <span class='ocrx_word' id='word_1_293' title='bbox 1322 2859 1350 2907; x_wconf 89' lang='lat' dir='ltr'><strong>et</strong></span> 
     </span>
     <span class='ocr_line' id='line_1_31' title="bbox 257 2935 1349 3002; baseline 0.005 -18"><span class='ocrx_word' id='word_1_294' title='bbox 257 2935 347 3000; x_wconf 88' lang='lat' dir='ltr'><strong>populi</strong></span> <span class='ocrx_word' id='word_1_295' title='bbox 371 2939 398 2986; x_wconf 88' lang='lat' dir='ltr'><strong>et</strong></span> <span class='ocrx_word' id='word_1_296' title='bbox 423 2937 548 3002; x_wconf 88' lang='lat' dir='ltr'><strong>principis</strong></span> <span class='ocrx_word' id='word_1_297' title='bbox 574 2938 677 2988; x_wconf 85' lang='lat' dir='ltr'><strong>intersit</strong></span> <span class='ocrx_word' id='word_1_298' title='bbox 702 2936 854 3001; x_wconf 88' lang='lat' dir='ltr'><strong>praeclaros</strong></span> <span class='ocrx_word' id='word_1_299' title='bbox 879 2937 1016 3002; x_wconf 88' lang='lat' dir='ltr'><strong>praeclare</strong></span> <span class='ocrx_word' id='word_1_300' title='bbox 1041 2938 1171 2988; x_wconf 82' lang='lat' dir='ltr'><strong>iacturum</strong></span> <span class='ocrx_word' id='word_1_301' title='bbox 1196 2953 1349 3002; x_wconf 86' lang='lat' dir='ltr'><strong>praecones</strong></span> 
     </span>
     <span class='ocr_line' id='line_1_32' title="bbox 258 3017 1349 3085; baseline 0.003 -15"><span class='ocrx_word' id='word_1_302' title='bbox 258 3017 374 3070; x_wconf 90' lang='lat' dir='ltr'><strong>nancisci</strong></span> <span class='ocrx_word' id='word_1_303' title='bbox 387 3018 419 3081; x_wconf 81' lang='lat' dir='ltr'><strong>(v.</strong></span> <span class='ocrx_word' id='word_1_304' title='bbox 432 3020 514 3080; x_wconf 73' lang='lat'><strong>250.);</strong></span> <span class='ocrx_word' id='word_1_305' title='bbox 533 3020 606 3081; x_wconf 91' lang='lat' dir='ltr'><strong>quod</strong></span> <span class='ocrx_word' id='word_1_306' title='bbox 624 3019 688 3070; x_wconf 90' lang='lat' dir='ltr'><strong>dum</strong></span> <span class='ocrx_word' id='word_1_307' title='bbox 706 3021 771 3070; x_wconf 90' lang='lat' dir='ltr'><strong>dicit</strong></span> <span class='ocrx_word' id='word_1_308' title='bbox 787 3023 883 3085; x_wconf 88' lang='lat' dir='ltr'><strong>sponte</strong></span> <span class='ocrx_word' id='word_1_309' title='bbox 900 3023 976 3084; x_wconf 89' lang='lat' dir='ltr'><strong>quasi</strong></span> <span class='ocrx_word' id='word_1_310' title='bbox 994 3023 1094 3085; x_wconf 88' lang='lat' dir='ltr'><strong>etipsa</strong></span> <span class='ocrx_word' id='word_1_311' title='bbox 1111 3024 1246 3072; x_wconf 89' lang='lat' dir='ltr'><strong>sermonis</strong></span> <span class='ocrx_word' id='word_1_312' title='bbox 1259 3025 1301 3074; x_wconf 86' lang='lat' dir='ltr'><strong>via</strong></span> <span class='ocrx_word' id='word_1_313' title='bbox 1313 3023 1349 3073; x_wconf 91' lang='lat' dir='ltr'><strong>ad</strong></span> 
     </span>
     <span class='ocr_line' id='line_1_33' title="bbox 258 3099 1346 3169; baseline 0.006 -19"><span class='ocrx_word' id='word_1_314' title='bbox 258 3113 318 3150; x_wconf 89' lang='lat' dir='ltr'><strong>eam</strong></span> <span class='ocrx_word' id='word_1_315' title='bbox 341 3099 540 3150; x_wconf 79' lang='lat' dir='ltr'><strong>excusationem</strong></span> <span class='ocrx_word' id='word_1_316' title='bbox 565 3101 697 3164; x_wconf 80' lang='lat' dir='ltr'><strong>deterior,</strong></span> <span class='ocrx_word' id='word_1_317' title='bbox 725 3117 778 3168; x_wconf 92' lang='lat' dir='ltr'><strong>qua</strong></span> <span class='ocrx_word' id='word_1_318' title='bbox 796 3105 867 3154; x_wconf 92' lang='lat' dir='ltr'><strong>baud</strong></span> <span class='ocrx_word' id='word_1_319' title='bbox 883 3103 968 3155; x_wconf 90' lang='lat' dir='ltr'><strong>semel</strong></span> <span class='ocrx_word' id='word_1_320' title='bbox 984 3106 1011 3154; x_wconf 94' lang='lat' dir='ltr'><strong>in</strong></span> <span class='ocrx_word' id='word_1_321' title='bbox 1028 3106 1158 3169; x_wconf 77' lang='lat' dir='ltr'><strong>poematis</strong></span> <span class='ocrx_word' id='word_1_322' title='bbox 1175 3106 1232 3155; x_wconf 91' lang='lat' dir='ltr'><strong>suis</strong></span> <span class='ocrx_word' id='word_1_323' title='bbox 1249 3109 1346 3168; x_wconf 85' lang='lat' dir='ltr'><strong>utitur,</strong></span> 
     </span>
    </p>
   </div>
   <div class='ocr_carea' id='block_1_13' title="bbox 257 3181 1445 3254">
    <p class='ocr_par' dir='ltr' id='par_1_13' title="bbox 257 3181 1445 3261">
     <span class='ocr_line' id='line_1_34' title="bbox 257 3181 1445 3254; baseline 0.004 -19"><span class='ocrx_word' id='word_1_324' title='bbox 257 3181 413 3247; x_wconf 87' lang='lat' dir='ltr'><strong>sequidem</strong></span> <span class='ocrx_word' id='word_1_325' title='bbox 431 3183 509 3231; x_wconf 88' lang='lat' dir='ltr'><strong>tantis</strong></span> <span class='ocrx_word' id='word_1_326' title='bbox 533 3185 639 3246; x_wconf 85' lang='lat' dir='ltr'><strong>tamque</strong></span> <span class='ocrx_word' id='word_1_327' title='bbox 665 3185 811 3250; x_wconf 87' lang='lat' dir='ltr'><strong>splendidis</strong></span> <span class='ocrx_word' id='word_1_328' title='bbox 829 3187 910 3238; x_wconf 89' lang='lat' dir='ltr'><strong>rebus</strong></span> <span class='ocrx_word' id='word_1_329' title='bbox 927 3188 961 3237; x_wconf 91' lang='lat' dir='ltr'><strong>ab</strong></span> <span class='ocrx_word' id='word_1_330' title='bbox 979 3190 1097 3250; x_wconf 78' lang='lat' dir='ltr'><strong>Augusto</strong></span> <span class='ocrx_word' id='word_1_331' title='bbox 1114 3190 1195 3250; x_wconf 72' lang='lat' dir='ltr'><strong>gestis</strong></span> <span class='ocrx_word' id='word_1_332' title='bbox 1212 3190 1347 3254; x_wconf 87' lang='lat' dir='ltr'><strong>imparem</strong></span> <span class='ocrx_word' id='word_1_333' title='bbox 1444 3182 1445 3215; x_wconf 76' lang='lat'>¹</span> 
     </span>
    </p>
   </div>
   <div class='ocr_carea' id='block_1_14' title="bbox 258 3263 1348 3334">
    <p class='ocr_par' dir='ltr' id='par_1_14' title="bbox 258 3263 1348 3334">
     <span class='ocr_line' id='line_1_35' title="bbox 258 3263 1348 3334; baseline 0.006 -17"><span class='ocrx_word' id='word_1_334' title='bbox 258 3279 318 3318; x_wconf 86' lang='lat' dir='ltr'><strong>esso</strong></span> <span class='ocrx_word' id='word_1_335' title='bbox 336 3263 529 3316; x_wconf 74' lang='lat' dir='ltr'><strong>celebrandis.»</strong></span> <span class='ocrx_word' id='word_1_336' title='bbox 542 3267 615 3315; x_wconf 85' lang='lat' dir='ltr'><strong>Znnn.</strong></span> <span class='ocrx_word' id='word_1_337' title='bbox 645 3269 764 3331; x_wconf 85' lang='lat' dir='ltr'><strong>Etenim,</strong></span> <span class='ocrx_word' id='word_1_338' title='bbox 783 3273 813 3320; x_wconf 93' lang='lat' dir='ltr'><strong>ut</strong></span> <span class='ocrx_word' id='word_1_339' title='bbox 830 3269 892 3320; x_wconf 92' lang='lat' dir='ltr'><strong>alibi</strong></span> <span class='ocrx_word' id='word_1_340' title='bbox 909 3272 961 3320; x_wconf 91' lang='lat' dir='ltr'><strong>iam</strong></span> <span class='ocrx_word' id='word_1_341' title='bbox 972 3271 1194 3334; x_wconf 81' lang='lat' dir='ltr'><strong>significavimus,</strong></span> <span class='ocrx_word' id='word_1_342' title='bbox 1212 3272 1348 3323; x_wconf 87' lang='lat' dir='ltr'><strong>abhorre-</strong></span> 
     </span>
    </p>
   </div>
   <div class='ocr_carea' id='block_1_15' title="bbox 163 3346 1349 3419">
    <p class='ocr_par' dir='ltr' id='par_1_15' title="bbox 163 3346 1349 3419">
     <span class='ocr_line' id='line_1_36' title="bbox 163 3346 1349 3419; baseline 0.004 -19"><span class='ocrx_word' id='word_1_343' title='bbox 163 3363 170 3370; x_wconf 71' lang='grc'><strong><em>’</em></strong></span> <span class='ocrx_word' id='word_1_344' title='bbox 256 3349 304 3400; x_wconf 88' lang='lat' dir='ltr'><strong>bai</strong></span> <span class='ocrx_word' id='word_1_345' title='bbox 321 3349 425 3399; x_wconf 89' lang='lat' dir='ltr'><strong>animus</strong></span> <span class='ocrx_word' id='word_1_346' title='bbox 443 3346 617 3412; x_wconf 89' lang='lat' dir='ltr'><strong>voluntasque</strong></span> <span class='ocrx_word' id='word_1_347' title='bbox 635 3351 692 3401; x_wconf 92' lang='lat' dir='ltr'><strong>eius</strong></span> <span class='ocrx_word' id='word_1_348' title='bbox 709 3365 725 3400; x_wconf 93' lang='lat' dir='ltr'><strong>a</strong></span> <span class='ocrx_word' id='word_1_349' title='bbox 743 3356 797 3403; x_wconf 90' lang='lat' dir='ltr'><strong>toto</strong></span> <span class='ocrx_word' id='word_1_350' title='bbox 814 3353 857 3403; x_wconf 93' lang='lat' dir='ltr'><strong>illo</strong></span> <span class='ocrx_word' id='word_1_351' title='bbox 869 3367 968 3417; x_wconf 77' lang='lat' dir='ltr'><strong>genere</strong></span> <span class='ocrx_word' id='word_1_352' title='bbox 980 3356 1155 3419; x_wconf 76' lang='lat' dir='ltr'><strong>panegyrico,</strong></span> <span class='ocrx_word' id='word_1_353' title='bbox 1175 3356 1266 3407; x_wconf 90' lang='lat' dir='ltr'><strong>medio</strong></span> <span class='ocrx_word' id='word_1_354' title='bbox 1277 3358 1349 3406; x_wconf 88' lang='lat' dir='ltr'><strong>inter</strong></span> 
     </span>
    </p>
   </div>
   <div class='ocr_carea' id='block_1_16' title="bbox 257 3431 1348 3584">
    <p class='ocr_par' dir='ltr' id='par_1_16' title="bbox 257 3431 1348 3584">
     <span class='ocr_line' id='line_1_37' title="bbox 257 3431 1345 3503; baseline 0.004 -19"><span class='ocrx_word' id='word_1_355' title='bbox 257 3433 364 3499; x_wconf 87' lang='lat' dir='ltr'><strong>epicum</strong></span> <span class='ocrx_word' id='word_1_356' title='bbox 387 3433 414 3482; x_wconf 87' lang='lat' dir='ltr'><strong>et</strong></span> <span class='ocrx_word' id='word_1_357' title='bbox 437 3431 550 3494; x_wconf 83' lang='lat' dir='ltr'><strong>lyricum</strong></span> <span class='ocrx_word' id='word_1_358' title='bbox 573 3435 600 3482; x_wconf 90' lang='lat' dir='ltr'><strong>ei</strong></span> <span class='ocrx_word' id='word_1_359' title='bbox 617 3431 651 3482; x_wconf 91' lang='lat' dir='ltr'><strong>ab</strong></span> <span class='ocrx_word' id='word_1_360' title='bbox 670 3435 783 3497; x_wconf 90' lang='lat' dir='ltr'><strong>utroque</strong></span> <span class='ocrx_word' id='word_1_361' title='bbox 801 3438 914 3486; x_wconf 87' lang='lat' dir='ltr'><strong>remoto.</strong></span> <span class='ocrx_word' id='word_1_362' title='bbox 944 3439 1046 3501; x_wconf 86' lang='lat' dir='ltr'><strong>Scripta</strong></span> <span class='ocrx_word' id='word_1_363' title='bbox 1064 3437 1169 3488; x_wconf 85' lang='lat' dir='ltr'><strong>videtur</strong></span> <span class='ocrx_word' id='word_1_364' title='bbox 1185 3439 1302 3503; x_wconf 83' lang='lat' dir='ltr'><strong>Epistola</strong></span> <span class='ocrx_word' id='word_1_365' title='bbox 1320 3453 1345 3488; x_wconf 92' lang='lat' dir='ltr'><strong>a.</strong></span> 
     </span>
     <span class='ocr_line' id='line_1_38' title="bbox 257 3515 1348 3584; baseline 0.006 -18"><span class='ocrx_word' id='word_1_366' title='bbox 257 3531 283 3566; x_wconf 91' lang='lat' dir='ltr'><strong>u.</strong></span> <span class='ocrx_word' id='word_1_367' title='bbox 303 3529 327 3565; x_wconf 87' lang='lat' dir='ltr'><strong>c.</strong></span> <span class='ocrx_word' id='word_1_368' title='bbox 347 3515 415 3578; x_wconf 71' lang='lat' dir='ltr'><strong>tit,</strong></span> <span class='ocrx_word' id='word_1_369' title='bbox 435 3515 533 3566; x_wconf 90' lang='lat' dir='ltr'><strong>lioralii</strong></span> <span class='ocrx_word' id='word_1_370' title='bbox 550 3515 600 3564; x_wconf 89' lang='lat' dir='ltr'><strong>LV.</strong></span> <span class='ocrx_word' id='word_1_371' title='bbox 630 3515 683 3576; x_wconf 77' lang='lat' dir='ltr'><strong>(Ad</strong></span> <span class='ocrx_word' id='word_1_372' title='bbox 700 3519 784 3567; x_wconf 91' lang='lat' dir='ltr'><strong>totam</strong></span> <span class='ocrx_word' id='word_1_373' title='bbox 800 3520 892 3568; x_wconf 89' lang='lat' dir='ltr'><strong>autem</strong></span> <span class='ocrx_word' id='word_1_374' title='bbox 908 3520 977 3570; x_wconf 87' lang='lat' dir='ltr'><strong>hanc</strong></span> <span class='ocrx_word' id='word_1_375' title='bbox 994 3518 1139 3584; x_wconf 83' lang='lat' dir='ltr'><strong>Epistolam</strong></span> <span class='ocrx_word' id='word_1_376' title='bbox 1156 3520 1202 3571; x_wconf 91' lang='lat' dir='ltr'><strong>cir.</strong></span> <span class='ocrx_word' id='word_1_377' title='bbox 1221 3521 1348 3573; x_wconf 83' lang='lat' dir='ltr'><strong>Welcirer</strong></span> 
     </span>
    </p>
   </div>
   <div class='ocr_carea' id='block_1_17' title="bbox 257 3597 1347 3749">
    <p class='ocr_par' dir='ltr' id='par_1_17' title="bbox 257 3597 1347 3749">
     <span class='ocr_line' id='line_1_39' title="bbox 258 3597 1346 3669; baseline 0.006 -21"><span class='ocrx_word' id='word_1_378' title='bbox 258 3599 354 3648; x_wconf 78' lang='lat' dir='ltr'><strong>Griecir.</strong></span> <span class='ocrx_word' id='word_1_379' title='bbox 376 3599 526 3662; x_wconf 78' lang='lat' dir='ltr'><strong>Tropoedieo</strong></span> <span class='ocrx_word' id='word_1_380' title='bbox 543 3612 568 3662; x_wconf 90' lang='lat' dir='ltr'><strong>p.</strong></span> <span class='ocrx_word' id='word_1_381' title='bbox 584 3597 677 3657; x_wconf 85' lang='lat' dir='ltr'><strong>itit.;</strong></span> <span class='ocrx_word' id='word_1_382' title='bbox 705 3603 785 3664; x_wconf 90' lang='lat' dir='ltr'><strong>alque</strong></span> <span class='ocrx_word' id='word_1_383' title='bbox 803 3613 866 3650; x_wconf 92' lang='lat' dir='ltr'><strong>cum</strong></span> <span class='ocrx_word' id='word_1_384' title='bbox 883 3600 991 3651; x_wconf 90' lang='lat' dir='ltr'><strong>urbanis</strong></span> <span class='ocrx_word' id='word_1_385' title='bbox 1008 3602 1049 3653; x_wconf 91' lang='lat' dir='ltr'><strong>his</strong></span> <span class='ocrx_word' id='word_1_386' title='bbox 1066 3617 1098 3654; x_wconf 91' lang='lat' dir='ltr'><strong>ac</strong></span> <span class='ocrx_word' id='word_1_387' title='bbox 1116 3605 1217 3655; x_wconf 90' lang='lat' dir='ltr'><strong>meritis</strong></span> <span class='ocrx_word' id='word_1_388' title='bbox 1234 3608 1346 3669; x_wconf 77' lang='lat' dir='ltr'><strong>Augusti</strong></span> 
     </span>
     <span class='ocr_line' id='line_1_40' title="bbox 257 3679 1347 3749; baseline 0.008 -20"><span class='ocrx_word' id='word_1_389' title='bbox 257 3679 381 3731; x_wconf 88' lang='lat' dir='ltr'><strong>leudibus</strong></span> <span class='ocrx_word' id='word_1_390' title='bbox 400 3682 498 3744; x_wconf 86' lang='lat' dir='ltr'><strong>(iioeck</strong></span> <span class='ocrx_word' id='word_1_391' title='bbox 514 3683 584 3732; x_wconf 76' lang='lat' dir='ltr'><strong>aaa.</strong></span> <span class='ocrx_word' id='word_1_392' title='bbox 604 3682 688 3734; x_wconf 75' lang='lat' dir='ltr'><strong>Gessit.</strong></span> <span class='ocrx_word' id='word_1_393' title='bbox 702 3684 721 3733; x_wconf 93' lang='lat' dir='ltr'><strong>l.</strong></span> <span class='ocrx_word' id='word_1_394' title='bbox 741 3697 768 3748; x_wconf 86' lang='lat' dir='ltr'><strong>p.</strong></span> <span class='ocrx_word' id='word_1_395' title='bbox 779 3682 847 3746; x_wconf 82' lang='lat' dir='ltr'><strong>liti.)</strong></span> <span class='ocrx_word' id='word_1_396' title='bbox 866 3698 992 3748; x_wconf 89' lang='lat' dir='ltr'><strong>compara</strong></span> <span class='ocrx_word' id='word_1_397' title='bbox 1008 3690 1181 3749; x_wconf 75' lang='lat' dir='ltr'><strong>exaggeratas</strong></span> <span class='ocrx_word' id='word_1_398' title='bbox 1192 3687 1250 3740; x_wconf 89' lang='lat' dir='ltr'><strong>illos</strong></span> <span class='ocrx_word' id='word_1_399' title='bbox 1260 3689 1347 3739; x_wconf 81' lang='lat' dir='ltr'><strong>Ovidii</strong></span> 
     </span>
    </p>
   </div>
   <div class='ocr_carea' id='block_1_18' title="bbox 259 3763 1348 3910">
    <p class='ocr_par' dir='ltr' id='par_1_18' title="bbox 259 3763 1348 3910">
     <span class='ocr_line' id='line_1_41' title="bbox 259 3763 1348 3894; baseline 0.01 -81"><span class='ocrx_word' id='word_1_400' title='bbox 259 3765 327 3814; x_wconf 86' lang='lat' dir='ltr'><strong>Fesi.</strong></span> <span class='ocrx_word' id='word_1_401' title='bbox 346 3764 374 3822; x_wconf 74' lang='lat' dir='ltr'><strong>t,</strong></span> <span class='ocrx_word' id='word_1_402' title='bbox 394 3763 441 3894; x_wconf 65' lang='grc' dir='ltr'><strong>4ῗῖ</strong></span> <span class='ocrx_word' id='word_1_403' title='bbox 458 3776 533 3826; x_wconf 85' lang='lat' dir='ltr'><strong>sqq,</strong></span> <span class='ocrx_word' id='word_1_404' title='bbox 560 3765 581 3814; x_wconf 91' lang='lat' dir='ltr'><strong>si</strong></span> <span class='ocrx_word' id='word_1_405' title='bbox 601 3766 738 3829; x_wconf 85' lang='lat' dir='ltr'><strong>utriusque</strong></span> <span class='ocrx_word' id='word_1_406' title='bbox 758 3769 854 3831; x_wconf 78' lang='lat' dir='ltr'><strong>poetae</strong></span> <span class='ocrx_word' id='word_1_407' title='bbox 872 3768 1006 3820; x_wconf 81' lang='lat' dir='ltr'><strong>diversam</strong></span> <span class='ocrx_word' id='word_1_408' title='bbox 1024 3770 1141 3821; x_wconf 89' lang='lat' dir='ltr'><strong>indolem</strong></span> <span class='ocrx_word' id='word_1_409' title='bbox 1158 3773 1263 3836; x_wconf 88' lang='lat' dir='ltr'><strong>penitus</strong></span> <span class='ocrx_word' id='word_1_410' title='bbox 1280 3785 1348 3837; x_wconf 85' lang='lat' dir='ltr'><strong>per-</strong></span> 
     </span>
     <span class='ocr_line' id='line_1_42' title="bbox 259 3847 473 3910; baseline -0.005 -14"><span class='ocrx_word' id='word_1_411' title='bbox 259 3847 363 3910; x_wconf 88' lang='lat' dir='ltr'><strong>spicere</strong></span> <span class='ocrx_word' id='word_1_412' title='bbox 380 3857 413 3895; x_wconf 77' lang='grc' dir='ltr'><strong>νο</strong></span> <span class='ocrx_word' id='word_1_413' title='bbox 424 3847 473 3908; x_wconf 88' lang='lat' dir='ltr'><strong>es.)</strong></span> 
     </span>
    </p>
   </div>
   <div class='ocr_carea' id='block_1_19' title="bbox 0 0 1468 4892">
    <p class='ocr_par' dir='ltr' id='par_1_19' title="bbox 0 0 1468 4892">
     <span class='ocr_line' id='line_1_43' title="bbox 0 0 1468 4892; baseline 0 1"><span class='ocrx_word' id='word_1_414' title='bbox 0 0 1468 4892; x_wconf 95' lang='lat' dir='ltr'><strong> </strong></span> 
     </span>
    </p>
   </div>
  </div>
 </body>
</html>
