<?xml version="1.0" encoding="UTF-8"?>
<!DOCTYPE html PUBLIC "-//W3C//DTD XHTML 1.0 Transitional//EN"
    "http://www.w3.org/TR/xhtml1/DTD/xhtml1-transitional.dtd">
<html xmlns="http://www.w3.org/1999/xhtml" xml:lang="en" lang="en">
 <head>
  <title>
</title>
<meta http-equiv="Content-Type" content="text/html;charset=utf-8" />
  <meta name='ocr-system' content='tesseract 3.04.00' />
  <meta name='ocr-capabilities' content='ocr_page ocr_carea ocr_par ocr_line ocrx_word'/>
</head>
<body>
  <div class='ocr_page' id='page_1' title='image "./qhoratiusflaccu03baitgoog/qhoratiusflaccu03baitgoog_0226.png"; bbox 0 0 2925 4892; ppageno 0'>
   <div class='ocr_carea' id='block_1_1' title="bbox 255 383 960 453">
    <p class='ocr_par' dir='ltr' id='par_1_1' title="bbox 255 383 960 453">
     <span class='ocr_line' id='line_1_1' title="bbox 255 383 960 453; baseline 0.007 -20"><span class='ocrx_word' id='word_1_1' title='bbox 255 385 319 453; x_wconf 66' lang='lat' dir='ltr'><strong>m</strong></span> <span class='ocrx_word' id='word_1_2' title='bbox 631 383 960 440; x_wconf 78' lang='lat' dir='ltr'><strong>uommsrrmmuu</strong></span> 
     </span>
    </p>
   </div>
   <div class='ocr_carea' id='block_1_2' title="bbox 296 539 1347 1480">
    <p class='ocr_par' dir='ltr' id='par_1_2' title="bbox 297 539 1084 630">
     <span class='ocr_line' id='line_1_2' title="bbox 297 539 1084 630; baseline -0.001 -21"><span class='ocrx_word' id='word_1_3' title='bbox 297 545 418 610; x_wconf 82' lang='lat' dir='ltr'><strong>Iratum</strong></span> <span class='ocrx_word' id='word_1_4' title='bbox 438 551 602 629; x_wconf 78' lang='lat' dir='ltr'><strong>patmum,</strong></span> <span class='ocrx_word' id='word_1_5' title='bbox 624 541 767 620; x_wconf 86' lang='lat' dir='ltr'><strong>vicinos,</strong></span> <span class='ocrx_word' id='word_1_6' title='bbox 792 551 823 608; x_wconf 88' lang='grc'><strong>40</strong></span> <span class='ocrx_word' id='word_1_7' title='bbox 844 539 901 608; x_wconf 82' lang='lat' dir='ltr'><strong>tibi</strong></span> <span class='ocrx_word' id='word_1_8' title='bbox 924 541 1084 630; x_wconf 83' lang='lat' dir='ltr'><strong>iniquum,</strong></span> 
     </span>
    </p>

    <p class='ocr_par' dir='ltr' id='par_1_3' title="bbox 297 661 1152 750">
     <span class='ocr_line' id='line_1_3' title="bbox 297 661 1152 750; baseline -0.005 -18"><span class='ocrx_word' id='word_1_9' title='bbox 297 666 337 732; x_wconf 80' lang='lat' dir='ltr'><strong>m</strong></span> <span class='ocrx_word' id='word_1_10' title='bbox 355 664 473 731; x_wconf 77' lang='lat' dir='ltr'><strong>frustra</strong></span> <span class='ocrx_word' id='word_1_11' title='bbox 497 663 609 730; x_wconf 78' lang='lat' dir='ltr'><strong>mortis</strong></span> <span class='ocrx_word' id='word_1_12' title='bbox 630 661 801 749; x_wconf 79' lang='lat' dir='ltr'><strong>cupidum,</strong></span> <span class='ocrx_word' id='word_1_13' title='bbox 824 683 899 730; x_wconf 91' lang='lat' dir='ltr'><strong>oum</strong></span> <span class='ocrx_word' id='word_1_14' title='bbox 920 662 1026 730; x_wconf 83' lang='lat' dir='ltr'><strong>doerit</strong></span> <span class='ocrx_word' id='word_1_15' title='bbox 1046 663 1152 750; x_wconf 82' lang='lat' dir='ltr'><strong>egenti</strong></span> 
     </span>
    </p>

    <p class='ocr_par' dir='ltr' id='par_1_4' title="bbox 296 783 1347 1115">
     <span class='ocr_line' id='line_1_4' title="bbox 297 783 1204 873; baseline -0.003 -20"><span class='ocrx_word' id='word_1_16' title='bbox 297 790 356 865; x_wconf 77' lang='lat' dir='ltr'><strong>Ae,</strong></span> <span class='ocrx_word' id='word_1_17' title='bbox 379 785 489 873; x_wconf 79' lang='lat' dir='ltr'><strong>laquei</strong></span> <span class='ocrx_word' id='word_1_18' title='bbox 510 783 660 872; x_wconf 85' lang='lat' dir='ltr'><strong>pretium.</strong></span> <span class='ocrx_word' id='word_1_19' title='bbox 703 784 793 861; x_wconf 88' lang='lat' dir='ltr'><strong>lure,</strong></span> <span class='ocrx_word' id='word_1_20' title='bbox 817 783 936 871; x_wconf 81' lang='lat' dir='ltr'><strong>inquit,</strong></span> <span class='ocrx_word' id='word_1_21' title='bbox 960 783 1113 852; x_wconf 82' lang='lat' dir='ltr'><strong>Transiue</strong></span> <span class='ocrx_word' id='word_1_22' title='bbox 1135 784 1204 852; x_wconf 75' lang='lat' dir='ltr'><strong>istis</strong></span> 
     </span>
     <span class='ocr_line' id='line_1_5' title="bbox 297 903 1347 995; baseline -0.004 -22"><span class='ocrx_word' id='word_1_23' title='bbox 297 909 445 995; x_wconf 79' lang='lat' dir='ltr'><strong>iurgatur</strong></span> <span class='ocrx_word' id='word_1_24' title='bbox 465 904 590 985; x_wconf 80' lang='lat' dir='ltr'><strong>vorbis3</strong></span> <span class='ocrx_word' id='word_1_25' title='bbox 612 924 675 992; x_wconf 79' lang='lat' dir='ltr'><strong>ego</strong></span> <span class='ocrx_word' id='word_1_26' title='bbox 696 903 865 992; x_wconf 74' lang='lat' dir='ltr'><strong>vectigalia</strong></span> <span class='ocrx_word' id='word_1_27' title='bbox 885 923 1002 992; x_wconf 84' lang='lat' dir='ltr'><strong>magne</strong></span> <span class='ocrx_word' id='word_1_28' title='bbox 1280 903 1347 970; x_wconf 94' lang='grc'><strong>400</strong></span> 
     </span>
     <span class='ocr_line' id='line_1_6' title="bbox 296 1024 1201 1115; baseline -0.002 -21"><span class='ocrx_word' id='word_1_29' title='bbox 296 1029 497 1115; x_wconf 83' lang='lat' dir='ltr'><strong>Divitiesque</strong></span> <span class='ocrx_word' id='word_1_30' title='bbox 518 1025 624 1093; x_wconf 82' lang='lat' dir='ltr'><strong>habeo</strong></span> <span class='ocrx_word' id='word_1_31' title='bbox 646 1024 749 1092; x_wconf 83' lang='lat' dir='ltr'><strong>tribus</strong></span> <span class='ocrx_word' id='word_1_32' title='bbox 772 1024 895 1114; x_wconf 80' lang='lat' dir='ltr'><strong>amplas</strong></span> <span class='ocrx_word' id='word_1_33' title='bbox 917 1025 1058 1114; x_wconf 79' lang='lat' dir='ltr'><strong>regibus.</strong></span> <span class='ocrx_word' id='word_1_34' title='bbox 1103 1026 1201 1114; x_wconf 80' lang='lat' dir='ltr'><strong>Ergo,</strong></span> 
     </span>
    </p>

    <p class='ocr_par' dir='ltr' id='par_1_5' title="bbox 296 1144 1289 1357">
     <span class='ocr_line' id='line_1_7' title="bbox 297 1144 1289 1236; baseline -0.004 -20"><span class='ocrx_word' id='word_1_35' title='bbox 297 1148 394 1230; x_wconf 89' lang='lat' dir='ltr'><strong>Quod</strong></span> <span class='ocrx_word' id='word_1_36' title='bbox 415 1156 563 1236; x_wconf 82' lang='lat' dir='ltr'><strong>superat,</strong></span> <span class='ocrx_word' id='word_1_37' title='bbox 586 1166 652 1213; x_wconf 91' lang='lat' dir='ltr'><strong>non</strong></span> <span class='ocrx_word' id='word_1_38' title='bbox 673 1155 724 1213; x_wconf 88' lang='lat' dir='ltr'><strong>est</strong></span> <span class='ocrx_word' id='word_1_39' title='bbox 745 1144 860 1214; x_wconf 88' lang='lat' dir='ltr'><strong>melius</strong></span> <span class='ocrx_word' id='word_1_40' title='bbox 882 1167 948 1235; x_wconf 91' lang='lat' dir='ltr'><strong>quo</strong></span> <span class='ocrx_word' id='word_1_41' title='bbox 970 1147 1134 1214; x_wconf 80' lang='lat' dir='ltr'><strong>insumere</strong></span> <span class='ocrx_word' id='word_1_42' title='bbox 1154 1146 1289 1236; x_wconf 80' lang='lat' dir='ltr'><strong>poesis?</strong></span> 
     </span>
     <span class='ocr_line' id='line_1_8' title="bbox 296 1267 1157 1357; baseline -0.003 -18"><span class='ocrx_word' id='word_1_43' title='bbox 296 1271 364 1339; x_wconf 87' lang='lat' dir='ltr'><strong>Cur</strong></span> <span class='ocrx_word' id='word_1_44' title='bbox 384 1279 458 1357; x_wconf 78' lang='lat' dir='ltr'><strong>egei</strong></span> <span class='ocrx_word' id='word_1_45' title='bbox 479 1267 630 1357; x_wconf 83' lang='lat' dir='ltr'><strong>indignus</strong></span> <span class='ocrx_word' id='word_1_46' title='bbox 651 1268 826 1356; x_wconf 82' lang='lat' dir='ltr'><strong>quiequam</strong></span> <span class='ocrx_word' id='word_1_47' title='bbox 848 1277 879 1334; x_wconf 84' lang='lat' dir='ltr'><strong>te</strong></span> <span class='ocrx_word' id='word_1_48' title='bbox 901 1267 1026 1336; x_wconf 82' lang='lat' dir='ltr'><strong>divite?</strong></span> <span class='ocrx_word' id='word_1_49' title='bbox 1048 1269 1157 1348; x_wconf 80' lang='lat' dir='ltr'><strong>Quare</strong></span> 
     </span>
    </p>

    <p class='ocr_par' dir='ltr' id='par_1_6' title="bbox 297 1388 1256 1480">
     <span class='ocr_line' id='line_1_9' title="bbox 297 1388 1256 1480; baseline -0.001 -23"><span class='ocrx_word' id='word_1_50' title='bbox 297 1389 429 1480; x_wconf 80' lang='lat' dir='ltr'><strong>Templa</strong></span> <span class='ocrx_word' id='word_1_51' title='bbox 449 1399 547 1457; x_wconf 88' lang='lat' dir='ltr'><strong>ruunt</strong></span> <span class='ocrx_word' id='word_1_52' title='bbox 567 1388 700 1477; x_wconf 82' lang='lat' dir='ltr'><strong>antique</strong></span> <span class='ocrx_word' id='word_1_53' title='bbox 721 1388 844 1456; x_wconf 79' lang='lat' dir='ltr'><strong>deum?</strong></span> <span class='ocrx_word' id='word_1_54' title='bbox 867 1389 947 1466; x_wconf 86' lang='lat' dir='ltr'><strong>Cur,</strong></span> <span class='ocrx_word' id='word_1_55' title='bbox 971 1389 1136 1477; x_wconf 83' lang='lat' dir='ltr'><strong>improbe,</strong></span> <span class='ocrx_word' id='word_1_56' title='bbox 1159 1409 1256 1456; x_wconf 83' lang='lat' dir='ltr'><strong>caree</strong></span> 
     </span>
    </p>
   </div>
   <div class='ocr_carea' id='block_1_3' title="bbox 287 1603 1309 1746">
    <p class='ocr_par' dir='ltr' id='par_1_7' title="bbox 287 1603 1309 1746">
     <span class='ocr_line' id='line_1_10' title="bbox 320 1603 1309 1671; baseline -0.002 -13"><span class='ocrx_word' id='word_1_57' title='bbox 320 1607 360 1658; x_wconf 80' lang='grc'><strong>00.</strong></span> <span class='ocrx_word' id='word_1_58' title='bbox 378 1605 426 1658; x_wconf 74' lang='lat' dir='ltr'><strong>Aee</strong></span> <span class='ocrx_word' id='word_1_59' title='bbox 441 1605 559 1670; x_wconf 55' lang='lat' dir='ltr'><strong>opnor.</strong></span> <span class='ocrx_word' id='word_1_60' title='bbox 584 1631 611 1642; x_wconf 87' lang='lat'><em>-</em></span> <span class='ocrx_word' id='word_1_61' title='bbox 636 1603 721 1667; x_wconf 71' lang='grc'><strong>400040</strong></span> <span class='ocrx_word' id='word_1_62' title='bbox 736 1605 798 1656; x_wconf 85' lang='lat' dir='ltr'><strong>Lct.</strong></span> <span class='ocrx_word' id='word_1_63' title='bbox 820 1605 913 1670; x_wconf 73' lang='grc'><strong>(400044</strong></span> <span class='ocrx_word' id='word_1_64' title='bbox 929 1606 1212 1671; x_wconf 63' lang='lat' dir='ltr'><strong>praemonstrem</strong></span> <span class='ocrx_word' id='word_1_65' title='bbox 1229 1617 1309 1656; x_wconf 83' lang='lat' dir='ltr'><strong>«eum</strong></span> 
     </span>
     <span class='ocr_line' id='line_1_11' title="bbox 287 1677 1307 1746; baseline -0.004 -13"><span class='ocrx_word' id='word_1_66' title='bbox 287 1680 380 1744; x_wconf 73' lang='lat' dir='ltr'><strong>aliie»)</strong></span> <span class='ocrx_word' id='word_1_67' title='bbox 392 1707 420 1719; x_wconf 91' lang='lat'><strong>-·</strong></span> <span class='ocrx_word' id='word_1_68' title='bbox 431 1679 838 1746; x_wconf 67' lang='lat' dir='ltr'><strong>meop,ye,irorior1„0t.-</strong></span> <span class='ocrx_word' id='word_1_69' title='bbox 851 1677 1074 1744; x_wconf 63' lang='lat' dir='ltr'><strong>ididrpoiim.</strong></span> <span class='ocrx_word' id='word_1_70' title='bbox 1087 1706 1115 1716; x_wconf 94' lang='lat'><em>-</em></span> <span class='ocrx_word' id='word_1_71' title='bbox 1127 1679 1307 1742; x_wconf 59' lang='lat' dir='ltr'><strong>rompono.</strong></span> 
     </span>
    </p>
   </div>
   <div class='ocr_carea' id='block_1_4' title="bbox 250 1852 1424 4300">
    <p class='ocr_par' dir='ltr' id='par_1_8' title="bbox 252 1852 1348 2587">
     <span class='ocr_line' id='line_1_12' title="bbox 253 1852 1347 1925; baseline -0.005 -16"><span class='ocrx_word' id='word_1_72' title='bbox 253 1874 281 1925; x_wconf 93' lang='lat' dir='ltr'><strong>p.</strong></span> <span class='ocrx_word' id='word_1_73' title='bbox 294 1858 335 1909; x_wconf 79' lang='grc'><strong>03.</strong></span> <span class='ocrx_word' id='word_1_74' title='bbox 356 1884 384 1895; x_wconf 87' lang='grc'><strong>-</strong></span> <span class='ocrx_word' id='word_1_75' title='bbox 398 1855 530 1920; x_wconf 71' lang='lat' dir='ltr'><strong>puerum]</strong></span> <span class='ocrx_word' id='word_1_76' title='bbox 548 1867 664 1919; x_wconf 85' lang='lat' dir='ltr'><strong>quorum</strong></span> <span class='ocrx_word' id='word_1_77' title='bbox 680 1853 780 1906; x_wconf 78' lang='lat' dir='ltr'><strong>severi-</strong></span> <span class='ocrx_word' id='word_1_78' title='bbox 816 1852 884 1902; x_wconf 82' lang='grc'><strong>0000</strong></span> <span class='ocrx_word' id='word_1_79' title='bbox 898 1853 1000 1903; x_wconf 69' lang='lat' dir='ltr'><strong>notice</strong></span> <span class='ocrx_word' id='word_1_80' title='bbox 1016 1852 1232 1920; x_wconf 73' lang='lat' dir='ltr'><strong>(muepooueiur).</strong></span> <span class='ocrx_word' id='word_1_81' title='bbox 1252 1881 1278 1892; x_wconf 97' lang='lat'>-</span> <span class='ocrx_word' id='word_1_82' title='bbox 1292 1855 1347 1904; x_wconf 78' lang='grc'><strong>04-</strong></span> 
     </span>
     <span class='ocr_line' id='line_1_13' title="bbox 253 1927 1348 1996; baseline -0.005 -12"><span class='ocrx_word' id='word_1_83' title='bbox 253 1937 294 1984; x_wconf 82' lang='lat' dir='ltr'><strong>ioe</strong></span> <span class='ocrx_word' id='word_1_84' title='bbox 310 1935 338 1984; x_wconf 91' lang='lat' dir='ltr'><strong>in</strong></span> <span class='ocrx_word' id='word_1_85' title='bbox 353 1929 497 1996; x_wconf 77' lang='lat' dir='ltr'><strong>proverbio</strong></span> <span class='ocrx_word' id='word_1_86' title='bbox 514 1932 580 1980; x_wconf 84' lang='lat' dir='ltr'><strong>emt.</strong></span> <span class='ocrx_word' id='word_1_87' title='bbox 609 1929 663 1980; x_wconf 81' lang='lat' dir='ltr'><strong>Cir.</strong></span> <span class='ocrx_word' id='word_1_88' title='bbox 679 1927 728 1978; x_wconf 85' lang='lat' dir='ltr'><strong>Od.</strong></span> <span class='ocrx_word' id='word_1_89' title='bbox 748 1927 777 1989; x_wconf 92' lang='grc'><strong>3,</strong></span> <span class='ocrx_word' id='word_1_90' title='bbox 816 1927 861 1976; x_wconf 75' lang='grc'><strong>000</strong></span> <span class='ocrx_word' id='word_1_91' title='bbox 877 1927 976 1990; x_wconf 70' lang='lat' dir='ltr'><strong>amplos</strong></span> <span class='ocrx_word' id='word_1_92' title='bbox 990 1927 1102 1992; x_wconf 70' lang='grc'><strong>0094000]</strong></span> <span class='ocrx_word' id='word_1_93' title='bbox 1122 1941 1207 1994; x_wconf 70' lang='lat' dir='ltr'><strong>equae</strong></span> <span class='ocrx_word' id='word_1_94' title='bbox 1229 1929 1251 1980; x_wconf 86' lang='lat' dir='ltr'><strong>ei</strong></span> <span class='ocrx_word' id='word_1_95' title='bbox 1272 1929 1348 1980; x_wconf 79' lang='lat' dir='ltr'><strong>inter</strong></span> 
     </span>
     <span class='ocr_line' id='line_1_14' title="bbox 254 2002 1345 2069; baseline -0.004 -11"><span class='ocrx_word' id='word_1_96' title='bbox 254 2008 300 2069; x_wconf 80' lang='grc'><strong>44,</strong></span> <span class='ocrx_word' id='word_1_97' title='bbox 319 2005 348 2056; x_wconf 79' lang='grc' dir='ltr'><strong>3ι</strong></span> <span class='ocrx_word' id='word_1_98' title='bbox 365 2003 710 2066; x_wconf 66' lang='lat' dir='ltr'><strong>Peeuoeoerooeoliepw.</strong></span> <span class='ocrx_word' id='word_1_99' title='bbox 724 2003 777 2051; x_wconf 77' lang='lat' dir='ltr'><strong>Sei.</strong></span> <span class='ocrx_word' id='word_1_100' title='bbox 816 2003 871 2053; x_wconf 75' lang='lat' dir='ltr'><strong>iree</strong></span> <span class='ocrx_word' id='word_1_101' title='bbox 903 2014 982 2065; x_wconf 75' lang='lat' dir='ltr'><strong>reges</strong></span> <span class='ocrx_word' id='word_1_102' title='bbox 1017 2002 1213 2064; x_wconf 76' lang='lat' dir='ltr'><strong>dividerentur,</strong></span> <span class='ocrx_word' id='word_1_103' title='bbox 1250 2005 1345 2054; x_wconf 59' lang='lat' dir='ltr'><strong>umen</strong></span> 
     </span>
     <span class='ocr_line' id='line_1_15' title="bbox 253 2075 1347 2143; baseline -0.004 -11"><span class='ocrx_word' id='word_1_104' title='bbox 253 2082 282 2143; x_wconf 76' lang='grc'><strong>4,</strong></span> <span class='ocrx_word' id='word_1_105' title='bbox 303 2081 332 2142; x_wconf 90' lang='grc'><strong>3,</strong></span> <span class='ocrx_word' id='word_1_106' title='bbox 354 2079 396 2132; x_wconf 79' lang='grc'><strong>00.</strong></span> <span class='ocrx_word' id='word_1_107' title='bbox 434 2080 477 2129; x_wconf 83' lang='lat' dir='ltr'><strong>Sio</strong></span> <span class='ocrx_word' id='word_1_108' title='bbox 498 2077 570 2142; x_wconf 83' lang='lat' dir='ltr'><strong>opud</strong></span> <span class='ocrx_word' id='word_1_109' title='bbox 595 2075 779 2127; x_wconf 84' lang='lat' dir='ltr'><strong>Philemonem</strong></span> <span class='ocrx_word' id='word_1_110' title='bbox 816 2076 930 2140; x_wconf 82' lang='lat' dir='ltr'><strong>quisque</strong></span> <span class='ocrx_word' id='word_1_111' title='bbox 948 2076 1046 2126; x_wconf 89' lang='lat' dir='ltr'><strong>horum</strong></span> <span class='ocrx_word' id='word_1_112' title='bbox 1063 2075 1151 2141; x_wconf 82' lang='lat' dir='ltr'><strong>empid</strong></span> <span class='ocrx_word' id='word_1_113' title='bbox 1168 2079 1241 2128; x_wconf 83' lang='lat' dir='ltr'><strong>esset</strong></span> <span class='ocrx_word' id='word_1_114' title='bbox 1256 2076 1347 2128; x_wconf 78' lang='lat' dir='ltr'><strong>toriu-</strong></span> 
     </span>
     <span class='ocr_line' id='line_1_16' title="bbox 254 2149 1347 2217; baseline -0.004 -11"><span class='ocrx_word' id='word_1_115' title='bbox 254 2155 394 2206; x_wconf 87' lang='lat' dir='ltr'><strong>comicum</strong></span> <span class='ocrx_word' id='word_1_116' title='bbox 407 2153 534 2217; x_wconf 73' lang='lat' dir='ltr'><strong>frequens</strong></span> <span class='ocrx_word' id='word_1_117' title='bbox 545 2153 605 2202; x_wconf 81' lang='lat' dir='ltr'><strong>erui</strong></span> <span class='ocrx_word' id='word_1_118' title='bbox 614 2155 725 2213; x_wconf 71' lang='grc'><strong>000000</strong></span> <span class='ocrx_word' id='word_1_119' title='bbox 736 2149 780 2198; x_wconf 80' lang='grc'><strong>00-</strong></span> <span class='ocrx_word' id='word_1_120' title='bbox 816 2149 875 2199; x_wconf 77' lang='lat' dir='ltr'><strong>nd.»</strong></span> <span class='ocrx_word' id='word_1_121' title='bbox 889 2175 917 2188; x_wconf 90' lang='lat'><em>-</em></span> <span class='ocrx_word' id='word_1_122' title='bbox 928 2150 1008 2214; x_wconf 74' lang='lat' dir='ltr'><strong>drpo]</strong></span> <span class='ocrx_word' id='word_1_123' title='bbox 1019 2149 1178 2214; x_wconf 75' lang='lat' dir='ltr'><strong>indignantis</strong></span> <span class='ocrx_word' id='word_1_124' title='bbox 1189 2153 1244 2202; x_wconf 85' lang='lat' dir='ltr'><strong>eei:</strong></span> <span class='ocrx_word' id='word_1_125' title='bbox 1263 2162 1347 2202; x_wconf 74' lang='lat' dir='ltr'><strong>«oum</strong></span> 
     </span>
     <span class='ocr_line' id='line_1_17' title="bbox 252 2223 1346 2294; baseline -0.004 -14"><span class='ocrx_word' id='word_1_126' title='bbox 252 2231 383 2294; x_wconf 64' lang='grc'><strong>40000400,</strong></span> <span class='ocrx_word' id='word_1_127' title='bbox 400 2229 470 2279; x_wconf 80' lang='grc'><strong>40040</strong></span> <span class='ocrx_word' id='word_1_128' title='bbox 486 2223 597 2291; x_wconf 76' lang='lat' dir='ltr'><strong>Apuleio</strong></span> <span class='ocrx_word' id='word_1_129' title='bbox 608 2224 676 2276; x_wconf 81' lang='lat' dir='ltr'><strong>Fior.</strong></span> <span class='ocrx_word' id='word_1_130' title='bbox 689 2223 718 2286; x_wconf 89' lang='grc'><strong>3,</strong></span> <span class='ocrx_word' id='word_1_131' title='bbox 738 2224 778 2274; x_wconf 87' lang='grc'><strong>40.</strong></span> <span class='ocrx_word' id='word_1_132' title='bbox 817 2225 919 2274; x_wconf 78' lang='lat' dir='ltr'><strong>tunium</strong></span> <span class='ocrx_word' id='word_1_133' title='bbox 949 2223 1065 2284; x_wconf 76' lang='lat' dir='ltr'><strong>hebens,</strong></span> <span class='ocrx_word' id='word_1_134' title='bbox 1099 2235 1186 2275; x_wconf 88' lang='lat' dir='ltr'><strong>nonne</strong></span> <span class='ocrx_word' id='word_1_135' title='bbox 1218 2227 1260 2276; x_wconf 77' lang='lat' dir='ltr'><strong>eei</strong></span> <span class='ocrx_word' id='word_1_136' title='bbox 1286 2238 1346 2290; x_wconf 86' lang='lat' dir='ltr'><strong>quo</strong></span> 
     </span>
     <span class='ocr_line' id='line_1_18' title="bbox 255 2297 1347 2366; baseline -0.005 -12"><span class='ocrx_word' id='word_1_137' title='bbox 255 2331 283 2340; x_wconf 90' lang='lat'>—</span> <span class='ocrx_word' id='word_1_138' title='bbox 302 2303 346 2354; x_wconf 85' lang='grc'><strong>4404</strong></span> <span class='ocrx_word' id='word_1_139' title='bbox 364 2301 487 2366; x_wconf 64' lang='lat' dir='ltr'><strong>iudom]</strong></span> <span class='ocrx_word' id='word_1_140' title='bbox 506 2300 626 2351; x_wconf 69' lang='lat' dir='ltr'><strong>utibimet</strong></span> <span class='ocrx_word' id='word_1_141' title='bbox 646 2299 696 2364; x_wconf 83' lang='lat' dir='ltr'><strong>ipei</strong></span> <span class='ocrx_word' id='word_1_142' title='bbox 714 2311 780 2349; x_wconf 81' lang='lat' dir='ltr'><strong>exo-</strong></span> <span class='ocrx_word' id='word_1_143' title='bbox 816 2297 912 2350; x_wconf 82' lang='lat' dir='ltr'><strong>meiius</strong></span> <span class='ocrx_word' id='word_1_144' title='bbox 934 2300 1070 2350; x_wconf 85' lang='lat' dir='ltr'><strong>insumere</strong></span> <span class='ocrx_word' id='word_1_145' title='bbox 1092 2300 1182 2363; x_wconf 81' lang='lat' dir='ltr'><strong>poesie</strong></span> <span class='ocrx_word' id='word_1_146' title='bbox 1205 2298 1277 2363; x_wconf 86' lang='lat' dir='ltr'><strong>quod</strong></span> <span class='ocrx_word' id='word_1_147' title='bbox 1294 2311 1347 2350; x_wconf 84' lang='lat' dir='ltr'><strong>eu-</strong></span> 
     </span>
     <span class='ocr_line' id='line_1_19' title="bbox 253 2370 1348 2440; baseline -0.006 -11"><span class='ocrx_word' id='word_1_148' title='bbox 253 2391 344 2439; x_wconf 79' lang='lat' dir='ltr'><strong>eum,·</strong></span> <span class='ocrx_word' id='word_1_149' title='bbox 370 2378 401 2426; x_wconf 82' lang='lat' dir='ltr'><strong>ut</strong></span> <span class='ocrx_word' id='word_1_150' title='bbox 425 2375 497 2440; x_wconf 82' lang='lat' dir='ltr'><strong>opud</strong></span> <span class='ocrx_word' id='word_1_151' title='bbox 520 2376 679 2426; x_wconf 82' lang='lat' dir='ltr'><strong>ciceronem</strong></span> <span class='ocrx_word' id='word_1_152' title='bbox 696 2381 778 2436; x_wconf 84' lang='lat' dir='ltr'><strong>euepe</strong></span> <span class='ocrx_word' id='word_1_153' title='bbox 815 2372 942 2435; x_wconf 72' lang='lat' dir='ltr'><strong>per-este·</strong></span> <span class='ocrx_word' id='word_1_154' title='bbox 967 2399 996 2408; x_wconf 92' lang='lat'>—</span> <span class='ocrx_word' id='word_1_155' title='bbox 1019 2371 1130 2438; x_wconf 66' lang='lat' dir='ltr'><strong>soporat]</strong></span> <span class='ocrx_word' id='word_1_156' title='bbox 1157 2370 1348 2437; x_wconf 74' lang='lat' dir='ltr'><strong>«superabun-</strong></span> 
     </span>
     <span class='ocr_line' id='line_1_20' title="bbox 252 2444 1347 2514; baseline -0.003 -14"><span class='ocrx_word' id='word_1_157' title='bbox 252 2450 654 2514; x_wconf 74' lang='lat' dir='ltr'><strong>ieiquimeimitiueeetnomen</strong></span> <span class='ocrx_word' id='word_1_158' title='bbox 666 2459 715 2512; x_wconf 88' lang='lat' dir='ltr'><strong>pro</strong></span> <span class='ocrx_word' id='word_1_159' title='bbox 731 2447 780 2496; x_wconf 88' lang='lat' dir='ltr'><strong>ini·</strong></span> <span class='ocrx_word' id='word_1_160' title='bbox 815 2445 862 2496; x_wconf 83' lang='lat' dir='ltr'><strong>det</strong></span> <span class='ocrx_word' id='word_1_161' title='bbox 877 2445 929 2496; x_wconf 80' lang='lat' dir='ltr'><strong>iuis</strong></span> <span class='ocrx_word' id='word_1_162' title='bbox 945 2444 1066 2496; x_wconf 79' lang='lat' dir='ltr'><strong>usibus.»</strong></span> <span class='ocrx_word' id='word_1_163' title='bbox 1095 2447 1186 2497; x_wconf 82' lang='lat' dir='ltr'><strong>Sciron.</strong></span> <span class='ocrx_word' id='word_1_164' title='bbox 1216 2447 1271 2497; x_wconf 86' lang='lat' dir='ltr'><strong>Cio.</strong></span> <span class='ocrx_word' id='word_1_165' title='bbox 1290 2449 1347 2497; x_wconf 82' lang='lat' dir='ltr'><strong>Pe-</strong></span> 
     </span>
     <span class='ocr_line' id='line_1_21' title="bbox 253 2519 1346 2587; baseline -0.005 -9"><span class='ocrx_word' id='word_1_166' title='bbox 253 2527 339 2578; x_wconf 87' lang='lat' dir='ltr'><strong>mieie.</strong></span> <span class='ocrx_word' id='word_1_167' title='bbox 363 2524 571 2587; x_wconf 56' lang='lat' dir='ltr'><strong>Comedus,</strong></span> <span class='ocrx_word' id='word_1_168' title='bbox 584 2522 625 2575; x_wconf 88' lang='grc'><strong>47.</strong></span> <span class='ocrx_word' id='word_1_169' title='bbox 644 2521 723 2583; x_wconf 91' lang='grc'><strong>4.40,</strong></span> <span class='ocrx_word' id='word_1_170' title='bbox 736 2520 777 2571; x_wconf 80' lang='grc'><strong>40.</strong></span> <span class='ocrx_word' id='word_1_171' title='bbox 815 2519 914 2582; x_wconf 79' lang='lat' dir='ltr'><strong>redd,</strong></span> <span class='ocrx_word' id='word_1_172' title='bbox 933 2520 962 2583; x_wconf 93' lang='grc'><strong>3,</strong></span> <span class='ocrx_word' id='word_1_173' title='bbox 980 2520 1027 2573; x_wconf 78' lang='lat' dir='ltr'><strong>ie:</strong></span> <span class='ocrx_word' id='word_1_174' title='bbox 1055 2523 1113 2572; x_wconf 76' lang='lat' dir='ltr'><strong>Uter</strong></span> <span class='ocrx_word' id='word_1_175' title='bbox 1128 2523 1207 2586; x_wconf 76' lang='lat' dir='ltr'><strong>ipitur</strong></span> <span class='ocrx_word' id='word_1_176' title='bbox 1223 2522 1346 2572; x_wconf 72' lang='grc'><strong>0044404-</strong></span> 
     </span>
    </p>

    <p class='ocr_par' dir='ltr' id='par_1_9' title="bbox 814 2596 1342 2660">
     <span class='ocr_line' id='line_1_22' title="bbox 814 2596 1342 2660; baseline 0 -14"><span class='ocrx_word' id='word_1_177' title='bbox 814 2597 875 2658; x_wconf 83' lang='lat' dir='ltr'><strong>tior,</strong></span> <span class='ocrx_word' id='word_1_178' title='bbox 894 2597 935 2646; x_wconf 81' lang='lat' dir='ltr'><strong>cui</strong></span> <span class='ocrx_word' id='word_1_179' title='bbox 951 2597 1028 2658; x_wconf 73' lang='lat' dir='ltr'><strong>deret,</strong></span> <span class='ocrx_word' id='word_1_180' title='bbox 1047 2609 1081 2646; x_wconf 81' lang='grc'><strong>00</strong></span> <span class='ocrx_word' id='word_1_181' title='bbox 1097 2598 1139 2646; x_wconf 83' lang='grc'><strong>004</strong></span> <span class='ocrx_word' id='word_1_182' title='bbox 1154 2596 1342 2660; x_wconf 72' lang='lat' dir='ltr'><strong>superationi</strong></span> 
     </span>
    </p>

    <p class='ocr_par' dir='ltr' id='par_1_10' title="bbox 284 2669 1146 2736">
     <span class='ocr_line' id='line_1_23' title="bbox 284 2669 1146 2736; baseline -0.002 -11"><span class='ocrx_word' id='word_1_183' title='bbox 284 2674 391 2725; x_wconf 72' lang='lat' dir='ltr'><strong>eeioi.</strong></span> <span class='ocrx_word' id='word_1_184' title='bbox 416 2673 464 2736; x_wconf 77' lang='lat' dir='ltr'><strong>Ae,</strong></span> <span class='ocrx_word' id='word_1_185' title='bbox 482 2672 566 2734; x_wconf 75' lang='lat' dir='ltr'><strong>laquei</strong></span> <span class='ocrx_word' id='word_1_186' title='bbox 583 2671 705 2735; x_wconf 66' lang='grc'><strong>0004400]</strong></span> <span class='ocrx_word' id='word_1_187' title='bbox 724 2669 778 2719; x_wconf 87' lang='lat' dir='ltr'><strong>Lu·</strong></span> <span class='ocrx_word' id='word_1_188' title='bbox 814 2676 882 2736; x_wconf 69' lang='lat' dir='ltr'><strong>eaet,</strong></span> <span class='ocrx_word' id='word_1_189' title='bbox 900 2685 935 2722; x_wconf 83' lang='grc'><strong>00</strong></span> <span class='ocrx_word' id='word_1_190' title='bbox 951 2674 995 2735; x_wconf 79' lang='lat' dir='ltr'><strong>qui</strong></span> <span class='ocrx_word' id='word_1_191' title='bbox 1011 2671 1146 2723; x_wconf 78' lang='lat' dir='ltr'><strong>abundat?</strong></span> 
     </span>
    </p>

    <p class='ocr_par' dir='ltr' id='par_1_11' title="bbox 250 2737 1424 4300">
     <span class='ocr_line' id='line_1_24' title="bbox 253 2737 1347 2814; baseline -0.003 -14"><span class='ocrx_word' id='word_1_192' title='bbox 253 2750 321 2800; x_wconf 84' lang='lat' dir='ltr'><strong>cion.</strong></span> <span class='ocrx_word' id='word_1_193' title='bbox 333 2750 399 2800; x_wconf 81' lang='lat' dir='ltr'><strong>Tim.</strong></span> <span class='ocrx_word' id='word_1_194' title='bbox 408 2748 455 2799; x_wconf 74' lang='lat'><strong>20:</strong></span> <span class='ocrx_word' id='word_1_195' title='bbox 470 2741 543 2814; x_wconf 73' lang='lat' dir='ltr'><strong>&#39;eye</strong></span> <span class='ocrx_word' id='word_1_196' title='bbox 554 2745 586 2797; x_wconf 81' lang='grc'><strong>34</strong></span> <span class='ocrx_word' id='word_1_197' title='bbox 595 2760 643 2797; x_wconf 76' lang='grc' dir='ltr'><strong>τοι</strong></span> <span class='ocrx_word' id='word_1_198' title='bbox 653 2737 778 2807; x_wconf 69' lang='grc' dir='ltr'><strong><em>πολλοὺς</em></strong></span> <span class='ocrx_word' id='word_1_199' title='bbox 849 2745 965 2797; x_wconf 76' lang='lat' dir='ltr'><strong>roe-407.</strong></span> <span class='ocrx_word' id='word_1_200' title='bbox 978 2747 1292 2812; x_wconf 69' lang='lat' dir='ltr'><strong>indiprrur11immeritu23</strong></span> <span class='ocrx_word' id='word_1_201' title='bbox 1304 2747 1347 2797; x_wconf 86' lang='lat' dir='ltr'><strong>in-</strong></span> 
     </span>
     <span class='ocr_line' id='line_1_25' title="bbox 251 2816 1341 2886; baseline -0.002 -13"><span class='ocrx_word' id='word_1_202' title='bbox 251 2817 290 2873; x_wconf 72' lang='lat' dir='ltr'><strong>de</strong></span> <span class='ocrx_word' id='word_1_203' title='bbox 314 2824 405 2873; x_wconf 68' lang='grc'><strong>040070</strong></span> <span class='ocrx_word' id='word_1_204' title='bbox 427 2816 528 2886; x_wconf 62' lang='grc' dir='ltr'>ἔχοιμί</span> <span class='ocrx_word' id='word_1_205' title='bbox 551 2835 602 2872; x_wconf 87' lang='grc' dir='ltr'><strong>σοι</strong></span> <span class='ocrx_word' id='word_1_206' title='bbox 625 2819 697 2882; x_wconf 74' lang='grc' dir='ltr'><strong>χθὲς</strong></span> <span class='ocrx_word' id='word_1_207' title='bbox 723 2818 779 2884; x_wconf 65' lang='grc' dir='ltr'><strong>μὲν</strong></span> <span class='ocrx_word' id='word_1_208' title='bbox 815 2820 910 2884; x_wconf 78' lang='lat' dir='ltr'><strong>dignus</strong></span> <span class='ocrx_word' id='word_1_209' title='bbox 922 2822 967 2884; x_wconf 84' lang='lat' dir='ltr'><strong>qui</strong></span> <span class='ocrx_word' id='word_1_210' title='bbox 976 2819 1172 2884; x_wconf 65' lang='lat' dir='ltr'><strong>egeni-Pium.</strong></span> <span class='ocrx_word' id='word_1_211' title='bbox 1184 2821 1262 2871; x_wconf 89' lang='lat' dir='ltr'><strong>curo.</strong></span> <span class='ocrx_word' id='word_1_212' title='bbox 1275 2818 1302 2882; x_wconf 91' lang='grc'><strong>4,</strong></span> <span class='ocrx_word' id='word_1_213' title='bbox 1313 2821 1341 2880; x_wconf 75' lang='lat'><strong>2,</strong></span> 
     </span>
     <span class='ocr_line' id='line_1_26' title="bbox 253 2888 1346 2966; baseline -0.003 -18"><span class='ocrx_word' id='word_1_214' title='bbox 253 2892 321 2948; x_wconf 69' lang='lat' dir='ltr'><strong>ouidi</strong></span> <span class='ocrx_word' id='word_1_215' title='bbox 331 2891 455 2958; x_wconf 81' lang='grc' dir='ltr'><strong>ὀβολόν,</strong></span> <span class='ocrx_word' id='word_1_216' title='bbox 472 2888 548 2946; x_wconf 74' lang='grc' dir='ltr'><strong>ὥστε</strong></span> <span class='ocrx_word' id='word_1_217' title='bbox 558 2894 700 2966; x_wconf 72' lang='grc' dir='ltr'><strong>πρίασθαι</strong></span> <span class='ocrx_word' id='word_1_218' title='bbox 711 2889 779 2964; x_wconf 77' lang='grc' dir='ltr'><em>βρό-</em></span> <span class='ocrx_word' id='word_1_219' title='bbox 815 2897 859 2947; x_wconf 74' lang='lat'><strong>27:</strong></span> <span class='ocrx_word' id='word_1_220' title='bbox 877 2897 989 2960; x_wconf 77' lang='lat' dir='ltr'><strong>lodiprris</strong></span> <span class='ocrx_word' id='word_1_221' title='bbox 998 2896 1104 2961; x_wconf 80' lang='lat' dir='ltr'><strong>(quibus</strong></span> <span class='ocrx_word' id='word_1_222' title='bbox 1116 2893 1185 2946; x_wconf 81' lang='lat' dir='ltr'><strong>mele</strong></span> <span class='ocrx_word' id='word_1_223' title='bbox 1196 2896 1308 2959; x_wconf 79' lang='lat' dir='ltr'><strong>dicetur)</strong></span> <span class='ocrx_word' id='word_1_224' title='bbox 1320 2895 1346 2946; x_wconf 76' lang='lat' dir='ltr'><strong>ei</strong></span> 
     </span>
     <span class='ocr_line' id='line_1_27' title="bbox 251 2962 1424 3037; baseline -0.001 -16"><span class='ocrx_word' id='word_1_225' title='bbox 251 2987 322 3033; x_wconf 70' lang='grc' dir='ltr'><strong>χον,</strong></span> <span class='ocrx_word' id='word_1_226' title='bbox 340 2966 518 3037; x_wconf 74' lang='grc' dir='ltr'><strong>ἐσχηκότας,</strong></span> <span class='ocrx_word' id='word_1_227' title='bbox 538 2962 624 3031; x_wconf 71' lang='grc' dir='ltr'><strong>ἄφνω</strong></span> <span class='ocrx_word' id='word_1_228' title='bbox 640 2966 673 3019; x_wconf 80' lang='lat' dir='ltr'><strong>dd</strong></span> <span class='ocrx_word' id='word_1_229' title='bbox 687 2964 778 3033; x_wconf 69' lang='grc' dir='ltr'><strong>τὴμε-</strong></span> <span class='ocrx_word' id='word_1_230' title='bbox 814 2970 1342 3032; x_wconf 68' lang='grc'><strong>0040040400,·0004044040004000000400.</strong></span> <span class='ocrx_word' id='word_1_231' title='bbox 1417 2995 1424 3006; x_wconf 86' lang='grc'><em>·</em></span> 
     </span>
     <span class='ocr_line' id='line_1_28' title="bbox 251 3040 1346 3117; baseline 0.001 -23"><span class='ocrx_word' id='word_1_232' title='bbox 251 3041 704 3117; x_wconf 66' lang='grc' dir='ltr'><strong>ρονκλουσῶυςκαὶκολυτελεῐς</strong></span> <span class='ocrx_word' id='word_1_233' title='bbox 713 3040 775 3093; x_wconf 79' lang='grc' dir='ltr'><strong>κτλ.</strong></span> <span class='ocrx_word' id='word_1_234' title='bbox 817 3071 844 3081; x_wconf 97' lang='grc'>-</span> <span class='ocrx_word' id='word_1_235' title='bbox 861 3045 962 3107; x_wconf 77' lang='lat' dir='ltr'><strong>Templo</strong></span> <span class='ocrx_word' id='word_1_236' title='bbox 974 3047 1068 3108; x_wconf 76' lang='grc'><strong>40004]</strong></span> <span class='ocrx_word' id='word_1_237' title='bbox 1085 3046 1185 3110; x_wconf 84' lang='lat' dir='ltr'><strong>quippe</strong></span> <span class='ocrx_word' id='word_1_238' title='bbox 1201 3057 1270 3109; x_wconf 81' lang='lat' dir='ltr'><strong>quae</strong></span> <span class='ocrx_word' id='word_1_239' title='bbox 1290 3058 1346 3109; x_wconf 81' lang='lat' dir='ltr'><strong>per</strong></span> 
     </span>
     <span class='ocr_line' id='line_1_29' title="bbox 252 3117 1344 3184; baseline 0.005 -17"><span class='ocrx_word' id='word_1_240' title='bbox 252 3119 359 3171; x_wconf 71' lang='lat' dir='ltr'><strong>uPieoet</strong></span> <span class='ocrx_word' id='word_1_241' title='bbox 376 3120 466 3183; x_wconf 83' lang='lat' dir='ltr'><strong>potine</strong></span> <span class='ocrx_word' id='word_1_242' title='bbox 489 3131 519 3169; x_wconf 78' lang='grc'><strong>00</strong></span> <span class='ocrx_word' id='word_1_243' title='bbox 535 3131 569 3168; x_wconf 85' lang='lat' dir='ltr'><strong>ex</strong></span> <span class='ocrx_word' id='word_1_244' title='bbox 589 3117 733 3169; x_wconf 84' lang='lat' dir='ltr'><strong>Biondiniie</strong></span> <span class='ocrx_word' id='word_1_245' title='bbox 751 3120 779 3168; x_wconf 79' lang='lat' dir='ltr'><strong>ei</strong></span> <span class='ocrx_word' id='word_1_246' title='bbox 814 3117 885 3169; x_wconf 83' lang='lat' dir='ltr'><strong>belia</strong></span> <span class='ocrx_word' id='word_1_247' title='bbox 895 3119 979 3170; x_wconf 82' lang='lat' dir='ltr'><strong>civilia</strong></span> <span class='ocrx_word' id='word_1_248' title='bbox 987 3121 1033 3171; x_wconf 94' lang='lat' dir='ltr'><strong>diu</strong></span> <span class='ocrx_word' id='word_1_249' title='bbox 1040 3119 1160 3184; x_wconf 77' lang='lat' dir='ltr'><strong>neglecte</strong></span> <span class='ocrx_word' id='word_1_250' title='bbox 1169 3121 1229 3171; x_wconf 80' lang='lat' dir='ltr'><strong>sini.</strong></span> <span class='ocrx_word' id='word_1_251' title='bbox 1239 3120 1344 3172; x_wconf 82' lang='lat' dir='ltr'><strong>Verum</strong></span> 
     </span>
     <span class='ocr_line' id='line_1_30' title="bbox 252 3193 1344 3258; baseline -0.001 -13"><span class='ocrx_word' id='word_1_252' title='bbox 252 3195 351 3247; x_wconf 77' lang='lat' dir='ltr'><strong>nostrie</strong></span> <span class='ocrx_word' id='word_1_253' title='bbox 367 3193 480 3257; x_wconf 79' lang='lat' dir='ltr'><strong>aliquoi,</strong></span> <span class='ocrx_word' id='word_1_254' title='bbox 504 3195 534 3242; x_wconf 81' lang='lat' dir='ltr'><strong>ui</strong></span> <span class='ocrx_word' id='word_1_255' title='bbox 549 3205 633 3243; x_wconf 87' lang='lat' dir='ltr'><strong>unum</strong></span> <span class='ocrx_word' id='word_1_256' title='bbox 650 3206 779 3243; x_wconf 90' lang='lat' dir='ltr'><strong>nummu·</strong></span> <span class='ocrx_word' id='word_1_257' title='bbox 814 3193 887 3244; x_wconf 87' lang='lat' dir='ltr'><strong>unde</strong></span> <span class='ocrx_word' id='word_1_258' title='bbox 904 3195 930 3244; x_wconf 92' lang='lat' dir='ltr'><strong>in</strong></span> <span class='ocrx_word' id='word_1_259' title='bbox 953 3195 1061 3246; x_wconf 82' lang='lat' dir='ltr'><strong>Horatio</strong></span> <span class='ocrx_word' id='word_1_260' title='bbox 1079 3195 1150 3258; x_wconf 82' lang='lat' dir='ltr'><strong>(nem</strong></span> <span class='ocrx_word' id='word_1_261' title='bbox 1173 3195 1267 3254; x_wconf 79' lang='lat' dir='ltr'><strong>eiiam,</strong></span> <span class='ocrx_word' id='word_1_262' title='bbox 1294 3195 1344 3258; x_wconf 87' lang='lat' dir='ltr'><strong>qui</strong></span> 
     </span>
     <span class='ocr_line' id='line_1_31' title="bbox 251 3264 1343 3332; baseline -0.001 -12"><span class='ocrx_word' id='word_1_263' title='bbox 251 3264 309 3320; x_wconf 81' lang='lat' dir='ltr'><strong>ium</strong></span> <span class='ocrx_word' id='word_1_264' title='bbox 324 3267 435 3330; x_wconf 77' lang='lat' dir='ltr'><strong>indicet,</strong></span> <span class='ocrx_word' id='word_1_265' title='bbox 455 3279 537 3332; x_wconf 84' lang='lat' dir='ltr'><strong>quem</strong></span> <span class='ocrx_word' id='word_1_266' title='bbox 548 3280 603 3328; x_wconf 76' lang='lat' dir='ltr'><strong>uer,</strong></span> <span class='ocrx_word' id='word_1_267' title='bbox 621 3267 780 3331; x_wconf 77' lang='lat' dir='ltr'><strong>quodsum·</strong></span> <span class='ocrx_word' id='word_1_268' title='bbox 814 3265 1343 3328; x_wconf 67' lang='grc' dir='ltr'><strong>00000004004044000400004,οώοΜ</strong></span> 
     </span>
     <span class='ocr_line' id='line_1_32' title="bbox 252 3339 1344 3406; baseline -0.002 -12"><span class='ocrx_word' id='word_1_269' title='bbox 252 3355 313 3400; x_wconf 84' lang='lat' dir='ltr'><strong>mee</strong></span> <span class='ocrx_word' id='word_1_270' title='bbox 335 3345 454 3394; x_wconf 75' lang='lat' dir='ltr'><strong>incertae</strong></span> <span class='ocrx_word' id='word_1_271' title='bbox 477 3344 527 3394; x_wconf 82' lang='lat' dir='ltr'><strong>eei.</strong></span> <span class='ocrx_word' id='word_1_272' title='bbox 568 3341 699 3392; x_wconf 78' lang='lat' dir='ltr'><strong>Lucienus</strong></span> <span class='ocrx_word' id='word_1_273' title='bbox 726 3343 779 3392; x_wconf 81' lang='grc'><strong>440-</strong></span> <span class='ocrx_word' id='word_1_274' title='bbox 815 3342 961 3393; x_wconf 73' lang='lat' dir='ltr'><strong>sententiae</strong></span> <span class='ocrx_word' id='word_1_275' title='bbox 987 3353 1002 3390; x_wconf 82' lang='grc'><strong>0</strong></span> <span class='ocrx_word' id='word_1_276' title='bbox 1027 3344 1105 3406; x_wconf 72' lang='lat' dir='ltr'><strong>poete</strong></span> <span class='ocrx_word' id='word_1_277' title='bbox 1131 3339 1256 3406; x_wconf 74' lang='lat' dir='ltr'><strong>probari,</strong></span> <span class='ocrx_word' id='word_1_278' title='bbox 1285 3353 1344 3392; x_wconf 89' lang='lat' dir='ltr'><strong>non</strong></span> 
     </span>
     <span class='ocr_line' id='line_1_33' title="bbox 251 3413 1344 3484; baseline -0.002 -14"><span class='ocrx_word' id='word_1_279' title='bbox 251 3431 305 3484; x_wconf 83' lang='lat' dir='ltr'><strong>que</strong></span> <span class='ocrx_word' id='word_1_280' title='bbox 321 3418 433 3479; x_wconf 79' lang='grc'><strong>000400,</strong></span> <span class='ocrx_word' id='word_1_281' title='bbox 452 3418 651 3478; x_wconf 79' lang='lat' dir='ltr'><strong>Nostermeem,</strong></span> <span class='ocrx_word' id='word_1_282' title='bbox 670 3413 778 3468; x_wconf 81' lang='lat' dir='ltr'><strong>Piouiue</strong></span> <span class='ocrx_word' id='word_1_283' title='bbox 814 3413 1079 3483; x_wconf 75' lang='grc' dir='ltr'><strong>διακωμῳδετσθαι,</strong></span> <span class='ocrx_word' id='word_1_284' title='bbox 1120 3415 1253 3466; x_wconf 74' lang='lat' dir='ltr'><strong>{dieantur</strong></span> <span class='ocrx_word' id='word_1_285' title='bbox 1290 3429 1344 3468; x_wconf 87' lang='lat' dir='ltr'><strong>ne-</strong></span> 
     </span>
     <span class='ocr_line' id='line_1_34' title="bbox 252 3484 1343 3558; baseline -0.003 -14"><span class='ocrx_word' id='word_1_286' title='bbox 252 3492 357 3558; x_wconf 78' lang='lat' dir='ltr'><strong>(Peeud.</strong></span> <span class='ocrx_word' id='word_1_287' title='bbox 377 3493 406 3555; x_wconf 93' lang='grc'><strong>4,</strong></span> <span class='ocrx_word' id='word_1_288' title='bbox 431 3492 459 3554; x_wconf 90' lang='grc'><strong>4,</strong></span> <span class='ocrx_word' id='word_1_289' title='bbox 481 3484 513 3543; x_wconf 79' lang='grc'><strong>36</strong></span> <span class='ocrx_word' id='word_1_290' title='bbox 537 3490 590 3554; x_wconf 81' lang='lat' dir='ltr'><strong>eq.)</strong></span> <span class='ocrx_word' id='word_1_291' title='bbox 615 3490 776 3554; x_wconf 69' lang='lat' dir='ltr'><strong>dracmam,</strong></span> <span class='ocrx_word' id='word_1_292' title='bbox 815 3503 892 3542; x_wconf 86' lang='lat' dir='ltr'><strong>oeeee</strong></span> <span class='ocrx_word' id='word_1_293' title='bbox 912 3491 972 3554; x_wconf 81' lang='lat' dir='ltr'><strong>esi),</strong></span> <span class='ocrx_word' id='word_1_294' title='bbox 998 3489 1070 3541; x_wconf 91' lang='lat' dir='ltr'><strong>unde</strong></span> <span class='ocrx_word' id='word_1_295' title='bbox 1096 3491 1124 3540; x_wconf 88' lang='lat' dir='ltr'><strong>in</strong></span> <span class='ocrx_word' id='word_1_296' title='bbox 1148 3489 1269 3549; x_wconf 80' lang='lat' dir='ltr'><strong>Horatio,</strong></span> <span class='ocrx_word' id='word_1_297' title='bbox 1297 3489 1343 3541; x_wconf 89' lang='lat' dir='ltr'><strong>in-</strong></span> 
     </span>
     <span class='ocr_line' id='line_1_35' title="bbox 251 3563 1344 3630; baseline -0.004 -13"><span class='ocrx_word' id='word_1_298' title='bbox 251 3569 356 3618; x_wconf 66' lang='lat' dir='ltr'><strong>cereum</strong></span> <span class='ocrx_word' id='word_1_299' title='bbox 372 3578 467 3618; x_wconf 86' lang='lat' dir='ltr'><strong>omnee</strong></span> <span class='ocrx_word' id='word_1_300' title='bbox 483 3563 653 3615; x_wconf 85' lang='lat' dir='ltr'><strong>nummulum</strong></span> <span class='ocrx_word' id='word_1_301' title='bbox 668 3576 719 3629; x_wconf 88' lang='lat' dir='ltr'><strong>pro</strong></span> <span class='ocrx_word' id='word_1_302' title='bbox 739 3564 780 3616; x_wconf 82' lang='lat' dir='ltr'><strong>la·</strong></span> <span class='ocrx_word' id='word_1_303' title='bbox 815 3577 911 3630; x_wconf 79' lang='lat' dir='ltr'><strong>qnam.</strong></span> <span class='ocrx_word' id='word_1_304' title='bbox 934 3566 980 3629; x_wconf 85' lang='lat' dir='ltr'><strong>qui</strong></span> <span class='ocrx_word' id='word_1_305' title='bbox 997 3565 1086 3616; x_wconf 81' lang='lat' dir='ltr'><strong>Germ.</strong></span> <span class='ocrx_word' id='word_1_306' title='bbox 1101 3564 1130 3627; x_wconf 91' lang='grc'><strong>4,</strong></span> <span class='ocrx_word' id='word_1_307' title='bbox 1153 3563 1200 3624; x_wconf 87' lang='grc'><strong>34,</strong></span> <span class='ocrx_word' id='word_1_308' title='bbox 1225 3563 1248 3613; x_wconf 91' lang='grc'><strong>4.</strong></span> <span class='ocrx_word' id='word_1_309' title='bbox 1271 3575 1344 3626; x_wconf 75' lang='lat' dir='ltr'><strong>pnr-</strong></span> 
     </span>
     <span class='ocr_line' id='line_1_36' title="bbox 251 3638 1344 3704; baseline -0.001 -14"><span class='ocrx_word' id='word_1_310' title='bbox 251 3641 314 3704; x_wconf 83' lang='lat' dir='ltr'><strong>quei</strong></span> <span class='ocrx_word' id='word_1_311' title='bbox 337 3641 424 3704; x_wconf 80' lang='lat' dir='ltr'><strong>pretio</strong></span> <span class='ocrx_word' id='word_1_312' title='bbox 451 3641 648 3690; x_wconf 79' lang='lat' dir='ltr'><strong>nominarunt.»</strong></span> <span class='ocrx_word' id='word_1_313' title='bbox 683 3641 776 3690; x_wconf 73' lang='lat' dir='ltr'><strong>Brun..</strong></span> <span class='ocrx_word' id='word_1_314' title='bbox 814 3653 872 3690; x_wconf 78' lang='lat' dir='ltr'><strong>eren</strong></span> <span class='ocrx_word' id='word_1_315' title='bbox 892 3641 997 3690; x_wconf 75' lang='lat' dir='ltr'><strong>deenen</strong></span> <span class='ocrx_word' id='word_1_316' title='bbox 1015 3639 1136 3690; x_wconf 76' lang='lat' dir='ltr'><strong>meliorem</strong></span> <span class='ocrx_word' id='word_1_317' title='bbox 1151 3643 1175 3689; x_wconf 84' lang='grc'><strong>04</strong></span> <span class='ocrx_word' id='word_1_318' title='bbox 1193 3638 1344 3702; x_wconf 63' lang='grc'><strong>40000040-</strong></span> 
     </span>
     <span class='ocr_line' id='line_1_37' title="bbox 253 3711 1343 3778; baseline 0.002 -16"><span class='ocrx_word' id='word_1_319' title='bbox 253 3739 281 3750; x_wconf 91' lang='grc'>-</span> <span class='ocrx_word' id='word_1_320' title='bbox 307 3715 397 3776; x_wconf 71' lang='grc'><strong>400044]</strong></span> <span class='ocrx_word' id='word_1_321' title='bbox 424 3713 477 3764; x_wconf 82' lang='lat' dir='ltr'><strong>Cir.</strong></span> <span class='ocrx_word' id='word_1_322' title='bbox 499 3714 553 3763; x_wconf 81' lang='lat' dir='ltr'><strong>sot.</strong></span> <span class='ocrx_word' id='word_1_323' title='bbox 575 3714 603 3775; x_wconf 93' lang='grc'><strong>4,</strong></span> <span class='ocrx_word' id='word_1_324' title='bbox 630 3713 659 3776; x_wconf 94' lang='grc'><strong>4,</strong></span> <span class='ocrx_word' id='word_1_325' title='bbox 685 3715 726 3764; x_wconf 88' lang='grc'><strong>70.</strong></span> <span class='ocrx_word' id='word_1_326' title='bbox 748 3741 775 3752; x_wconf 85' lang='lat'><strong>-</strong></span> <span class='ocrx_word' id='word_1_327' title='bbox 814 3714 961 3764; x_wconf 72' lang='lat' dir='ltr'><strong>terraemot</strong></span> <span class='ocrx_word' id='word_1_328' title='bbox 972 3713 1030 3778; x_wconf 87' lang='lat' dir='ltr'><strong>ipse</strong></span> <span class='ocrx_word' id='word_1_329' title='bbox 1041 3711 1168 3777; x_wconf 77' lang='lat' dir='ltr'><strong>appellet,</strong></span> <span class='ocrx_word' id='word_1_330' title='bbox 1187 3713 1259 3762; x_wconf 81' lang='grc'><strong>40040</strong></span> <span class='ocrx_word' id='word_1_331' title='bbox 1272 3712 1343 3764; x_wconf 76' lang='lat' dir='ltr'><strong>haee</strong></span> 
     </span>
     <span class='ocr_line' id='line_1_38' title="bbox 253 3785 1344 3852; baseline 0.003 -16"><span class='ocrx_word' id='word_1_332' title='bbox 253 3786 379 3849; x_wconf 60' lang='grc'><strong>70000400]</strong></span> <span class='ocrx_word' id='word_1_333' title='bbox 391 3785 520 3836; x_wconf 84' lang='lat' dir='ltr'><strong>decoctor</strong></span> <span class='ocrx_word' id='word_1_334' title='bbox 529 3787 644 3849; x_wconf 71' lang='lat' dir='ltr'><strong>ignotus.</strong></span> <span class='ocrx_word' id='word_1_335' title='bbox 673 3788 777 3839; x_wconf 83' lang='lat' dir='ltr'><strong>Nomen</strong></span> <span class='ocrx_word' id='word_1_336' title='bbox 814 3788 868 3838; x_wconf 82' lang='lat' dir='ltr'><strong>iam</strong></span> <span class='ocrx_word' id='word_1_337' title='bbox 879 3799 903 3836; x_wconf 86' lang='lat' dir='ltr'><strong>e.</strong></span> <span class='ocrx_word' id='word_1_338' title='bbox 917 3787 974 3837; x_wconf 77' lang='grc'><strong>740.</strong></span> <span class='ocrx_word' id='word_1_339' title='bbox 987 3785 1151 3852; x_wconf 76' lang='lat' dir='ltr'><strong>templorum</strong></span> <span class='ocrx_word' id='word_1_340' title='bbox 1167 3788 1250 3838; x_wconf 82' lang='lat' dir='ltr'><strong>eurei</strong></span> <span class='ocrx_word' id='word_1_341' title='bbox 1266 3787 1344 3838; x_wconf 80' lang='lat' dir='ltr'><strong>iiere</strong></span> 
     </span>
     <span class='ocr_line' id='line_1_39' title="bbox 251 3859 1341 3929; baseline 0.005 -20"><span class='ocrx_word' id='word_1_342' title='bbox 251 3861 278 3910; x_wconf 88' lang='lat' dir='ltr'><strong>in</strong></span> <span class='ocrx_word' id='word_1_343' title='bbox 296 3859 380 3910; x_wconf 84' lang='lat' dir='ltr'><strong>codd.</strong></span> <span class='ocrx_word' id='word_1_344' title='bbox 394 3861 778 3927; x_wconf 75' lang='lat' dir='ltr'><strong>oonuoverrumexrutapud</strong></span> <span class='ocrx_word' id='word_1_345' title='bbox 813 3864 882 3914; x_wconf 85' lang='lat' dir='ltr'><strong>heee</strong></span> <span class='ocrx_word' id='word_1_346' title='bbox 903 3861 1036 3915; x_wconf 75' lang='lat' dir='ltr'><strong>simulatio</strong></span> <span class='ocrx_word' id='word_1_347' title='bbox 1059 3875 1121 3915; x_wconf 81' lang='lat' dir='ltr'><strong>esee</strong></span> <span class='ocrx_word' id='word_1_348' title='bbox 1144 3877 1197 3915; x_wconf 90' lang='lat' dir='ltr'><strong>non</strong></span> <span class='ocrx_word' id='word_1_349' title='bbox 1219 3866 1341 3929; x_wconf 75' lang='lat' dir='ltr'><strong>poteret,</strong></span> 
     </span>
     <span class='ocr_line' id='line_1_40' title="bbox 252 3932 1340 4002; baseline 0.004 -18"><span class='ocrx_word' id='word_1_350' title='bbox 252 3934 394 3984; x_wconf 79' lang='lat' dir='ltr'><strong>Gruterum</strong></span> <span class='ocrx_word' id='word_1_351' title='bbox 405 3932 468 3995; x_wconf 91' lang='grc'><strong>744,</strong></span> <span class='ocrx_word' id='word_1_352' title='bbox 486 3933 511 3984; x_wconf 91' lang='grc'><strong>3.</strong></span> <span class='ocrx_word' id='word_1_353' title='bbox 526 3957 554 3971; x_wconf 89' lang='grc'><strong>·-</strong></span> <span class='ocrx_word' id='word_1_354' title='bbox 567 3935 697 4001; x_wconf 73' lang='lat' dir='ltr'><strong>Ite-patrer]</strong></span> <span class='ocrx_word' id='word_1_355' title='bbox 710 3935 777 3986; x_wconf 74' lang='grc'><strong>«04)-</strong></span> <span class='ocrx_word' id='word_1_356' title='bbox 814 3952 866 3990; x_wconf 89' lang='lat' dir='ltr'><strong>nou</strong></span> <span class='ocrx_word' id='word_1_357' title='bbox 884 3939 969 4002; x_wconf 76' lang='lat' dir='ltr'><strong>magis</strong></span> <span class='ocrx_word' id='word_1_358' title='bbox 991 3949 1074 4002; x_wconf 84' lang='lat' dir='ltr'><strong>quom</strong></span> <span class='ocrx_word' id='word_1_359' title='bbox 1091 3939 1180 3990; x_wconf 83' lang='lat' dir='ltr'><strong>Corrn.</strong></span> <span class='ocrx_word' id='word_1_360' title='bbox 1198 3939 1229 4000; x_wconf 88' lang='grc'><strong>3,</strong></span> <span class='ocrx_word' id='word_1_361' title='bbox 1252 3939 1280 4000; x_wconf 87' lang='grc'><strong>0,</strong></span> <span class='ocrx_word' id='word_1_362' title='bbox 1306 3939 1318 3989; x_wconf 92' lang='grc'><strong>4</strong></span> <span class='ocrx_word' id='word_1_363' title='bbox 1333 3953 1340 3988; x_wconf 79' lang='lat' dir='ltr'>z</span> 
     </span>
     <span class='ocr_line' id='line_1_41' title="bbox 251 4007 1344 4076; baseline 0.006 -19"><span class='ocrx_word' id='word_1_364' title='bbox 251 4007 383 4069; x_wconf 72' lang='lat' dir='ltr'><strong>iurgatur,</strong></span> <span class='ocrx_word' id='word_1_365' title='bbox 406 4007 598 4071; x_wconf 74' lang='lat' dir='ltr'><strong>vituperetur.»</strong></span> <span class='ocrx_word' id='word_1_366' title='bbox 618 4033 646 4046; x_wconf 90' lang='lat'><em>-</em></span> <span class='ocrx_word' id='word_1_367' title='bbox 663 4011 778 4075; x_wconf 71' lang='lat' dir='ltr'><strong>vectiqu-</strong></span> <span class='ocrx_word' id='word_1_368' title='bbox 813 4013 1198 4066; x_wconf 71' lang='lat' dir='ltr'><strong>ndiemmaiomimnmum</strong></span> <span class='ocrx_word' id='word_1_369' title='bbox 1208 4013 1274 4076; x_wconf 73' lang='grc'><strong>4000,</strong></span> <span class='ocrx_word' id='word_1_370' title='bbox 1292 4014 1344 4064; x_wconf 86' lang='grc'><strong>440-</strong></span> 
     </span>
     <span class='ocr_line' id='line_1_42' title="bbox 250 4079 1339 4152; baseline 0.006 -20"><span class='ocrx_word' id='word_1_371' title='bbox 250 4081 302 4146; x_wconf 84' lang='grc'><strong>440]</strong></span> <span class='ocrx_word' id='word_1_372' title='bbox 326 4081 354 4132; x_wconf 85' lang='lat' dir='ltr'><strong>h.</strong></span> <span class='ocrx_word' id='word_1_373' title='bbox 372 4079 389 4131; x_wconf 89' lang='lat' dir='ltr'><strong>i.</strong></span> <span class='ocrx_word' id='word_1_374' title='bbox 411 4081 508 4145; x_wconf 75' lang='lat' dir='ltr'><strong>privati</strong></span> <span class='ocrx_word' id='word_1_375' title='bbox 530 4083 648 4148; x_wconf 81' lang='lat' dir='ltr'><strong>rediine,</strong></span> <span class='ocrx_word' id='word_1_376' title='bbox 674 4087 704 4136; x_wconf 83' lang='lat' dir='ltr'><strong>ui</strong></span> <span class='ocrx_word' id='word_1_377' title='bbox 725 4085 774 4136; x_wconf 87' lang='lat' dir='ltr'><strong>Od.</strong></span> <span class='ocrx_word' id='word_1_378' title='bbox 812 4099 904 4150; x_wconf 74' lang='lat' dir='ltr'><strong>morie,</strong></span> <span class='ocrx_word' id='word_1_379' title='bbox 922 4087 999 4138; x_wconf 78' lang='lat' dir='ltr'><strong>donec</strong></span> <span class='ocrx_word' id='word_1_380' title='bbox 1018 4089 1111 4151; x_wconf 72' lang='lat' dir='ltr'><strong>erepta</strong></span> <span class='ocrx_word' id='word_1_381' title='bbox 1123 4088 1255 4152; x_wconf 70' lang='lat' dir='ltr'><strong>reseeoir,</strong></span> <span class='ocrx_word' id='word_1_382' title='bbox 1284 4091 1339 4138; x_wconf 87' lang='grc'><strong>004.</strong></span> 
     </span>
     <span class='ocr_line' id='line_1_43' title="bbox 251 4154 1344 4226; baseline 0.003 -19"><span class='ocrx_word' id='word_1_383' title='bbox 251 4155 280 4218; x_wconf 93' lang='grc'><strong>3,</strong></span> <span class='ocrx_word' id='word_1_384' title='bbox 299 4155 344 4218; x_wconf 80' lang='lat' dir='ltr'><strong>io,</strong></span> <span class='ocrx_word' id='word_1_385' title='bbox 364 4154 406 4207; x_wconf 91' lang='grc'><strong>40.</strong></span> <span class='ocrx_word' id='word_1_386' title='bbox 442 4155 497 4208; x_wconf 88' lang='lat' dir='ltr'><strong>Cic.</strong></span> <span class='ocrx_word' id='word_1_387' title='bbox 515 4155 550 4207; x_wconf 92' lang='lat' dir='ltr'><strong>de</strong></span> <span class='ocrx_word' id='word_1_388' title='bbox 575 4158 650 4209; x_wconf 79' lang='lat' dir='ltr'><strong>offic.</strong></span> <span class='ocrx_word' id='word_1_389' title='bbox 673 4159 702 4220; x_wconf 76' lang='grc'><strong>4,</strong></span> <span class='ocrx_word' id='word_1_390' title='bbox 728 4161 775 4222; x_wconf 73' lang='lat' dir='ltr'><strong>m,</strong></span> <span class='ocrx_word' id='word_1_391' title='bbox 813 4161 879 4224; x_wconf 83' lang='lat' dir='ltr'><strong>Sed,</strong></span> <span class='ocrx_word' id='word_1_392' title='bbox 898 4161 921 4214; x_wconf 87' lang='lat' dir='ltr'><strong>ei</strong></span> <span class='ocrx_word' id='word_1_393' title='bbox 938 4161 1002 4226; x_wconf 80' lang='lat' dir='ltr'><strong>quid</strong></span> <span class='ocrx_word' id='word_1_394' title='bbox 1019 4161 1139 4213; x_wconf 79' lang='lat' dir='ltr'><strong>divinare</strong></span> <span class='ocrx_word' id='word_1_395' title='bbox 1155 4162 1207 4212; x_wconf 86' lang='lat' dir='ltr'><strong>heo</strong></span> <span class='ocrx_word' id='word_1_396' title='bbox 1223 4163 1251 4211; x_wconf 87' lang='lat' dir='ltr'><strong>in</strong></span> <span class='ocrx_word' id='word_1_397' title='bbox 1268 4173 1299 4212; x_wconf 88' lang='lat' dir='ltr'><strong>re</strong></span> <span class='ocrx_word' id='word_1_398' title='bbox 1312 4160 1344 4210; x_wconf 88' lang='lat' dir='ltr'><strong>ii-</strong></span> 
     </span>
     <span class='ocr_line' id='line_1_44' title="bbox 251 4229 1342 4300; baseline 0.004 -18"><span class='ocrx_word' id='word_1_399' title='bbox 251 4229 296 4282; x_wconf 81' lang='lat'><strong>88:</strong></span> <span class='ocrx_word' id='word_1_400' title='bbox 313 4235 343 4282; x_wconf 85' lang='grc'><strong>04</strong></span> <span class='ocrx_word' id='word_1_401' title='bbox 357 4230 442 4296; x_wconf 73' lang='lat' dir='ltr'><strong>alerio</strong></span> <span class='ocrx_word' id='word_1_402' title='bbox 456 4230 563 4295; x_wconf 73' lang='grc'><strong>(44040440,</strong></span> <span class='ocrx_word' id='word_1_403' title='bbox 580 4233 714 4298; x_wconf 67' lang='grc'><strong>0004400440</strong></span> <span class='ocrx_word' id='word_1_404' title='bbox 728 4247 777 4284; x_wconf 83' lang='lat' dir='ltr'><strong>ur-</strong></span> <span class='ocrx_word' id='word_1_405' title='bbox 813 4239 868 4298; x_wconf 83' lang='lat' dir='ltr'><strong>oet,</strong></span> <span class='ocrx_word' id='word_1_406' title='bbox 893 4236 984 4300; x_wconf 84' lang='lat' dir='ltr'><strong>quidni</strong></span> <span class='ocrx_word' id='word_1_407' title='bbox 1002 4235 1137 4299; x_wconf 84' lang='lat' dir='ltr'><strong>dieamus,</strong></span> <span class='ocrx_word' id='word_1_408' title='bbox 1163 4235 1263 4287; x_wconf 74' lang='lat' dir='ltr'><strong>Horatii</strong></span> <span class='ocrx_word' id='word_1_409' title='bbox 1279 4235 1342 4286; x_wconf 83' lang='lat' dir='ltr'><strong>mi-</strong></span> 
     </span>
    </p>
   </div>
   <div class='ocr_carea' id='block_1_5' title="bbox 0 0 1468 4892">
    <p class='ocr_par' dir='ltr' id='par_1_12' title="bbox 0 0 1468 4892">
     <span class='ocr_line' id='line_1_45' title="bbox 0 0 1468 4892; baseline 0 1"><span class='ocrx_word' id='word_1_410' title='bbox 0 0 1468 4892; x_wconf 95' lang='lat' dir='ltr'><strong> </strong></span> 
     </span>
    </p>
   </div>
  </div>
 </body>
</html>
