2925 4892
495 340 553 390 ata.
572 340 603 389 ΙΙ.
638 340 705 392 SAT.
725 341 767 391 vt.

148 498 186 562 Ex
206 516 269 584 qao
290 496 459 563 Maecenas
482 516 533 561 me
556 497 664 585 coepit
686 496 809 564 habere
830 518 963 566 suoram

147 620 177 683 ln
196 638 346 697 namer03
369 618 534 684 dumtaxat
555 617 597 684 ad
620 618 696 693 hoe,
720 638 819 707 quem
842 618 955 688 tollere
976 622 1077 689 rheda

147 739 236 808 Vellet
257 732 317 807 iter
338 740 458 808 iaciens
483 750 515 807 et
536 740 587 806 cui
611 740 811 808 concredere
832 762 936 829 nugas

144 862 204 928 Hoc
217 882 333 949 genas:
361 862 449 928 Hora
464 870 562 949 quota
576 862 649 927 est?
671 861 775 929 Thrax
789 873 840 929 est
853 862 976 931 Gallina
991 866 1075 955 Syro
1090 868 1174 954 pari

161 1060 198 1113 tt.
216 1066 272 1111 trae
289 1074 424 1127 superser.
443 1074 460 1111 a
477 1060 509 1122 b,
529 1061 610 1111 Tarae
627 1059 769 1112 Bentleins.
791 1088 818 1098 -
836 1062 879 1126 est]
897 1076 932 1111 an
949 1064 977 1112 t..

109 1218 175 1269 iaitm
185 1220 311 1285 diploma,
331 1218 402 1284 qaod
415 1218 541 1269 dicebant
553 1219 612 1281 (Ta-
648 1220 741 1269 tenuat
764 1232 840 1269 suam
866 1233 929 1270 cum
953 1223 1063 1285 potente
1084 1224 1172 1275 amico

109 1295 142 1343 eii.
153 1294 307 1355 tristam.
321 1298 348 1344 et
359 1294 420 1356 aa),
442 1294 514 1356 quod
531 1296 613 1344 utra·
647 1294 889 1354 necessitudinem,
914 1296 1065 1359 significans
1088 1312 1118 1348 se
1135 1298 1171 1348 ab

108 1372 152 1417 tam
167 1368 249 1429 fleret,
268 1382 283 1420 a
302 1370 454 1420 Maecenate
466 1368 611 1431 obsignari·
647 1369 790 1419 ambitione
808 1368 884 1432 longe
901 1375 1036 1421 remotum
1054 1386 1113 1423 esse
1126 1386 1172 1423 ne·

108 1443 157 1492 dnm
180 1447 250 1494 erati
279 1446 316 1495 Ea
343 1446 416 1494 certe
438 1458 452 1493 a
475 1444 608 1508 principe,
646 1457 698 1507 que
720 1456 840 1507 unquam
862 1445 973 1506 negotiis
996 1446 1115 1497 civilibus
1134 1448 1170 1498 ab

108 1520 156 1567 tane
171 1518 202 1569 ab
216 1520 273 1570 eius
290 1522 428 1582 tamquam
446 1519 558 1577 vicario,
577 1520 611 1569 si-
645 1516 689 1568 iilo
717 1517 930 1569 administrandis
958 1532 1019 1569 sese
1047 1522 1169 1583 ingerere

107 1594 240 1653 manantur.
272 1596 447 1645 Cinsueton.
462 1595 551 1643 Oetav.
566 1594 607 1642 tto.
645 1592 760 1643 solitam.
788 1594 914 1643 catenam
926 1594 993 1643 haee
1005 1597 1094 1645 omnia
1107 1599 1168 1646 κατ’

106 1666 195 1718 Plinii.
209 1671 237 1719 N.
256 1670 304 1727 37,
325 1671 353 1727 4,
373 1668 400 1718 l:
426 1670 506 1717 Divae
521 1669 609 1731 lapa-
645 1669 790 1735 εἰρωνείαν
805 1667 857 1717 dici
874 1671 998 1731 apparet;
1017 1672 1116 1720 etenim
1134 1670 1168 1721 de

105 1746 145 1790 nin
167 1745 226 1792 inter
252 1744 329 1793 initia
357 1743 465 1805 Sphinpe
489 1744 606 1807 sipnaoit.
644 1742 700 1793 aliis
722 1756 755 1793 ac
778 1742 945 1805 gravioribus
966 1742 1062 1802 rebus,
1088 1758 1169 1808 prae-

105 1816 162 1864 ttnas
175 1818 199 1865 in
213 1818 305 1867 matris
322 1818 406 1867 anatis
422 1818 474 1866 iarn
491 1818 609 1866 indicere
643 1820 736 1869 sertim
758 1819 792 1868 ad
817 1819 910 1883 poesin
932 1819 960 1867 et
983 1817 1084 1869 litteras
1104 1832 1169 1883 spe-

104 1894 135 1938 tae
154 1892 317 1942 similitudinis
342 1894 479 1941 invenerat.
521 1893 607 1941 Attera
643 1892 791 1950 omatibus,
810 1906 858 1943 eos
875 1893 944 1942 inter
960 1904 990 1943 se
1008 1892 1167 1958 pleramque

101 1976 138 2023 pn
160 1966 216 2016 tnta
241 1969 331 2017 civilia
355 1967 453 2016 absente
477 1980 505 2015 eo
530 1967 606 2015 amici
643 1965 787 2018 collocutos
804 1980 866 2017 esse
884 1972 1094 2018 consentaneam
1115 1972 1165 2019 est.

105 2038 204 2103 [Agrippa
214 2045 240 2090 et
252 2042 402 2103 Maecenas)
411 2042 541 2103 simmam
551 2041 607 2100 spi-
642 2042 741 2091 Verum
753 2041 820 2092 tates
828 2054 968 2092 sermones
977 2043 1021 2091 hic
1032 2056 1166 2106 exponere

104 2114 311 2174 nonadecima,
337 2128 402 2177 qaae
421 2116 489 2164 ratio
510 2120 605 2176 tempo-
641 2117 761 2180 ineptum
789 2130 821 2165 ae
849 2115 972 2179 putidum
999 2116 1106 2178 inisset,
1136 2120 1167 2169 ut

103 2199 147 2235 narn
163 2192 256 2240 nomine
279 2192 334 2240 eins
354 2190 425 2240 reddi
446 2190 603 2251 postulabat,
641 2196 713 2242 reete
739 2192 849 2243 adnotat
873 2194 998 2242 Diiatzer.
1027 2218 1053 2230 -
1081 2194 1166 2245 toliere

102 2274 139 2309 nen
153 2263 251 2327 infaceto
263 2265 546 2328 teporeaeaipientinm,
559 2278 604 2313 ae-
639 2268 730 2329 rheda]
750 2268 892 2331 «recipere
910 2268 1035 2317 comitem
1057 2268 1083 2318 in
1101 2269 1165 2319 me-
1209 2323 1213 2332 ,

103 2340 367 2403 aimmtaafferreeam
378 2340 519 2403 Sptinpern.
539 2341 605 2401 (inin
640 2342 729 2392 dam.»
758 2343 813 2392 liv.
827 2341 871 2399 ts.
891 2343 921 2391 6:
947 2344 1072 2404 apperiat,
1095 2349 1124 2393 at
1139 2358 1166 2394 aa
1250 2346 1258 2357 '

102 2412 160 2461 eiiam
174 2416 324 2465 Maecenatis
341 2428 419 2463 rana
431 2428 479 2477 per
494 2414 605 2463 conatio-
639 2418 793 2467 sublatam
809 2418 837 2466 tn
853 2416 959 2465 tendatis
975 2419 1009 2466 ad
1025 2419 1113 2479 Cotum
1124 2420 1165 2469 de

101 2500 144 2535 nen
162 2492 324 2551 pecuniariam
349 2490 375 2539 in
392 2502 484 2553 mamea
509 2494 605 2539 terrore
638 2492 742 2541 veheret.
764 2519 792 2527 -
810 2492 861 2540 Hoc
877 2492 964 2553 ponas]
985 2492 1039 2540 Cic.
1053 2492 1088 2541 ad
1109 2493 1161 2542 stt.

101 2566 150 2610 erat.
191 2564 291 2625 Quibus
326 2578 356 2614 ex
389 2564 480 2614 verbis
508 2564 601 2625 vides,
639 2566 683 2625 43,
703 2568 747 2624 ta,
766 2566 796 2614 3:
819 2566 1019 2614 &amantea
1036 2567 1163 2616 orationes

33 2654 34 2673 i
101 2636 164 2687 etiem
186 2639 209 2688 in
232 2638 346 2704 publicis
364 2640 474 2701 negotiis
498 2640 603 2688 Maece·
638 2646 683 2689 ant
700 2641 824 2700 aliquid
839 2640 869 2687 id
885 2652 975 2701 penas
991 2639 1162 2689 actitante-i-

100 2714 172 2762 neiem
187 2716 294 2779 proprio
312 2726 360 2763 sno
378 2728 458 2764 ranae
476 2714 603 2776 signoin·
638 2716 701 2765 bere.
727 2740 754 2751 -
784 2713 877 2776 listas]
904 2714 978 2762 itane
1002 2714 1163 2776 scripturam

33 2826 34 2835 ,
100 2785 279 2839 ternamnsum
300 2802 369 2839 esse.
391 2790 602 2852 -Diaeris1nsi
638 2789 664 2838 h.
679 2787 695 2838 l.
710 2788 914 2851 praeferendam
926 2787 1023 2837 suadet
1033 2786 1162 2838 librorum

100 2870 138 2919 ego
153 2862 174 2910 ei
189 2863 369 2927 respondero»
388 2864 438 2913 cet.
475 2864 601 2913 Ceteram
638 2864 795 2920 auctoritas;
811 2860 987 2911 reiieiendam
998 2864 1088 2911 autem
1101 2874 1161 2911 esse

99 2932 189 2985 advene
197 2950 351 2987 sermonem
360 2938 543 3001 quotidianum
553 2950 601 3001 per
638 2937 794 2996 discrimen,
822 2936 895 2999 quod
911 2936 991 2987 statui
1008 2934 1077 2985 solet
1093 2937 1162 2986 inter

100 3004 138 3057 hos
154 3023 191 3059 nn.
209 3011 361 3062 felicissime
383 3011 491 3075 singulis
510 3011 600 3061 verbis
638 3011 745 3060 nomina
763 3010 849 3059 Tarae
865 3011 893 3058 et
911 3009 992 3058 Three
1008 3022 1030 3059 s.
1047 3009 1159 3070 micea,

100 3084 233 3137 etnameris
245 3098 355 3151 quoque
367 3100 533 3151 expressum.
553 3089 601 3137 Re·
637 3087 666 3134 ut
682 3084 723 3134 iiia
741 3085 826 3135 torma
849 3084 992 3148 poputum,
1019 3085 1087 3132 haec
1105 3083 1161 3146 gia-

101 3158 203 3209 eieenim
219 3162 316 3211 Bothe:
337 3163 436 3221 «Quam
454 3161 529 3211 facile
543 3165 600 3211 erat
637 3158 877 3217 diatonesdenotet‚
887 3170 952 3208 vere
962 3159 1064 3208 monuit
1073 3158 1161 3208 Fleck-

100 3242 187 3284 versam
207 3236 263 3299 (35.)
287 3234 423 3286 elumbem
442 3237 544 3299 erigere
562 3238 600 3286 sie
635 3234 710 3283 eisen
724 3232 814 3283 Paitoi.
827 3234 992 3283 Schneiden.
1005 3234 1048 3282 Ν.
1059 3246 1086 3295 p.
1099 3234 1157 3283 iti.

101 3306 233 3359 scribendo:
260 3312 362 3361 itoseias
386 3313 420 3360 ad
443 3310 530 3361 Puteal
554 3312 600 3361 sibi
636 3307 711 3358 Coni.
730 3309 795 3372 Epp.
816 3309 844 3367 4,
869 3309 913 3368 48,
938 3308 980 3357 36.
1000 3334 1028 3342 —
1048 3306 1158 3369 Gallina]

101 3384 231 3435 morabot
243 3384 382 3435 amenta
400 3386 501 3436 Verum
510 3386 599 3437 dedita
635 3394 734 3433 nomen
756 3381 910 3444 gladiatoris
932 3394 1033 3445 perse
1058 3381 1160 3430 ridica-

102 3463 163 3515 ⁰pera
178 3459 213 3509 sic
230 3460 351 3510 scribere
369 3458 459 3509 noluit.
635 3454 703 3514 lum.
723 3458 769 3519 qui
785 3470 879 3519 parma
896 3456 1051 3505 Threcidica
1068 3453 1160 3517 eigla-

125 3526 194 3582 toti.
211 3534 343 3598 Sopianae]
361 3535 428 3583 Cum
441 3534 508 3583 haec
520 3536 598 3584 satira
634 3530 678 3580 dio
695 3531 804 3581 incurvo
826 3524 925 3600 (ἅρπῃ)
943 3532 1062 3579 armatus
1083 3534 1159 3579 com-
1266 3539 1270 3547 ·

102 3608 192 3655 creante
208 3608 302 3658 aiii».
321 3609 468 3672 composita
491 3609 537 3668 sit,
566 3622 598 3658 ex
634 3607 696 3670 poni
721 3605 825 3656 solebat
850 3608 877 3655 in
901 3618 983 3655 arena
1010 3618 1072 3654 cum
1093 3605 1159 3666 Sara

101 3672 131 3723 hii
145 3685 243 3743 apparat
262 3684 401 3733 Horatium
417 3696 441 3731 a.
462 3683 518 3733 745.
537 3696 598 3733 ver·
634 3680 806 3740 mirmillone‚
831 3681 930 3740 idest,
952 3678 1096 3742 gladiatore
1113 3693 1158 3730 ar-

101 3754 161 3809 neate
175 3754 213 3805 vei
234 3758 306 3807 initio
323 3770 348 3806 a.
367 3758 424 3806 746.
444 3758 469 3807 in
490 3759 597 3808 Maece·
634 3758 738 3805 matura
767 3755 861 3805 Gallica
891 3755 998 3805 inducto
1023 3758 1051 3805 et
1077 3756 1158 3820 piscis

102 3826 153 3875 nais
166 3828 362 3882 familiaritatem
375 3832 514 3895 receptam
526 3844 594 3883 esse.
634 3826 796 3901 (μορμύλου
808 3845 830 3880 s.
840 3827 1003 3901 μορμύρου)
1014 3830 1157 3892 imaginem

102 3897 595 3957 ‘Ettindtieinatesiebcneotteiaisren
633 3906 658 3954 in
677 3903 752 3967 galea
769 3904 895 3954 habente.
925 3906 979 3955 Cic.
996 3903 1106 3968 Philipp.
1125 3905 1155 3963 7,

102 3968 179 4026 inm
195 3992 253 4031 cam
274 3981 338 4031 aliis.
375 3982 427 4031 Sed
449 3984 488 4031 est
509 3982 597 4046 potius
633 3980 663 4039 6,
683 3981 727 4030 ii:
747 3980 868 4029 itinniito
884 3980 912 4027 in
928 3980 989 4029 Asia
1004 3979 1157 4041 amaanmit

103 4044 151 4104 'itti
163 4053 214 4102 acltt
228 4056 313 4115 latire,
333 4058 393 4105 octo
410 4056 594 4119 propeannin
633 4056 669 4117 (L.
683 4054 830 4116 Antonius).
860 4055 922 4103 Cam
939 4052 1157 4103 omassetTtnreai-

103 4116 141 4169 Cir.
153 4124 274 4180 Frandsen
290 4132 422 4180 Maecenas
444 4144 470 4194 p.
483 4131 540 4179 2⁰⁰.
565 4158 591 4167 -
632 4130 694 4179 dieis
714 4130 828 4179 comitem
850 4134 875 4177 et
897 4128 1051 4191 sarnitiarsm
1069 4140 1154 4187 mm,

103 4192 211 4251 issima
225 4205 258 4253 ari
273 4204 393 4267 iaceat]
412 4204 537 4256 Consulto
552 4218 597 4254 ex·
630 4204 702 4253 wasa
723 4205 843 4253 misenen
865 4202 999 4267 maeniana
1021 4202 1153 4264 inputavit.
