2925 4892
296 345 359 412 040
654 345 1023 398 0000000000000000

340 501 514 590 Suspendit
535 501 620 588 picta
640 499 762 567 voltum
785 510 992 588 mentemque
1013 499 1144 577 tabella,

343 627 435 690 Nune
457 621 656 700 tibicinibus,
681 643 767 689 nunc
788 631 839 687 est
859 625 969 708 gavisa
990 621 1168 709 tragoedis;

342 744 410 812 Sub
432 743 556 812 nutrice
577 742 686 832 puella
707 742 795 810 velut
815 742 842 808 si
864 741 992 808 luderet
1013 727 1127 820 inians,

340 865 437 948 Quod
458 865 577 954 cupide
599 865 703 953 petiit,
727 874 852 931 mature
874 862 970 950 plena
992 862 1131 950 reliquit
1320 861 1371 927 400

341 987 427 1069 Quid
450 987 555 1076 placat
577 997 631 1054 aut
653 985 728 1053 odio
752 995 817 1062 004,
841 984 931 1073 quod
952 1005 1017 1050 non
1039 983 1194 1051 mutabile
1216 982 1345 1052 eredas?

363 1157 420 1208 400.
438 1157 558 1218 relinquit
569 1157 597 1206 C.
619 1155 658 1218 (Et
669 1157 707 1206 sic
719 1154 774 1204 duo
786 1155 863 1204 leae.
882 1157 914 1207 Ut
926 1167 987 1216 nos,
1006 1157 1098 1214 000404,
1116 1155 1243 1216 4404440004,
1255 1154 1347 1206 Sabmi-

330 1232 366 1283 dii
383 1231 496 1294 omnes.)
517 1258 545 1268 -
564 1230 622 1280 404.
641 1231 712 1292 Quod
724 1230 931 1291 040004--0040
946 1244 998 1280 non
1015 1244 1039 1282 c.
1064 1257 1088 1266 -
1107 1230 1165 1280 4044.
1184 1231 1346 1292 000400100-

326 1313 384 1370 ptos
400 1305 467 1356 04400
477 1321 509 1369 φ,
528 1307 640 1368 scriptos
651 1319 666 1356 e
679 1304 778 1356 Codice
791 1305 820 1369 (i)
832 1304 932 1355 Bartbii
950 1304 1069 1368 (advers.
1085 1304 1127 1367 37,
1140 1304 1192 1367 aa.)
1211 1303 1344 1362 Bentleins;

296 1446 428 1509 8000000444
444 1446 506 1508 oet]
531 1444 664 1496 «Tabulas
681 1446 766 1510 040400
783 1447 825 1495 04·
862 1443 934 1508 quod
957 1445 983 1495 in
1006 1445 1101 1508 quovis
1123 1457 1225 1508 genera
1247 1442 1372 1508 pulchrum

297 1521 445 1572 tentissime
462 1521 607 1584 spectavit,
633 1521 668 1569 ita
686 1522 716 1569 ut
732 1518 825 1569 oculos
862 1521 903 1569 est
921 1521 948 1569 et
963 1517 1130 1583 perlectum,
1149 1521 1310 1568 Graecorum
1324 1520 1372 1566 004-

297 1595 539 1658 cogitationemque
561 1594 595 1645 ab
618 1595 649 1645 iis
671 1595 715 1644 vix
733 1608 825 1645 remo·
861 1594 913 1644 mis
938 1594 1047 1644 insitum
1068 1595 1150 1656 atque
1173 1594 1305 1652 40004000,
1327 1603 1371 1654 qne

294 1682 359 1719 uere
377 1671 482 1733 posset,
510 1681 573 1719 eum
598 1667 699 1733 pulchri
717 1671 823 1733 species
861 1667 930 1718 duce
958 1669 1042 1716 totum
1068 1668 1166 1716 artium
1192 1663 1297 1717 κύκλον
1314 1668 1371 1716 intra

297 1745 378 1806 atque
409 1741 545 1807 exemplar
576 1743 602 1792 in
632 1743 740 1794 intimos
766 1745 823 1794 eius
860 1754 961 1806 paucas
977 1743 1079 1791 aetates
1095 1742 1131 1791 ita
1149 1741 1330 1798 excoluerunt,
1348 1743 1372 1788 04

297 1815 409 1868 allectus
426 1820 619 1881 penetrasset·
640 1815 746 1880 44404400)
764 1818 824 1881 Hes·
859 1817 887 1866 in
904 1829 1010 1881 quaque
1026 1819 1084 1865 0040
1095 1829 1235 1867 summum
1246 1816 1372 1880 00040000

297 1897 344 1942 4040
358 1891 577 1942 wonneberaurcbt
588 1905 631 1941 mn
643 1891 761 1943 Gemdlde
777 1895 824 1942 den
860 1891 901 1940 nis
912 1891 1018 1954 apicem
1036 1893 1169 1940 tenerent.
1185 1917 1213 1926 —
1228 1891 1291 1952 Quid
1303 1890 1371 1952 040004

296 1965 366 2015 aim
382 1967 434 2015 aad
450 1967 489 2016 die
505 1967 580 2016 Seele.
599 1967 713 2016 0400000.
730 1993 758 2002 -
772 1967 824 2016 ool-
861 1963 924 2028 cet]
943 1965 1000 2014 «Ex
1017 1965 1152 2014 humanae
1170 1969 1280 2014 naturae
1295 1961 1372 2014 condi·

296 2043 350 2088 4000
369 2039 537 2102 0000000000]
563 2041 623 2091 Tac.
643 2042 707 2091 Hist.
725 2043 756 2103 4,
774 2042 821 2091 85:
861 2039 938 2089 cione
964 2037 1028 2089 nibil
1044 2040 1071 2089 in
1089 2043 1254 2103 perpetuum
1268 2041 1311 2088 004
1323 2036 1371 2101 pla·

295 2113 410 2161 0000000
425 2114 568 2175 vatemque
578 2117 709 2164 conversis.
726 2143 753 2152 -
769 2115 824 2165 tibi-
861 2117 904 2164 oet
921 2117 967 2164 aut
983 2115 1134 2178 spernitur;
1154 2115 1227 2165 baud
1243 2116 1317 2178 igitur
1329 2111 1370 2161 mi-

295 2186 401 2247 0404000]
419 2199 486 2236 00οε
507 2188 690 2249 :comoediam
709 2192 739 2239 ut
755 2202 824 2240 non·
860 2202 920 2240 rum
938 2191 991 2249 004,
1010 2189 1033 2239 04
1050 2191 1146 2240 000004
1164 2203 1271 2254 quoque
1287 2187 1370 2237 00000

295 2258 359 2310 nulli
376 2261 542 2324 interpretati
558 2264 633 2322 0004,
653 2262 714 2312 sed:
735 2276 825 2326 «sym-
860 2262 894 2313 ad
911 2261 1370 2329 aliamertempraecipueoolendam

295 2333 469 2398 phonlacis‚»
488 2349 521 2384 er
533 2334 630 2397 quibus
642 2349 726 2387 unum
739 2350 823 2400 genus
860 2339 1047 2388 transierunt.»
1065 2339 1121 2388 lloc
1137 2351 1232 2397 versu¹
1251 2339 1272 2387 si
1284 2335 1340 2400 quid
1348 2336 1369 2382 in

296 2407 425 2458 nominat.
454 2410 533 2459 Corn.
548 2411 613 2474 Nep.
627 2410 821 2475 Epamin.2,l:
861 2415 1024 2462 Graecorum
1042 2412 1138 2464 studiis
1159 2415 1250 2464 inesse
1265 2411 1370 2461 videatur

295 2483 408 2532 00004400
424 2484 473 2544 040,
494 2489 523 2533 ut
539 2497 611 2534 00000
630 2485 756 2535 Thebanus
764 2499 824 2535 mo-
859 2483 974 2535 levitatis
990 2488 1071 2549 atque
1088 2486 1294 2547 inconstantiae,
1312 2495 1369 2547 quo-

294 2560 341 2623 040.
371 2559 439 2608 Nom
464 2564 487 2609 et
507 2559 661 2632 044400400νο
677 2565 700 2609 04
719 2565 824 2610 coelare
861 2559 1006 2609 dammodo
1032 2563 1150 2610 excusat.
1186 2561 1304 2611 Scbtltzio
1324 2556 1340 2606 l.
1353 2555 1367 2604 4.

295 2635 330 2684 ed
354 2634 506 2684 abundarem
531 2647 619 2684 renum
644 2636 729 2684 00000
749 2640 784 2684 004
806 2649 824 2685 0
860 2633 1018 2685 subditicius
1035 2634 1193 2696 videbatur,
1220 2637 1292 2699 quia,
1312 2643 1369 2696 quo-

295 2709 417 2770 04000040
429 2735 481 2770 --,
502 2713 608 2760 cantore
617 2709 684 2758 tibiis
695 2709 727 2758 ab
737 2710 823 2771 04000-
861 2707 941 2759 modo
959 2722 1022 2760 cum
1043 2709 1267 2772 praecedentibus
1282 2719 1369 2759 00000-

291 2782 414 2845 madero,
441 2783 536 2832 saltare
561 2797 579 2832 o
604 2783 772 2846 0004000000.
793 2811 821 2820 -
861 2786 987 2848 claretur,
1001 2796 1096 2848 perum
1105 2785 1292 2849 perspiciebat.
1308 2781 1367 2833 lilim

296 2855 430 2919 4000004440]
449 2855 601 2907 «actoribus
613 2857 721 2920 tragicis
734 2855 825 2907 simul·
860 2858 1002 2909 lectionem
1025 2860 1078 2908 mei
1095 2858 1204 2911 Codicis
1220 2873 1243 2922 c,
1262 2855 1367 2909 04400040

295 2941 348 2992 que
362 2927 457 2978 fabulis
471 2929 547 2992 ipsis,
561 2943 628 2993 quas
640 2931 781 2995 agebant·
793 2957 821 2968 -
861 2933 1023 2997 [eugeniano
1034 2936 1180 2997 repertam,
1194 2931 1367 2984 commendans

295 3003 347 3052 Sub
363 3002 468 3067 0040400]
492 3005 668 3056 «moderante
686 3009 822 3069 nutricc‚»›
861 3009 899 3059 aio
916 3006 1069 3071 explicavit:
1090 3007 1176 3068 «Quid
1189 3021 1294 3067 eorum,
1310 3015 1367 3068 (0140

296 3079 326 3126 04
343 3077 408 3141 4300.
423 3078 452 3138 4,
469 3079 510 3138 46,
523 3079 568 3128 77:
587 3093 661 3130 mano
678 3087 701 3131 te
716 3082 761 3131 000
777 3097 825 3132 00-
860 3080 902 3131 vel
914 3079 1021 3145 placent
1031 3079 1073 3132 vel
1084 3081 1238 3146 displicent,
1255 3081 1366 3147 perpetuo

296 3151 365 3200 stede
382 3151 474 3200 tenebo.
504 3153 625 3203 Nutrices
643 3157 733 3206 autam
750 3157 823 3221 apud
860 3155 967 3221 placare
989 3155 1167 3220 displicarave
1184 3159 1293 3222 puteal·
1314 3155 1366 3202 Sen-

295 3224 420 3287 antiquos
445 3225 561 3289 primum
588 3225 643 3278 4000
665 3243 716 3293 000
740 3231 824 3281 40400-
860 3231 1043 3295 tentiaprope
1061 3230 1229 3292 eademst,
1248 3228 1365 3289 sedlonge

296 3300 371 3351 nium
396 3300 508 3351 inientes
534 3299 701 3362 educabant;
727 3307 823 3368 postea
860 3303 1006 3367 elegantior
1043 3304 1102 3368 ipsa
1142 3307 1240 3356 44οο0444
1277 3313 1364 3354 manus.

296 3377 327 3427 iis
338 3375 485 3440 paedagogi
498 3374 639 3438 dabantur,
656 3379 736 3429 etiam
748 3379 824 3429 40004-
859 3377 1011 3429 Sobmidius
1028 3384 1167 3443 comparat
1182 3379 1265 3431 Publii
1277 3377 1328 3440 syn'
1341 3387 1362 3422 v-

297 3451 353 3512 nis,
380 3451 410 3500 ut
433 3452 506 3501 00040
524 3451 668 3515 Antigonae
686 3454 712 3504 in
730 3455 820 3518 Eurip.
859 3455 916 3506 386.
936 3454 1035 3504 Bothe:
1053 3454 1193 3506 4000004000
1204 3455 1312 3512 04444004,
1325 3449 1364 3499 aiil

296 3525 397 3574 Phoen.
413 3553 441 3564 --
457 3526 538 3590 004444]
558 3528 586 3576 ln
603 3540 683 3591 prose
700 3541 740 3578 or.
758 3541 823 3592 pro-
858 3530 926 3589 qood
941 3529 1155 3591 resciscerem.
1171 3557 1198 3566 —
1216 3527 1274 3591 Hoc]
1288 3526 1362 3575 allum

298 3596 340 3646 cul
366 3597 450 3648 dubio
476 3601 627 3664 scripsisset
646 3601 763 3664 petierat.
793 3627 820 3638 -
859 3599 1362 3654 00004000004400000000000040044000.1

297 3675 398 3720 mature
412 3672 496 3736 pleno]
520 3675 562 3724 Sic
579 3675 672 3738 iunge,
696 3688 750 3725 000
764 3688 823 3724 mo-
861 3703 888 3713 —
903 3676 990 3740 paces]
1009 3678 1081 3725 Non:
1100 3676 1221 3727 adivema
1238 3676 1306 3740 pacis
1319 3671 1362 3720 loe·

296 3749 354 3793 4000
368 3745 479 3807 reliquit,
498 3747 570 3809 quod
587 3750 716 3812 ingratam
734 3748 824 3800 044400-
860 3751 955 3813 dem,-
973 3750 1035 3802 sed:
1057 3751 1138 3800 «bono
1155 3749 1248 3814 (dulcia
1260 3741 1360 3810 0400004

297 3819 340 3867 004
356 3811 502 3869 ἀντίθεσιν
518 3833 561 3871 vv.
574 3825 750 3886 cupidepatiit.
777 3825 823 3875 Est
859 3825 933 3888 pacis
955 3828 1076 3890 tempore
1100 3828 1127 3876 et
1150 3824 1252 3876 artibus
1267 3825 1292 3873 et
1305 3820 1360 3868 ritae

296 3893 395 3942 autem:
414 3887 822 3966 «delaopogmeleritersatiata
859 3898 1008 3949 commodis
1032 3900 1164 3964 imprimis
1189 3897 1318 3949 40000440·
1338 3917 1359 3925 -

298 3967 436 4029 00000400
456 3983 523 4030 000,
547 3973 576 4020 04
592 3970 633 4021 0444
651 3971 754 4032 volunt,
769 3987 822 4034 po-
857 3973 973 4034 00044000
987 3973 1096 4037 caecidi]
1114 3969 1359 4037 «prosperitatum

296 4041 353 4092 0440.
383 4043 493 4106 Egregie
518 4044 559 4095 hls
581 4058 624 4095 vv.
641 4047 765 4111 exprimit
780 4048 822 4096 in·
858 4048 910 4096 hoc
927 4047 1028 4106 0440044,
1051 4050 1081 4097 04
1095 4046 1140 4097 4044
1156 4046 1237 4098 modo
1253 4044 1360 4101 40040000

296 4114 427 4178 inutilem,
446 4117 636 4180 claudicem,
655 4124 682 4170 at
693 4119 820 4171 mobilem
858 4135 920 4172 cum
929 4135 1058 4174 successu
1067 4124 1159 4174 Graeci
1171 4117 1315 4172 liberalibus
1324 4123 1360 4160 44·

296 4203 328 4242 00
344 4205 428 4258 prope
440 4191 617 4244 ludibundum
630 4207 741 4246 0000000
753 4197 820 4259 0400,
857 4195 929 4248 tibus
951 4208 1061 4262 operam
1078 4196 1206 4254 darentm
1231 4189 1332 4253 imagine
1346 4195 1359 4230 ⁸
1419 4202 1420 4247 4
