2925 4892
571 381 630 432 tta.
649 381 681 430 11.
717 380 785 432 stt.
805 381 824 430 i.

191 539 391 626 Composni,
415 557 493 624 pars
514 555 590 604 esse
611 545 701 623 putat
723 534 912 623 similesque
934 557 1081 604 meorum

191 659 281 727 tiilie
303 659 358 726 die
379 679 496 726 versus
517 657 636 724 deduci
658 677 766 744 posse.
811 656 953 734 Trebati,

191 781 282 861 Quid
296 780 425 857 inciam,
448 778 647 868 praescribe.
670 778 839 858 Quiesoas.
862 781 908 846 Ne
924 779 1053 857 inciam,
1077 780 1200 868 inquis,
1223 781 1244 844 a

191 903 335 969 Omnino
357 901 498 968 versus?
519 900 589 966 Aio.
632 901 771 966 Peream
792 899 892 978 male,
917 901 945 966 si
967 921 1032 967 non

191 1023 361 1110 Optimum
381 1032 465 1090 erat:
488 1041 605 1088 verum
627 1041 757 1109 nequeo
780 1020 931 1089 dormire.
976 1024 1038 1089 Ter
1058 1023 1144 1090 uncti

189 1147 391 1211 transnanto
412 1141 569 1219 Tiberim,
598 1163 713 1208 somno
735 1141 856 1230 quibus
879 1152 929 1210 est
950 1163 1034 1230 opus
1056 1142 1135 1220 aito,

214 1325 391 1388 &didacip

142 1477 176 1534 4,
196 1473 228 1532 4,
248 1472 290 1522 at.
311 1501 339 1510 -
357 1471 453 1536 Loquor]
471 1475 548 1523 utri.
567 1473 596 1521 P.
615 1471 675 1522 iat:
717 1472 919 1534 toncvivebat,
947 1473 1036 1526 hilaris
1053 1475 1131 1526 etad
1153 1477 1242 1528 iocum

140 1549 233 1611 operis
249 1548 305 1608 ica,
330 1547 435 1610 «regula
453 1551 480 1598 ct
496 1548 563 1597 ratio
580 1547 678 1598 satirae
716 1545 851 1597 urbanum
868 1548 999 1612 imprimis
1016 1549 1116 1610 iactus,
1135 1551 1243 1602 Horatio

141 1625 314 1674 Romanae.»
334 1646 362 1658 -
384 1623 491 1686 mdorc]
514 1624 605 1684 imago
629 1619 679 1672 de-
716 1622 780 1670 tnnc
799 1621 897 1672 XXXV.
916 1634 1000 1673 annos
1017 1625 1079 1673 nato
1096 1635 1161 1675 sane
1183 1625 1243 1689 pia-

140 1699 259 1760 sumpta
276 1709 293 1744 a
310 1695 409 1747 fidibus
433 1695 509 1758 lyrae
531 1695 573 1747 vei
598 1708 678 1746 arcas
716 1707 789 1756 cere,
802 1693 858 1756 vel,
878 1696 900 1745 si
918 1695 1150 1758 iamdecesserai,
1169 1703 1242 1762 grata

141 1772 242 1821 nervia
260 1771 372 1822 nimium
382 1771 500 1821 intentis.
534 1771 577 1821 Sic
589 1770 638 1820 0d.
652 1771 676 1830 4,
716 1769 774 1819 eius
792 1770 922 1820 memoria
945 1773 1040 1835 poetae
1063 1783 1173 1823 manere
1193 1773 1243 1824 de-

141 1850 176 1905 4,
195 1844 245 1896 at:
263 1845 363 1894 tandm
378 1843 502 1894 barbiton.
537 1845 584 1894 «iii
601 1844 679 1906 igitur
715 1842 808 1895 bebai.
959 1847 961 1854 ’

140 1919 300 1970 adversarii
317 1918 483 1970 contendunt
496 1919 591 1970 satims
601 1931 678 1968 meas
749 1919 804 1968 5-7.
820 1919 971 1984 promitto]
989 1921 1035 1972 Est
1050 1920 1166 1973 verbum
1181 1935 1243 1986 pro·

140 1995 230 2044 nimis
247 1992 390 2043 mordaces
406 2004 492 2057 prope
509 1991 633 2043 abessen
646 1990 679 2041 ii·
715 1993 804 2056 prium
822 1993 855 2043 de
875 1995 948 2046 ictis.
969 1995 1023 2045 Cic.
1037 1997 1108 2046 Orat.
1122 1996 1163 2057 44,
1178 1996 1239 2047 444;

141 2065 227 2118 beiiis
252 2066 387 2117 tamesis.»
408 2094 435 2103 -
453 2066 507 2117 rim
527 2067 622 2128 nouo]
644 2070 674 2116 Α.
715 2067 776 2128 outa
791 2079 905 2128 anquam
926 2067 1061 2130 dubitavit,
1090 2071 1151 2132 pitin
1169 2071 1196 2121 in
1214 2083 1243 2120 rc

140 2146 173 2194 P.
195 2143 265 2192 32⁰:
294 2141 348 2192 sitta
360 2142 471 2204 pondero
486 2146 511 2191 ct
526 2146 589 2190 oetc.
619 2141 679 2190 «ot-
712 2141 814 2203 publica
829 2147 917 2193 nostra
929 2144 1029 2204 primas
1044 2144 1185 2206 oioqrtentitt
1204 2150 1242 2196 tr-

141 2221 213 2268 cunt
229 2229 329 2267 versus
344 2229 422 2268 meos
438 2214 536 2266 nuliius
548 2227 608 2266 esse
620 2228 679 2266 mo·
714 2217 799 2266 suant
814 2229 910 2280 ieamer
925 2217 1030 2267 wbnnir
1043 2219 1193 2280 pacatisque
1202 2231 1242 2268 ro·

141 2293 233 2344 menti
259 2295 289 2342 et
314 2303 406 2341 carere
434 2290 536 2342 viribus
562 2290 676 2353 ingenii,
714 2291 772 2353 baa,
790 2293 910 2342 secundas
927 2293 991 2342 torn
1006 2293 1128 2342 miratio?
1144 2293 1239 2342 cumin

142 2367 232 2427 adeo,
259 2368 291 2415 ut
311 2365 396 2429 quivis
419 2363 487 2415 iaciii
510 2377 593 2428 opern
610 2362 677 2414 teies
714 2367 798 2418 attera
823 2367 940 2430 qratiot,
969 2365 1083 2430 ρὶοήω,
1115 2367 1242 2429 praesidii

142 2441 279 2491 effutiat.»
314 2441 456 2490 Praeterea
478 2439 551 2488 haud
575 2439 678 2503 impro-
709 2441 850 2503 plurimum
860 2446 933 2500 ceren
951 2441 1073 2490 incitem
1086 2443 1241 2503 praescri-

142 2513 240 2564 bnbiie
264 2514 306 2562 eat
322 2526 338 2562 a
355 2511 488 2563 nonnuliis
509 2512 677 2563 desideratos
711 2517 857 2577 pitanam
881 2515 1074 2576 cmttioownqac
1096 2515 1240 2577 praeceptio

143 2601 210 2639 csse
227 2590 257 2636 in
274 2588 382 2637 Horatio
393 2585 464 2637 sales
475 2585 532 2637 iiios
543 2585 678 2637 Plautinos
716 2593 768 2640 cet.
789 2617 817 2626 -
837 2587 960 2652 ouicrcar]
979 2589 1046 2640 Cum
1064 2590 1166 2639 comica
1182 2602 1242 2652 gra·

143 2676 181 2713 ac
197 2661 364 2719 Lucilianos.
382 2661 428 2724 qui
445 2661 495 2724 ipsi
511 2660 584 2710 haud
597 2661 677 2710 nimis
714 2665 795 2713 vitate
821 2665 897 2712 lctus
927 2661 1101 2722 brevissime,
1133 2660 1241 2724 singuiis

142 2734 306 2800 placebant.
335 2734 452 2798 ideoque
477 2732 512 2784 ab
541 2735 583 2786 his
607 2736 678 2784 tam-
716 2750 800 2802 prope
823 2735 914 2786 verbis
934 2747 1062 2799 parcens,
1083 2734 1238 2798 respondet.

143 2824 232 2874 quarn
250 2822 381 2860 enervem
397 2807 588 2873 elumbemque
610 2813 678 2873 poe·
716 2814 833 2874 Quiescas
849 2811 921 2860 idem
944 2810 1001 2860 iere
1019 2811 1062 2859 est
1084 2807 1157 2871 quod
1175 2807 1242 2858 «de-

143 2889 203 2936 tam
219 2884 420 2947 reprehensum
442 2896 512 2934 ease.
548 2883 602 2933 cir.
621 2884 675 2932 sat.
716 2890 813 2939 sinas».
857 2887 962 2937 Terent.
987 2885 1069 2936 Andr.
1098 2884 1165 2935 Prot.
1189 2887 1238 2936 tt:

145 2970 179 3028 4,
198 2967 248 3027 ro,
262 2966 303 3016 43.
318 2993 346 3002 -
359 2965 454 3029 ddum]
470 2965 595 3016 anendo.
609 2966 676 3028 Epp.
714 2964 824 3024 Dehine,
842 2968 871 3012 ut
887 2963 1015 3025 quiescant
1027 2975 1123 3024 porro,
1140 2973 1239 3022 moneo,

145 3040 676 3103 2‚i‚22ti:tcncidodrtctopoemctcttto.
716 3043 739 3087 ct
755 3035 1042 3088 deonantdiaiodiccrc
1062 3063 1089 3072 —
1112 3037 1241 3086 Pcrcorn-

145 3114 224 3166 ovid.
234 3115 393 3174 Pont.i‚5,
406 3114 451 3164 tc:
471 3115 680 3164 tactordedacerc
714 3113 738 3162 ti
754 3112 815 3174 oet]
835 3111 887 3162 Cir.
906 3113 960 3161 Sat.
974 3111 1005 3172 4,
1023 3111 1054 3170 9,
1073 3109 1114 3161 38.
1131 3137 1155 3149 -
1172 3111 1240 3172 opti-

144 3189 680 3253 orm.1nvcn.i,ti.depo·eta:oot
715 3186 798 3250 mom]
830 3185 879 3236 «ad
909 3185 1065 3236 devitandas
1087 3185 1241 3236 insectatio-

145 3266 211 3315 nitii
225 3263 370 3326 aperituri
386 3263 464 3312 want
482 3264 609 3314 dedrrcm.
636 3263 679 3313 Sic
716 3273 764 3311 nes
785 3260 937 3324 iniquorum
959 3272 1109 3310 meorum.»
1130 3287 1157 3297 -
1175 3260 1239 3321 wat]

147 3340 244 3390 Graeci
263 3333 374 3409 κρόκην
389 3334 534 3402 κατάγειν.
569 3338 676 3388 Lucian.
715 3335 792 3386 coni.
810 3348 835 3384 v.
855 3335 895 3384 46.
917 3361 944 3370 -
958 3332 1075 3397 demetra]
1095 3333 1150 3393 «Si,
1168 3345 1239 3396 quae

148 3413 378 3473 iiiai,meretr.6,
403 3412 425 3461 4.
453 3411 679 3462 Simiiitardricm
715 3409 805 3458 animo
827 3405 930 3467 voluto,
955 3405 1078 3456 versibus
1103 3403 1240 3456 includere

147 3489 201 3537 Sat.
215 3490 247 3547 4,
266 3487 309 3546 iii,
326 3484 368 3537 44.
390 3513 418 3522 -
441 3485 546 3550 iictatd
564 3487 593 3536 C.
612 3486 679 3535 Tre-
715 3485 806 3545 vetor,
825 3481 893 3532 adeo
904 3481 1049 3544 inquietor,
1062 3479 1240 3530 utinsomniia

147 3561 237 3611 battus
255 3560 348 3620 Testa,
374 3560 462 3610 iunior
480 3561 583 3610 amicus
600 3560 679 3609 Cice-
715 3558 835 3620 fatiger.»
874 3555 922 3606 iiii
944 3553 1089 3618 explicant:
1119 3565 1240 3616 «nequeo

148 3635 237 3696 ronis,
257 3635 313 3698 (qni
328 3633 365 3683 ad
381 3635 454 3684 Fam.
468 3635 497 3695 7,
516 3636 545 3696 5,
563 3633 588 3683 3.
613 3634 679 3684 Cae·
715 3644 837 3692 cessero,
856 3632 1031 3681 turnasset
1056 3628 1157 3678 Verum
1174 3629 1241 3678 Tre·

148 3711 204 3760 sari
225 3709 262 3758 dc
284 3721 318 3760 eo
343 3707 510 3773 spondebat,
534 3708 679 3771 probiorem
715 3704 804 3756 battus
822 3707 894 3756 certe
911 3705 1019 3769 proprie
1036 3703 1147 3767 accepit.

149 3784 288 3845 men,
306 3783 434 3834 maereo
448 3783 546 3844 mnan,
564 3783 679 3845 pntdert-
748 3781 804 3831 4-9.
833 3780 878 3830 Ter
887 3780 956 3830 uncti
968 3777 1132 3841 Transmonte]
1144 3778 1238 3840 lunge:

149 3858 454 3907 marnensium.
487 3857 679 3908 Accedttctiom
716 3852 1165 3916 Tortraomcnto,non:i'errtocti.
1193 3852 1241 3901 iiic

149 3932 228 3979 --is
243 3931 303 3981 turc
317 3931 676 3994 eivitmpntars'smcmorio,
715 3942 824 3993 quoque
851 3927 941 3992 legum
969 3939 1124 3979 sermonem
1154 3925 1240 3976 tacete

148 4017 251 4054 murto
265 4004 392 4069 ccimtio)
409 4004 533 4056 tribunum
549 4002 586 4069 pl.
604 4018 629 4055 a.
649 4019 675 4054 n.
715 4005 841 4055 imitatur.
876 4004 1002 4067 vegetius
1026 4001 1059 4052 de
1081 4003 1118 4052 lie
1136 3998 1190 4050 mil.
1209 4001 1238 4060 4,

151 4079 258 4139 cm,
278 4081 389 4129 anctore
406 4081 480 4129 certe
498 4079 588 4142 Pighio
605 4079 633 4128 Τ.
651 4080 675 4128 3.
716 4080 762 4129 tii:
789 4077 897 4128 iiorncni
912 4083 1017 4139 veteres,
1045 4089 1106 4138 quos
1122 4079 1158 4124 tot
1178 4074 1242 4124 tetta

151 4167 179 4217 p.
195 4151 266 4214 itt..
283 4166 309 4202 a.
321 4166 349 4203 u.
363 4166 387 4204 c.
400 4151 459 4204 iti.
477 4153 679 4204 senencircitor
715 4157 740 4203 ct
754 4152 874 4202 continuo
894 4152 1010 4214 peracta
1030 4151 1065 4201 od
1085 4161 1182 4200 maimo
1202 4149 1242 4198 roi

152 4227 385 4291 septuagenarius,
404 4224 448 4278 rei
459 4227 532 4292 ipse,
550 4228 572 4278 si
585 4229 679 4278 etiam-
694 4275 699 4285 ,
714 4227 834 4277 namara
849 4226 995 4278 medicavit
1005 4230 1099 4286 arten,
1118 4224 1241 4284 conam
