2925 4892
288 353 348 419 722
446 362 451 371 ·
772 350 900 402 nonani

329 512 456 590 Quanto
478 508 597 575 modus
619 506 689 580 hic,
712 506 769 592 qui
791 504 835 569 nil
857 503 987 570 molitur
1009 504 1131 591 inepte:
1305 502 1356 569 iit

333 631 418 696 allio
439 626 525 703 mihi,
549 628 648 702 llusa,
671 627 785 701 vimm,
809 634 923 712 captae
945 633 1019 711 post
1040 634 1187 712 tempore
1209 624 1314 691 Troiae

333 750 420 831 «Qui
443 768 551 815 mores
573 746 739 814 hominum
760 744 934 811 mdiorum
954 745 1034 811 vidit
1055 756 1088 811 et
1108 744 1237 813 nrbes.''

354 963 410 1014 444.
429 967 487 1023 post
501 962 600 1011 moenio
622 974 683 1011 cum
702 960 801 1010 Codice
819 962 960 1024 pervetere
978 960 1042 1009 Ach.
1056 960 1143 1019 Statii,
1162 960 1330 1023 vigorniensi,

319 1038 406 1101 Regiis
432 1034 549 1097 dnobus,
578 1036 644 1084 Fene
671 1048 724 1083 uno
750 1035 777 1083 et
802 1034 908 1083 Ausonii
934 1034 1060 1084 Periocha
1077 1036 1096 1083 l.
1117 1034 1188 1083 Libri
1206 1034 1331 1097 Odysseae

321 1108 467 1169 Bentleius,
482 1114 540 1171 post
553 1109 645 1171 [ιοιοτο
661 1106 783 1157 eiusdem
801 1106 883 1157 dubia
901 1108 1026 1171 suspicio.

287 1306 395 1355 ditativa
419 1305 493 1353 recte
514 1304 611 1351 vocant
631 1300 811 1359 Grammatioi,
851 1301 972 1351 manum
983 1303 1114 1351 convertit
1121 1303 1254 1364 pronum,
1267 1314 1322 1352 cum
1332 1302 1359 1352 sit

289 1381 369 1429 etiam
386 1379 412 1426 in
429 1378 515 1440 primo
532 1380 653 1439 tempore
666 1374 812 1424 tuturivim
851 1370 1080 1438 πολύπλαγκτος,
1107 1377 1153 1425 der
1174 1376 1225 1425 uisi
1244 1377 1358 1438 mpe-

288 1451 397 1503 hahent
418 1451 537 1501 Ροτοτίο
548 1448 660 1514 perinde
672 1452 725 1507 est,
745 1460 777 1497 ac
789 1448 812 1497 si
849 1449 969 1510 maome,
989 1448 1078 1513 potius
1095 1462 1178 1513 quam
1195 1452 1320 1500 versutus.
1335 1476 1356 1485 -

287 1526 362 1575 dieas
373 1523 623 1589 emeditorparere‚
641 1521 705 1571 inihi
719 1522 770 1581 est,
783 1521 812 1569 ut
847 1523 946 1583 saeuum
956 1546 970 1559 -
986 1546 1000 1558 -
1014 1522 1093 1588 [νοω]
1118 1525 1229 1575 Lucian.
1255 1525 1315 1574 lim.
1330 1524 1356 1570 i:

288 1600 420 1663 pariam»
454 1599 492 1648 lta
515 1610 585 1661 quae
601 1596 695 1645 Graeci
711 1592 812 1645 ἐπιθυ·
843 1588 967 1646 {lnam
978 1592 1032 1667 γὰρ
1044 1594 1233 1668 ταῦταλῆρος
1244 1591 1358 1661 &dorien-

287 1668 405 1737 μητικά,
418 1672 593 1730 desiderum
603 1666 811 1719 vocaniinsm
849 1670 1019 1734 adrumetini
1035 1666 1170 1733 καπνὸς
1182 1664 1358 1735 ποιητικὸς

288 1747 425 1805 exeuntia,
450 1744 715 1809 (redimitorum,
734 1740 811 1811 βρω-
848 1738 975 1806 ἀτεχνῶς
984 1736 1038 1806 ἔξω
1048 1742 1099 1794 τοῦ
1109 1741 1241 1810 πατάγου
1249 1738 1358 1793 adraim

288 1822 367 1880 aeto,
380 1817 573 1884 πολεμησάω,
583 1820 695 1877 χεσείω,
708 1816 810 1867 habere
847 1812 957 1881 μάτων.
975 1842 999 1855 ·-
1014 1818 1136 1881 strigore-
1147 1845 1162 1855 -
1171 1818 1263 1881 lm]
1279 1818 1359 1879 Ftiiysr

287 1894 412 1945 dicuntur
427 1887 559 1957 ἔμφασιν
574 1890 627 1943 τοῦ
643 1890 808 1955 μέλλοντος,
849 1893 892 1941 est
908 1889 998 1941 lumen
1016 1889 1134 1941 subitum
1152 1896 1182 1943 et
1197 1891 1358 1954 oculosprae·

285 1968 490 2031 etpotytcotiooem
506 1967 612 2029 mori.»
630 1966 731 2027 Burri..)
761 1966 810 2023 Qui
848 1967 996 2029 stringens,
1024 1978 1085 2015 mox
1111 1968 1203 2017 tamen
1228 1968 1254 2016 in
1270 1966 1357 2015 inmun

285 2042 404 2091 laturum
415 2040 579 2104 praeierunt,
598 2039 671 2089 haud
681 2038 750 2089 male
763 2052 810 2088 ex·
847 2041 980 2102 ingratum
991 2039 1133 2099 desinens;
1149 2043 1243 2091 eontra
1254 2041 1298 2089 loe
1306 2050 1358 2088 oea·

285 2113 399 2177 plicant:
427 2114 516 2173 «liet,
534 2113 607 2176 quod
624 2113 651 2161 in
667 2111 810 2175 proverbio
848 2111 879 2163 lis
901 2115 990 2176 greta3
1013 2114 1071 2163 sine
1090 2114 1223 2177 imagine:
1250 2112 1356 2163 «initium

286 2190 352 2237 cst.-
367 2210 395 2221 -
412 2187 536 2235 4444444444
544 2185 608 2248 mro]
626 2186 731 2244 Quintil.
744 2186 770 2245 44,
784 2185 808 2245 3,
849 2184 1357 2251 splendidumacprupearrogans‚quod

287 2260 331 2310 is:
355 2260 475 2318 litemus,
493 2264 518 2308 ot
531 2260 634 2318 merito,
652 2270 734 2319 nuper
746 2261 811 2319 pod'·
848 2262 945 2325 excipit
956 2261 1071 2312 narratio
1083 2262 1162 2311 taedii
1174 2262 1267 2326 plena;
1279 2260 1356 2311 eonht

285 2338 351 2394 lom,
364 2333 698 2395 qoidtoerotl‘raetextam
709 2331 736 2380 in
745 2331 810 2381 cista
848 2335 951 2385 initium
973 2333 1085 2398 simplex
1105 2337 1132 2383 et
1153 2348 1240 2399 propa
1263 2330 1354 2388 humile.
1427 2326 1428 2331 ἵ

285 2420 378 2457 mures
401 2418 494 2456 rosere
521 2404 630 2455 Camilli.
663 2405 695 2454 At
713 2406 811 2468 Virgilii
849 2409 921 2471 quod
938 2408 1060 2471 egregiae
1075 2410 1243 2459 narrationes
1254 2418 1356 2471 sequun-

284 2482 411 2530 miromra·
433 2480 510 2540 idad,
540 2506 566 2515 —
593 2490 675 2541 saepe
700 2479 810 2541 exiguus
849 2486 917 2532 tur.»
932 2510 959 2519 -
977 2483 1255 2545 maciem-miraculo]
1279 2474 1355 2529 aded-

285 2568 356 2606 mua.
370 2557 473 2617 (Georg.
487 2555 511 2613 4,
526 2553 593 2615 tat.)
610 2554 678 2602 Nom
689 2553 811 2613 mulctari
847 2570 940 2620 ματα,
959 2557 1135 2617 φαντασίας,
1154 2558 1182 2605 in
1199 2556 1300 2619 quihus,
1315 2552 1355 2601 elsi

286 2632 396 2693 exignus
412 2634 500 2691 opium
513 2631 647 2691 proprisos
662 2630 754 2691 effect,
780 2641 811 2678 oe
849 2632 911 2680 sunt
925 2642 969 2679 res
981 2630 1169 2689 miraculosae,
1191 2632 1293 2693 atquae
1304 2636 1355 2675 nar-

283 2706 341 2766 plor
356 2708 569 2766 suspectarentur,
595 2707 619 2751 et
634 2715 708 2752 cosas
723 2704 812 2765 sinpo-
848 2703 1141 2767 ranturdellntiphate,
1162 2706 1355 2764 Laestrygonum

285 2780 349 2827 laris
363 2780 446 2841 mepte
460 2778 554 2837 domii,
577 2781 601 2825 et
624 2776 740 2825 emunito
755 2777 811 2837 ipso
849 2790 922 2839 rege,
940 2776 1036 2839 Odyss.
1050 2792 1081 2836 κ,
1095 2777 1142 2826 too
1154 2789 1229 2840 eqo,
1241 2775 1272 2825 de
1284 2770 1355 2834 Scylla

284 2854 360 2901 osius
374 2852 498 2911 michae,
521 2862 573 2899 oon
588 2851 696 2911 44444444,
715 2850 812 2899 eddidit
850 2852 933 2912 (cuius
945 2850 1087 2913 imaginem
1105 2849 1217 2901 exhibet
1232 2842 1354 2911 inghirami

285 2926 406 2988 protom.
415 2924 667 2984 imitotwmtttoooe
677 2929 812 2983 umarus
849 2924 906 2973 Gai.
917 2924 971 2973 Om.
983 2925 1024 2973 ill.
1038 2924 1067 2973 Τ.
1077 2924 1127 2984 98.)
1141 2926 1169 2973 et
1177 2920 1307 2984 Charybdi
1314 2917 1353 2967 0d.

285 2997 405 3047 Horatiae
419 3023 445 3033 -
459 2998 586 3046 nascetur
598 2996 726 3047 ridiculus
740 3008 809 3048 mus.
848 3016 884 3063 μ,
901 2998 932 3048 as
944 3009 1016 3060 sqq..
1035 2996 1068 3047 de
1087 2997 1206 3061 Cyclope
1224 2997 1269 3047 0d.
1284 3011 1302 3053 ι,
1317 2992 1353 3041 til

286 3072 325 3120 lle
347 3080 442 3118 versus
467 3067 584 3119 clausula
608 3070 678 3119 conl.
699 3073 766 3121 Aen.
785 3070 810 3131 3,
849 3084 924 3135 sqq„
951 3072 1021 3121 inest
1045 3073 1135 3121 teman
1152 3074 1211 3122 veri
1232 3066 1353 3123 similitudo

286 3143 348 3193 39⁰:
368 3142 474 3191 litoreis
487 3142 575 3204 inpete
590 3142 692 3192 invento
708 3144 752 3193 aab
769 3144 813 3193 ili-
849 3146 960 3209 poetica.
991 3144 1066 3195 Tales
1092 3146 1183 3195 autem
1210 3144 1353 3195 narrationes

285 3217 354 3267 eoo·
369 3228 420 3265 aas.
446 3215 521 3265 ovid.
534 3216 597 3266 liet.
609 3216 635 3275 8,
649 3215 710 3266 359:
729 3217 759 3266 io
770 3218 813 3267 iu-
850 3232 913 3269 vere
938 3219 1056 3281 poetices
1072 3218 1144 3282 apud
1162 3218 1282 3282 Cyclicos
1296 3212 1352 3265 haud

284 3304 357 3341 omes
377 3295 445 3341 certo
466 3290 501 3339 sio
522 3290 612 3351 torpete
625 3290 755 3354 saloim
771 3304 813 3340 rus
850 3292 993 3355 reperias·
1006 3292 1138 3356 -detioeJ
1152 3293 1196 3343 «in
1208 3292 1285 3343 rebus
1295 3288 1353 3337 daia·

285 3365 385 3416 Fertur.
394 3364 480 3426 Atque
491 3362 609 3426 amplam
620 3375 748 3414 versuum
758 3376 814 3415 mo·
851 3378 915 3429 ceps
933 3364 1098 3416 narrandis.»
1117 3366 1191 3416 liano
1208 3369 1279 3417 Ture.
1289 3365 1316 3413 ll.
1330 3372 1350 3423 Ρ-

287 3437 432 3502 nosyllehis
444 3437 577 3488 finitorum
590 3438 744 3500 congeriem
752 3452 815 3503 sup-
850 3439 907 3490 430.

286 3514 388 3576 peditat
402 3513 511 3562 Ausonii
524 3512 772 3575 Technopaegnion.
885 3513 940 3564 446.
958 3514 1010 3563 Nec
1026 3516 1133 3565 4444444444
1149 3514 1274 3564 Diorrredis
1287 3509 1352 3559 4444·

320 3585 443 3636 tis-its.
470 3587 519 3635 Dic
533 3587 595 3635 miti
611 3586 674 3649 cet]
698 3586 728 3635 ln
746 3586 814 3637 duos
851 3590 926 3638 usito
940 3588 1071 3653 lincopia]
1089 3589 1193 3638 Scholia
1213 3590 1276 3637 haec
1290 3584 1350 3635 sunt:

288 3670 383 3708 versus
400 3661 532 3708 contraxit
552 3659 689 3721 Odysseae
706 3659 814 3709 exordi—
852 3661 1000 3725 «Meleager
1024 3666 1052 3713 et
1072 3662 1178 3725 Tydeus
1201 3663 1290 3713 iratres
1306 3656 1351 3707 itt·

289 3742 348 3780 um:
375 3725 479 3801 Ἄνδρα
508 3747 562 3796 μοι
585 3725 700 3792 ἔννεπε,
734 3731 814 3783 Μοῦ-
852 3738 920 3786 runt.
955 3736 1127 3787 Antimachus
1155 3740 1232 3801 poeta
1256 3732 1351 3784 reditum

289 3818 342 3863 σα,
360 3802 557 3874 πολύτροπον,
576 3801 610 3869 ὃς
625 3804 706 3871 μάλα
722 3802 815 3856 πολλὰ
853 3808 987 3861 Diomedis
1004 3822 1115 3860 narrans
1132 3810 1166 3860 eh
1184 3807 1287 3859 exordio
1301 3812 1350 3853 000·

290 3872 447 3945 Πλᾰγχθη,
466 3878 528 3929 ἐπεὶ
539 3882 645 3950 Τροίης
656 3876 734 3952 ἱερὸν
745 3896 814 3931 nro-
853 3883 890 3946 pit
905 3882 1007 3945 primns
1026 3884 1145 3947 originis,
1164 3883 1192 3933 id
1207 3884 1260 3939 est,
1277 3877 1306 3927 ab
1320 3874 1351 3921 in·

290 3950 405 4021 ltadpov
429 3945 544 4022 ἔπερσε,
569 3951 690 4004 Πολλῶν
712 3951 736 4004 δ’
762 3948 815 4004 οἶν-
853 3956 931 4005 teritu
960 3955 1114 4021 Meleagri·
1139 3959 1219 4007 Anao.
1246 3953 1350 4017 [414444444

290 4022 413 4095 θρώποτ
424 4022 483 4075 ἴδεν
493 4020 812 4093 ἅστοακαλνόονῖγνω.
852 4032 944 4094 poete,
971 4030 1069 4093 inquit,
1087 4032 1134 4094 qui
1149 4030 1205 4081 volt
1219 4022 1349 4079 desuibtit

293 4100 591 4165 ct.1·:pp.i,2,ts.,nht
600 4099 815 4173 reclamem
852 4104 968 4155 reditum
985 4104 1135 4166 Diomedis,
1152 4100 1350 4170 principetur·
1422 4122 1423 4149 i

293 4186 359 4236 non,
378 4178 409 4225 ut
423 4176 481 4235 hic,
499 4178 699 4239 praetermittit,
721 4178 772 4227 sed
789 4180 814 4227 in
853 4190 959 4239 corum,
978 4192 994 4229 a
1011 4180 1087 4229 Troia
1105 4180 1132 4229 in
1149 4178 1289 4234 Graoeiam
1307 4177 1348 4219 11⁰⁰
