2925 4892
252 371 314 438 416
612 373 743 424 Hoenrtt
759 371 980 425 Eetsrotnnurt

295 530 401 596 Prima
424 529 510 596 leres
532 527 676 596 hederae
697 529 840 596 victricis
861 529 1016 617 praemia.
1062 526 1186 609 Quodsi
1304 527 1348 590 25

294 649 424 739 Frigida
444 670 597 717 curarum
620 650 762 717 lomenia
784 650 970 739 relinquere
992 671 1125 739 posses,

296 773 368 852 Quo
393 781 424 838 te
446 771 595 838 caelestis
618 773 776 860 sapientia
799 771 949 850 duceret,
975 773 1049 839 ires.

297 895 367 961 lloo
389 913 488 980 opuS,
512 890 575 959 hoo
596 891 739 959 studium
761 894 853 981 parvi
874 913 1090 983 properemus
1112 901 1145 957 et
1166 891 1281 978 ampli,

299 1015 332 1081 Si
355 1015 479 1103 patriae
500 1014 666 1092 volumus,
692 1016 718 1082 si
741 1015 836 1082 nobis
858 1016 968 1082 vivere
990 1015 1067 1081 oeri.

319 1251 361 1301 29.
381 1250 440 1300 tart
457 1262 483 1313 p.
516 1277 532 1286 -
551 1248 591 1299 30.
610 1250 640 1312 rt]
658 1251 690 1299 sit
706 1249 791 1315 bcEp,
808 1263 850 1315 pr.
870 1251 896 1312 s,
912 1247 950 1316 dy
961 1251 989 1300 et
999 1260 1093 1300 omnes
1105 1247 1223 1299 Pettieril
1233 1259 1317 1312 prae-

288 1327 329 1374 ter
342 1334 425 1373 unum
438 1321 508 1385 (lb),
522 1323 585 1373 item
599 1323 650 1374 CO.
670 1323 710 1386 llll
724 1336 784 1386 noe,
796 1323 830 1384 d,
848 1327 881 1387 pe
892 1327 920 1374 et
930 1337 1000 1374 eurr.
1013 1324 1049 1385 s.)
1062 1348 1092 1360 -
1104 1335 1182 1372 eum
1191 1326 1228 1372 est
1237 1321 1319 1372 lient-

287 1399 354 1452 leius
364 1399 526 1450 coniectura.
535 1427 562 1436 -
574 1399 615 1449 34.
628 1399 758 1450 nemetim
768 1399 794 1449 d.
809 1423 837 1434 -
852 1399 893 1449 32.
903 1396 1134 1460 oequiquomboli:
1146 1397 1317 1458 nequequam

254 1625 398 1675 venusmm
423 1624 504 1687 utque
530 1621 638 1686 elegans
664 1623 782 1673 cuiusvis
819 1621 887 1685 gidls
904 1621 961 1672 istie
972 1633 1099 1671 curarum
1115 1620 1257 1680 lomentis,
1275 1633 1350 1683 quae

254 1699 360 1760 generis
378 1710 514 1748 carmena
530 1723 557 1732 -
570 1698 676 1748 bodone
686 1709 784 1759 -prae-
818 1709 887 1747 vana
903 1695 1028 1746 videntur
1043 1697 1153 1760 poetae,
1172 1694 1273 1746 relictis
1290 1694 1353 1745 nul-

253 1775 315 1839 mtu]
334 1775 444 1839 Proprie
461 1773 579 1824 retertur
595 1773 631 1823 ad
647 1774 782 1838 poetieam
818 1770 879 1822 lane
897 1771 1006 1822 omnino
1022 1770 1142 1821 remedia
1159 1769 1291 1821 adbibere
1306 1771 1352 1820 iu-

254 1847 407 1900 laoultatem
428 1851 540 1912 propter
559 1849 708 1908 Bocchum,
737 1847 783 1910 qui
819 1845 900 1896 betur
927 1845 1047 1895 emieusi
1075 1845 1149 1894 Tune
1173 1857 1239 1908 ergo
1264 1857 1350 1896 curae

253 1921 367 1973 Pindaro
385 1921 487 1983 Ditbyr.
507 1923 548 1972 Fr.
567 1922 596 1982 3,
615 1923 640 1972 'l.
659 1924 701 1973 est
717 1936 782 1971 κισ-
819 1933 883 1972 eum
894 1931 993 1970 vexare
1004 1921 1125 1983 pergent.
1161 1919 1262 1978 Quodsi
1272 1920 1351 1970 huno

253 1993 376 2059 σοδέτσς
397 1993 476 2058 θεός.
507 1995 546 2046 Ci.
566 1995 614 2046 0d.
635 1997 665 2056 4,
690 1996 720 2057 4,
738 1996 780 2045 29.
819 2007 931 2047 sensum
947 1995 1098 2058 exprimere
1114 1993 1244 2044 voluisset
1259 1995 1350 2045 llora-

254 2071 321 2121 Tum
337 2083 387 2134 per
404 2082 516 2133 zeugma
527 2071 644 2134 pertinet
656 2071 737 2120 etiam
748 2069 782 2119 ad
819 2071 887 2130 tius,
914 2069 1006 2132 utique
1029 2067 1081 2117 boo
1102 2067 1193 2118 dioere
1210 2067 1348 2119 debebat:

255 2147 345 2196 cetera
357 2143 425 2195 Flori
437 2142 540 2204 studia,
555 2142 687 2208 inquibus
699 2146 784 2195 omni·
820 2142 964 2207 «Relinque
981 2155 1064 2202 vana,
1082 2137 1202 2212 ψυχρά,
1220 2142 1291 2193 haee
1307 2157 1353 2194 re·

254 2219 306 2270 bus
332 2231 395 2268 eum
423 2218 524 2281 primae
548 2220 641 2281 partes
666 2217 782 2270 laturum
819 2217 924 2279 media,
942 2219 970 2267 et
985 2214 1056 2267 illioo
1072 2216 1350 2281 quaereeilleaeiora,

255 2291 405 2358 pollicetur.
820 2306 899 2344 cures
926 2305 1038 2357 prorsus
1065 2291 1247 2356 depulsurat»
1282 2293 1353 2355 llam
1455 2296 1456 2299 ’

288 2367 378 2419 at-re.
404 2366 510 2431 Frigido
526 2379 648 2417 uerutum
663 2367 782 2433 [mmm]
821 2369 935 2418 cerutus
945 2367 984 2416 sie
994 2365 1051 2416 iere
1063 2364 1226 2430 explanavit,
1239 2369 1350 2416 utnos:

255 2445 341 2496 llnum
358 2442 452 2492 vitium
476 2442 503 2492 in
520 2442 607 2493 amieo
630 2440 714 2493 libere
737 2455 784 2492 re-
820 2441 938 2500 «Quodsi
959 2455 992 2492 ex
1014 2441 1103 2490 animo
1127 2442 1175 2492 tuo
1197 2439 1351 2504 expelleres

254 2517 409 2582 prehendit,
429 2515 502 2581 quod
518 2517 541 2568 is
555 2528 678 2581 quoque,
696 2520 726 2567 ut
738 2531 783 2568 ae·
820 2517 950 2581 pecuniae
967 2515 1084 2566 sttrdium
1102 2517 1149 2566 aut
1169 2515 1241 2566 nulla
1259 2516 1352 2568 embi-

255 2590 373 2655 qualium
395 2589 533 2656 plerique,
562 2591 643 2642 nimio
666 2590 732 2642 lueri
756 2594 784 2642 et
820 2592 890 2641 tione
908 2590 1079 2650 detinereris,
1098 2602 1169 2653 quae
1186 2593 1249 2642 suut
1266 2603 1350 2641 eura-

255 2667 383 2729 quaestus
400 2665 488 2716 studio
505 2663 668 2728 indulgebat.
699 2667 783 2716 Oreo-
819 2678 894 2725 rum,
913 2663 1011 2728 quibus
1027 2666 1148 2725 vexaris,
1166 2666 1301 2726 tomenta,
1319 2669 1351 2716 et

254 2755 314 2791 mm
328 2741 440 2804 somena
451 2741 478 2790 h.
492 2738 509 2789 l.
523 2740 664 2790 manilesto
676 2741 740 2790 sunt
750 2753 782 2790 ea
819 2752 889 2805 quae
905 2737 983 2804 plene
1000 2743 1027 2791 te
1043 2739 1167 2802 trigidum
1181 2739 1303 2791 reddunt
1312 2741 1350 2792 ad

255 2815 385 2875 tomenta,
410 2827 480 2877 quae
503 2827 583 2864 curae
601 2813 676 2865 Floro
693 2815 783 2880 impo-
818 2814 890 2865 bene
907 2814 1041 2879 agendum
1059 2814 1138 2877 cet»)
1158 2840 1187 2852 -
1204 2816 1350 2877 eampum

255 2892 335 2951 nunt,
363 2888 389 2939 id
415 2891 469 2948 est,
495 2889 627 2952 pecuniae
651 2889 781 2954 cupiditas
815 2889 907 2953 pones]
926 2888 1127 2950 «Hisaeurisp
1145 2889 1242 2951 inquit,
1261 2890 1302 2940 «si
1319 2886 1350 2939 li-

255 2965 336 3027 atque
354 2962 476 3020 umbitio;
504 2962 555 3013 hae
573 2966 664 3013 autern
688 2962 782 3027 paula·
818 2965 916 3015 berane
933 2967 960 3014 te
977 2977 1085 3029 posses,
1104 2963 1168 3015 nibil
1184 2965 1238 3015 iam
1255 2966 1349 3016 teim-

256 3037 329 3088 latim
345 3036 500 3100 refrigerant
515 3049 547 3086 ec
568 3037 706 3088 retardant
726 3040 782 3102 spi·
817 3039 924 3104 pediret
940 3052 994 3103 quo
1016 3039 1106 3090 minus
1123 3040 1235 3091 eudoxus
1252 3041 1349 3104 (maxi—

256 3111 321 3160 ritus
339 3110 537 3174 generosioreS,
555 3110 685 3162 hebetent
705 3114 782 3175 inge·
818 3125 863 3166 me
891 3111 1015 3164 sublimia
1043 3126 1166 3176 quaeque
1194 3116 1348 3179 appetentis

255 3187 342 3246 nium,
367 3185 528 3234 imminuunt
548 3187 679 3249 poeticam
698 3185 782 3237 iacul-
819 3190 974 3250 terramque
1008 3187 1191 3252 despicientis)
1225 3189 1348 3252 pbiloso-

255 3262 347 3310 tatem.
367 3257 600 3324 spolitanus,
619 3261 648 3312 2:
674 3261 782 3324 lomento
819 3263 898 3326 pbiae
915 3263 1067 3326 praeceptis
1083 3260 1346 3328 samtaoeresatqae

254 3335 439 3386 conuetudinie
458 3340 617 3386 exaestuans.
654 3336 782 3386 ceterum
818 3335 1048 3400 obtemperares.-
1074 3361 1102 3372 -
1125 3337 1177 3387 Hoc
1201 3339 1274 3403 optet]
1299 3351 1347 3390 ea-

256 3409 409 3474 intomenlis
417 3403 782 3473 piptounultuminestdgt-
818 3411 948 3474 pientiam
974 3423 1037 3473 opas
1058 3411 1092 3460 ad
1115 3413 1264 3474 actionem,
1289 3418 1346 3464 sta·

254 3498 370 3556 μωρον,
388 3496 451 3534 oum
468 3481 562 3533 Celsus
580 3484 705 3546 quattuor
721 3495 782 3533 me-
818 3485 888 3534 cliam
904 3484 940 3534 ad
955 3483 1081 3556 θεωρίαν
1092 3486 1216 3538 retertur.
1228 3515 1257 3524 -
1267 3491 1346 3550 parui

255 3561 343 3610 moret
359 3569 473 3620 genera,
493 3555 691 3620 calidalrigida,
710 3558 781 3608 sicca
817 3564 867 3610 -et
891 3559 980 3624 mepte]
1007 3573 1104 3611 «verae
1125 3562 1272 3625 sapientiae
1294 3577 1345 3614 noa

255 3632 374 3684 humida.
405 3630 462 3693 (Alii
484 3630 607 3694 quidem,
634 3635 664 3682 ut
686 3633 782 3684 laoobs
818 3635 954 3686 tenuiores
971 3647 1083 3699 operam
1098 3635 1163 3686 dere
1180 3648 1345 3703 aequepos-

255 3705 327 3770 apud
355 3703 515 3766 obbertum,
554 3707 779 3771 interpretantur:
817 3719 912 3759 sumus
928 3722 961 3759 ae
981 3710 1077 3762 divites
1098 3713 1126 3762 et
1146 3712 1295 3762 honorati.»
1315 3741 1343 3750 -

256 3780 382 3843 :fomento
398 3779 491 3828 contra
508 3791 601 3842 curas,
625 3781 659 3832 ad
677 3795 724 3833 eas
741 3780 782 3832 le-
814 3785 986 3849 properem
1005 3785 1060 3836 Cir.
1077 3785 1111 3836 ed
1129 3787 1195 3851 Epp.
1209 3787 1233 3847 t,
1251 3788 1283 3849 2,
1301 3787 1341 3838 et.

255 3851 371 3913 vendas,
395 3853 533 3916 imposita,
556 3853 606 3904 sed
621 3855 728 3919 triptota,
754 3856 781 3907 id
819 3884 849 3896 -
866 3858 1038 3924 nobie-eata]
1055 3860 1109 3910 Sibi
1124 3863 1272 3924 comest,
1297 3865 1342 3926 qni

256 3929 310 3988 est,
335 3925 455 3978 remedia
472 3940 553 3989 vana,
581 3929 680 3990 inania,
707 3928 781 3980 dal-
818 3944 913 3983 seeum
929 3934 987 3998 ipse
999 3948 1053 3984 noo
1064 3935 1177 3986 dissidet
1187 3949 1239 3988 nee
1250 3935 1341 3997 habet,

256 3997 363 4073 πτὴρια
386 3997 490 4074 ψυχρὰ
514 4001 687 4074 μεριμνῶν.»
726 4007 781 4056 ve·
818 4019 868 4056 our
883 4005 1031 4071 quidquam
1047 4012 1343 4075 magnopereinsere-

255 4089 328 4140 rum,
346 4077 383 4128 ita
395 4078 417 4128 si
429 4076 653 4142 interpretabere,
672 4091 727 4129 non
739 4092 781 4129 se·
817 4079 968 4144 prehendet
992 4086 1044 4132 eet.
1072 4084 1137 4148 lipp.
1160 4087 1188 4147 l,
1211 4085 1256 4146 48,
1281 4087 1339 4136 tot:

256 4153 289 4203 tls
301 4152 449 4203 sententiae
461 4153 585 4202 convenit
595 4165 620 4202 v.
629 4153 779 4216 relinquere.
818 4155 885 4216 Quid
898 4157 999 4206 minuat
1014 4170 1103 4220 eurus,
1122 4159 1183 4220 patiri
1199 4164 1223 4208 te
1232 4159 1278 4209 tibi
1287 4159 1342 4209 retl-

256 4225 325 4286 Quld
342 4227 414 4276 enim
436 4224 498 4276 inde
516 4227 703 4290 consequitur?
725 4228 781 4277 Fri·
817 4229 862 4279 dot
878 4229 996 4281 meten.
