2925 4892
518 366 577 416 ΗΒ,
597 368 615 416 l.
651 366 719 419 SAT.
739 368 781 419 lll.

95 526 142 589 lie
167 523 245 611 quis
267 520 444 595 iurasset,
470 541 533 587 neu
556 520 650 598 latro,
675 544 739 589 neu
761 524 836 611 quis
857 523 991 591 adulter.

96 646 179 709 Nam
202 643 261 707 luit
283 652 358 708 ante
380 641 535 709 Helenam
558 662 683 709 cunnus
706 644 872 710 teterrima
892 644 967 712 belli

98 766 221 837 Causa,
246 762 306 830 sed
329 763 445 850 ignotis
468 763 633 850 perierunt
655 763 813 830 mortibus
836 764 895 840 illi,

98 888 192 965 Quos
213 904 367 951 venerem
390 885 546 951 incertam
567 885 731 972 rapientes
754 905 845 952 more
868 885 1009 953 ferarum

97 1005 229 1071 Viribus
252 1004 371 1071 editior
391 1004 564 1081 caedebat,
590 1016 624 1071 ut
647 1006 677 1069 in
701 1026 800 1093 grege
822 1017 944 1075 murus.
1135 1010 1192 1075 tiu

99 1130 174 1193 lura
197 1127 327 1192 inventa
350 1138 437 1193 metu
461 1126 569 1192 iniusti
591 1126 711 1193 lateam
735 1147 872 1194 necesse
893 1141 959 1202 est,

97 1251 260 1335 Tempora
282 1249 310 1313 si
331 1247 497 1335 fastosque
520 1246 599 1313 velis
621 1246 773 1313 evolvere
795 1248 915 1314 mundi.

96 1372 163 1435 Nec
187 1380 302 1435 natura
324 1380 430 1455 potest
453 1368 536 1435 iusto
559 1388 732 1436 secernere
755 1370 917 1460 iniquum,

163 1548 831 1608 tua.neqiiisadutiers.-iot.deuiiimec.

95 1709 222 1747 venere.»
257 1696 315 1745 Nou
332 1694 466 1759 approbo;
483 1696 627 1745 uocessunt
662 1699 773 1757 comptos
789 1696 853 1745 dreit
868 1697 978 1746 Mutari
997 1700 1190 1753 aim-410.

94 1772 184 1835 potius
203 1768 412 1829 Naturicute,
439 1770 498 1819 soni
520 1767 554 1817 illi
576 1768 626 1817 ho-
662 1769 715 1819 lene
731 1770 857 1819 Lacaena.
871 1771 918 1819 ²5:
941 1771 1031 1822 Vicere
1044 1774 1191 1836 [arietante

93 1846 158 1895 mini
176 1840 316 1894 naturales
333 1841 452 1892 nondum
465 1846 566 1893 certam
577 1840 626 1892 ali·
661 1843 851 1907 Apameiunonu
865 1844 955 1903 linui·
972 1847 1015 1895 red
1030 1861 1114 1897 onmes
1125 1850 1190 1900 iiia-

94 1932 175 1983 quam
193 1918 334 1967 notionem
352 1918 545 1981 exprimentes,
564 1918 626 1980 qui·
661 1916 803 1967 uimaiites
822 1924 945 1982 creentur
965 1921 1092 1984 ipnotique
1111 1924 1189 1987 lonpc

93 1995 143 2044 bus
173 1996 268 2043 tamen
297 1993 359 2041 anta
390 1990 520 2054 linguam,
554 2003 623 2055 quae
661 1992 746 2041 Nocte.
766 2020 794 2028 -
812 1993 917 2058 munci]
939 1992 1074 2058 plebeium
1092 2000 1120 2047 et
1137 2000 1189 2049 mi-

93 2069 199 2133 proprie
212 2066 326 2127 dicitur,
346 2066 481 2116 inventam
494 2065 527 2116 ad
543 2066 624 2115 animi
662 2067 762 2117 micum
783 2066 945 2119 vocabulum
965 2082 1015 2132 pro
1032 2069 1186 2122 «muliere.

92 2142 314 2206 perturbationes
331 2141 411 2203 atque
428 2140 540 2189 enecas
557 2139 625 2203 (sei-
664 2164 691 2175 -
715 2139 819 2203 ipuotis]
843 2140 1014 2203 quianullus
1037 2148 1116 2207 poeta
1139 2158 1188 2195 eo-

93 2217 140 2279 sne)
161 2212 347 2278 qualicunque
369 2213 450 2263 modo
472 2214 624 2277 significan·
662 2224 721 2263 rum
743 2212 819 2263 tortia
841 2213 909 2264 tacta
932 2214 1085 2268 celebravit.
1111 2246 1139 2255 -
1160 2236 1185 2269 ν.

93 2292 139 2339 das
163 2288 329 2343 utebantur;
357 2289 449 2351 postea
475 2288 624 2339 inconditos
660 2288 782 2337 incertam
811 2288 949 2353 rapientia]
976 2302 1097 2341 «venere
1128 2294 1186 2344 sine

94 2366 208 2427 primum
227 2362 280 2411 hos
302 2372 383 2411 sonos
405 2360 565 2411 articulatim
582 2362 624 2412 di·
661 2360 794 2411 connubio
823 2360 910 2411 stabili
939 2361 1078 2413 libidinose
1106 2368 1187 2417 utem

94 2440 244 2500 stincteque
257 2436 422 2498 compositos
437 2435 529 2486 verbis
546 2440 624 2486 uota-
661 2436 728 2485 tas.»
749 2462 777 2472 -
796 2436 894 2500 editior]
912 2438 1113 2487 aeminentior.»
1144 2442 1188 2490 Vi-

95 2512 167 2569 baat,
191 2510 222 2559 id
241 2512 298 2568 est,
318 2510 398 2559 certis
415 2509 505 2561 verbis
522 2512 623 2561 certam
661 2508 740 2558 datur
768 2509 869 2560 dictum
897 2511 954 2559 sine
982 2510 1105 2575 exemplo
1136 2528 1186 2579 pro

93 2585 317 2649 significationem
347 2582 538 2643 attribuerunt,
569 2596 621 2647 qua
662 2584 842 2647 «superiore.-

94 2662 117 2710 in
140 2670 273 2710 sermone
300 2658 455 2720 quotidiano
480 2658 530 2708 sibi
556 2672 623 2709 eon·
694 2657 815 2706 itt-tis.
842 2657 1023 2707 retenimento
1038 2660 1185 2723 autumet]

94 2737 193 2785 muter
211 2735 240 2783 et
261 2733 454 2782 convenienter
474 2736 620 2783 uterentur.
661 2730 758 2779 Contra
772 2731 851 2780 Stoici
868 2725 903 2779 τὸ
919 2727 1032 2779 δίκαιόν
1043 2746 1118 2792 φασι
1129 2729 1187 2793 φύ-

97 2810 167 2859 Vaees
186 2820 326 2869 ammonia
349 2810 391 2857 est
413 2808 491 2870 igitur
510 2804 622 2877 βραχυ-
659 2818 705 2853 σει
731 2799 806 2853 εἶναι
829 2804 879 2853 καὶ
907 2799 951 2869 μὴ
978 2804 1067 2854 θέσει.
1111 2805 1184 2855 Stob.

93 2882 175 2948 loyia
190 2894 257 2947 pro:
287 2894 384 2931 evoces
406 2878 514 2943 singulis
536 2882 623 2931 sensi·
660 2877 714 2928 Ecl.
737 2880 817 2941 Phys.
836 2880 865 2937 2,
889 2880 913 2927 7.
932 2892 958 2942 p.
978 2878 1035 2929 tat.
1058 2880 1089 2929 ii.
1110 2880 1187 2929 Euri-

94 2956 142 3005 bus
160 2954 396 3019 respondentes»,
419 2956 444 3003 id
462 2958 504 3005 est
520 2968 622 3006 «voces
658 2953 735 3015 pides
753 2953 779 3002 in
796 2952 984 3003 Andromedae
1002 2953 1042 3002 Fr.
1056 2954 1102 3005 29:
1126 2951 1186 3020 Τήν

94 3030 210 3095 singulos
229 3030 371 3079 hominum
389 3041 485 3079 sensus
502 3030 622 3081 indican-
661 3041 704 3077 τοι
738 3024 827 3091 Δίκην
861 3024 977 3091 λέγουσι
1006 3025 1082 3077 παῖδ’
1111 3025 1185 3079 aleae

95 3110 132 3155 tea
157 3104 251 3168 potius
274 3114 357 3165 quam
383 3101 454 3153 clare
478 3104 622 3155 etiamtunc
659 3098 741 3164 Διός,
765 3094 865 3167 Ἐγγύς
887 3115 917 3151 τε
933 3103 1024 3152 ναίειν
1040 3099 1093 3169 τῆς
1113 3102 1185 3174 βρο-

94 3179 292 3228 enantiantes.»
326 3178 418 3240 Neque
441 3190 507 3227 vero
529 3192 555 3227 v.
576 3192 623 3227 co-
659 3174 716 3224 τῶν
737 3176 883 3245 τιμωρίας.
919 3176 955 3225 Ex
978 3175 1097 3226 doctina
1118 3192 1185 3228 uero

94 3254 168 3303 esch.
180 3251 198 3302 Ι.
208 3249 361 3313 significare
373 3254 462 3315 potest
472 3250 621 3313 Auaspnicl,
659 3250 843 3315 sophistarum
868 3250 1028 3314 Epicurique
1054 3251 1117 3301 nihil
1142 3255 1185 3303 iu-

95 3328 138 3375 dae
159 3325 281 3384 Deum,
309 3324 348 3373 die
370 3325 502 3388 Munuup,
529 3327 559 3373 ut
581 3323 622 3374 alii
659 3326 731 3373 stum
749 3326 796 3372 aut
811 3324 938 3373 iniustum
955 3327 997 3374 est
1013 3328 1121 3383 natura,
1135 3326 1184 3375 sed

95 3400 192 3451 rolant.
230 3399 333 3448 vitruv.
354 3399 384 3457 2,
411 3399 439 3447 i:
466 3399 495 3447 ln
519 3398 622 3463 (primo)
660 3398 764 3461 legibus
780 3412 812 3447 ae
830 3396 965 3456 moribus;
993 3401 1084 3447 eontra
1105 3402 1185 3447 natir-

95 3476 222 3524 iomiuum
246 3484 381 3535 coum
406 3486 464 3521 mem
487 3473 624 3535 mosande-
659 3470 713 3520 mie
737 3474 780 3521 est
802 3472 947 3521 discrimen
970 3471 1040 3519 inter
1061 3470 1133 3519 bona
1158 3474 1186 3520 et

96 3550 186 3597 tantm
208 3548 286 3597 aliter
306 3547 429 3607 sipiritu
449 3560 534 3608 uoces,
559 3560 623 3610 quo-
660 3545 744 3605 mala,
762 3550 791 3597 et
801 3548 898 3609 suopte
909 3546 1033 3594 instinctu
1044 3545 1126 3595 homo
1137 3544 1186 3595 du·

95 3624 192 3673 iidianu
226 3622 405 3671 roauutudiue
430 3620 565 3683 occulata,
595 3626 623 3672 ut
660 3620 728 3669 citur
744 3620 778 3669 ad
801 3618 844 3669 illa
861 3617 1027 3683 appetenda,
1055 3619 1122 3668 haec
1142 3618 1186 3668 lu·

96 3696 248 3761 ellipse-w,
266 3694 460 3753 cmmtnmunc
484 3694 570 3745 deiude
586 3696 622 3745 si-
659 3690 764 3757 giendo.
790 3721 817 3729 -
842 3694 962 3755 Teuipora
983 3693 1050 3757 cet]
1071 3694 1116 3743 «si
1142 3694 1185 3743 hi-

96 3772 238 3835 Μεννά)
262 3782 304 3819 res
328 3770 427 3831 saepius
451 3770 478 3818 iu
500 3782 562 3831 usu,
589 3782 622 3818 ac
658 3769 757 3819 storiae
782 3780 833 3831 ope
857 3780 873 3816 a
899 3768 1034 3831 praesenti
1063 3769 1184 3831 tempore

97 3850 181 3894 euentu
196 3844 252 3907 [ari
272 3843 378 3906 fortuita
394 3848 527 3905 coepemnt
543 3848 566 3893 et
584 3844 622 3891 ita
659 3839 724 3891 velis
746 3840 834 3890 redire
855 3842 889 3890 ad
911 3842 1027 3905 primam
1048 3841 1113 3891 iuris
1129 3843 1185 3891 ori·

97 3930 219 3968 mones
236 3919 303 3967 inter
318 3930 344 3967 se
354 3923 563 3980 procreaverunt.
659 3916 748 3978 pinam
772 3928 887 3978 eamque
909 3912 1067 3978 explicare.-
1087 3941 1115 3951 -
1133 3916 1185 3965 Nec

131 3993 250 4043 tui-tiu.
274 3992 342 4041 Nam
361 3992 489 4055 [niteat]
507 3992 621 4054 «Raptus
657 3990 828 4050 autumet]
846 3991 920 4039 «Non
937 3990 972 4038 ita
989 4002 1038 4053 per
1049 3992 1182 4048 naturam,

101 4065 213 4116 mulieris
231 4066 280 4115 luit
296 4062 357 4115 belli
375 4078 456 4116 eausa
469 4064 622 4115 foedissima
660 4064 724 4127 quid
748 4065 847 4113 iustum
864 4064 898 4113 ait
914 4066 960 4112 aut
979 4064 1119 4123 iniustum,
1143 4065 1185 4111 in·

103 4143 176 4203 atque
204 4138 310 4203 indigna
339 4139 381 4189 vel
411 4142 472 4189 ante
501 4142 621 4203 tempora
659 4136 777 4200 telllgere
800 4148 958 4198 possumus,
984 4136 1120 4199 quemme
1142 4137 1185 4184 in-

103 4215 233 4264 troiana.»
260 4214 309 4263 od.
329 4215 358 4273 i,
377 4214 405 4275 9,
425 4212 469 4263 ⁴3:
497 4214 554 4263 Non
568 4212 623 4262 sola
660 4209 798 4275 telligitur,
816 4210 881 4273 quid
897 4208 961 4259 utile
979 4212 1026 4259 aut
1042 4206 1133 4259 inutile
1150 4208 1186 4257 eit
