2925 4892
489 380 548 431 Llll.
569 382 586 431 l.
623 382 721 433 brist.
740 382 805 433 XVI.

150 539 232 613 Nea,
257 538 285 602 si
309 546 339 603 te
361 536 501 623 populas
523 556 638 603 sanam
662 546 816 625 reeteque
838 536 996 606 valentem

149 658 290 734 Dictitet,
314 656 472 724 occultam
495 656 617 724 febrem
640 658 701 723 sub
723 668 852 745 tempus
874 656 991 726 edendi

148 778 354 853 Dissimules,
378 778 484 845 donec
506 778 653 844 manibus
675 790 797 846 tremor
818 777 938 847 incidat
958 782 1071 847 unctis.

148 898 324 965 Stultorum
346 899 489 965 incurata
511 898 619 985 pudor
640 899 744 966 malus
765 900 876 967 ulcera
897 901 989 968 celat.

148 1021 181 1087 Si
204 1020 279 1108 quis
301 1018 387 1087 bella
408 1018 464 1085 tibi
487 1029 572 1087 terra
596 1032 737 1108 pugnata
759 1022 906 1110 marique
1153 1028 1194 1092 25

153 1192 195 1240 ii.
212 1189 306 1253 febrem
322 1188 415 1253 bEedp
434 1191 461 1241 et
472 1190 539 1239 Edd.
552 1192 654 1239 tantum
667 1203 720 1240 non
732 1204 827 1242 omnes
841 1194 929 1255 tabum
941 1192 1075 1244 Bentleius
1086 1196 1113 1243 at
1124 1196 1158 1255 sl:

136 1264 227 1327 [edm
238 1266 264 1321 S,
278 1264 351 1315 iiio.
367 1263 440 1326 (lade
453 1276 476 1313 a.
488 1276 513 1315 v.
524 1265 564 1313 ii.
580 1263 670 1313 Codex
683 1264 700 1313 d
713 1264 805 1315 delicit
816 1278 901 1332 usqae
913 1267 946 1316 ad
959 1268 1041 1331 Epist.
1056 1268 1096 1330 ta,
1108 1270 1160 1331 29.)

106 1414 173 1464 cebet
183 1426 247 1474 ctu,
265 1414 352 1475 apati
361 1412 388 1462 id
399 1418 493 1477 operat,
505 1418 547 1471 at,
566 1426 632 1474 pam-
645 1426 650 1483 1
667 1412 765 1463 torum.
794 1416 870 1464 «Nea
884 1412 950 1465 laiso
961 1416 1079 1479 quodam
1089 1418 1193 1480 pudore

106 1489 135 1537 lta
147 1486 236 1537 boteri
245 1487 328 1548 celat,
347 1486 404 1535 totis
416 1492 502 1537 esset.»
523 1484 630 1537 Publius
667 1484 805 1547 inductus,
824 1490 934 1551 propter
949 1488 1124 1541 multitudinis
1134 1493 1194 1557 opi·

106 1563 202 1625 Syrus:
222 1560 288 1623 Quid
298 1562 399 1623 ipsuis,
412 1575 462 1610 non
471 1560 532 1623 quid
541 1560 631 1609 babeo·
667 1561 775 1611 aionem
792 1574 825 1611 ac
841 1562 980 1623 iudicium,
999 1576 1032 1612 ex
1048 1577 1102 1626 qao
1118 1568 1193 1617 recte

105 1637 152 1696 ris,
179 1636 289 1684 intereat.
324 1632 472 1696 Aeschylus
490 1636 515 1683 S.
538 1646 562 1684 e.
581 1634 628 1683 Tb.
665 1632 755 1696 vales,
774 1634 847 1686 celes
864 1635 1089 1687 subitamtebrim
1101 1650 1192 1690 eoram

106 1711 161 1761 592.
176 1708 210 1758 de
223 1708 397 1771 Amphiarao:
418 1702 457 1757 Oai
470 1704 630 1778 ydpdoaetv
667 1708 786 1758 convivis
802 1720 913 1759 mensae
930 1712 993 1760 tuae
1009 1710 1194 1763 accumbenti-

105 1778 238 1855 ἄριστος,
256 1774 316 1831 ἀλλ’
335 1778 409 1832 alam
424 1780 511 1832 θέλει.
667 1782 746 1833 bus.»
768 1810 795 1818 -
814 1783 917 1847 umor]
940 1784 1010 1834 liora
1028 1797 1112 1846 aona,
1139 1798 1193 1849 qua

136 1856 238 1909 ⁴8-2l.
264 1858 391 1907 lactamus
402 1884 416 1895 -
427 1858 531 1907 camb-
542 1854 630 1919 imao]
667 1855 752 1906 terme
770 1856 933 1919 coenabant,
961 1856 1051 1908 febres
1069 1859 1194 1922 ingrave-

106 1932 151 1982 0d.
173 1931 207 1992 l,
229 1932 263 1989 ἰ,
284 1931 329 1980 itti:
358 1932 468 1981 dicem
482 1957 496 1967 -
508 1957 523 1967 -
539 1930 632 1981 Ciuitas
667 1942 745 1981 scere
756 1929 888 1982 soleat·
898 1930 988 1995 ancta]
1000 1933 1057 1982 iure
1067 1933 1191 1997 etadipe.

105 2006 192 2056 camb.
211 2004 296 2069 lipod.
310 2005 355 2066 iti,
371 2004 416 2054 36:
440 2006 536 2054 Eumae
552 2006 632 2054 onmia
666 2004 741 2057 ovid.
754 2008 785 2057 Α.
798 2010 828 2057 Α.
842 2007 872 2068 3,
891 2008 955 2057 tta:
974 2008 1138 2070 dementior
1153 2010 1195 2059 di-

105 2080 344 2130 mardaitas.
358 2079 397 2129 Gi.
408 2078 539 2129 ibid.v.9.
551 2079 629 2143 lbsq.
666 2080 740 2144 pitia·
757 2085 793 2130 ert
809 2082 912 2142 quddam
928 2086 1011 2146 pertas
1021 2084 1122 2133 edendi:
1140 2084 1194 2133 Ora

107 2182 132 2191 -
146 2153 256 2217 beatam]
274 2152 448 2217 probabiliter
462 2156 631 2204 aculeatum
666 2167 711 2204 nee
735 2156 866 2205 bnmmdo
890 2160 944 2206 toto
965 2170 1078 2222 panope
1103 2172 1191 2208 mona.

105 2232 215 2295 propter
240 2242 319 2294 opes,
347 2229 395 2280 sed
421 2232 501 2281 etiam
521 2232 631 2295 propter
667 2228 856 2293 Compluribus
872 2230 995 2281 versibus
1016 2231 1088 2281 bunc
1104 2231 1194 2283 locam

104 2306 238 2365 bonores,
270 2306 340 2366 'quos
365 2304 418 2354 iam
445 2308 502 2355 tum
526 2303 632 2355 videtur
666 2303 784 2354 imitatus
801 2306 843 2355 est
858 2305 965 2355 Persius
982 2305 1012 2365 3,
1028 2306 1143 2357 tta-toa.
1164 2334 1191 2343 —

104 2380 230 2442 gessisse.
258 2378 313 2428 Cic.
327 2377 361 2429 de
382 2380 459 2442 Legg.
473 2379 503 2436 i,
522 2379 565 2437 ti,
583 2379 628 2429 32:
666 2378 795 2443 inrorato]
822 2380 902 2442 «qaia
920 2380 1026 2429 medico
1043 2392 1098 2429 aoa
1115 2392 1194 2430 mea-

103 2455 208 2515 Propter
224 2452 358 2503 bonumir
373 2458 397 2501 et
407 2454 505 2516 pieriae
514 2454 632 2503 similita-
667 2456 797 2514 struatur,
823 2455 881 2504 siae
899 2455 1036 2504 curatione
1055 2458 1192 2505 manent..

104 2530 203 2590 diacoi,
230 2528 329 2587 beati,
357 2528 400 2588 qai
425 2528 541 2578 honorati
564 2534 630 2588 rant,
669 2553 697 2563 -
713 2527 908 2592 pudormaias]
932 2529 961 2577 Α.
978 2530 1007 2578 Ρ.
1028 2528 1074 2577 88:
1098 2530 1195 2590 pttdms

102 2604 228 2652 uideatur.
244 2628 270 2637 -
285 2614 362 2661 qaam
373 2600 425 2663 titt]
443 2602 498 2651 Cic.
512 2602 629 2653 odiam.
663 2614 754 2663 mooe.
767 2602 847 2651 Notat
858 2600 928 2650 banc
939 2596 1088 2650 δυσωπίαν
1099 2601 1193 2653 Celsus

104 2678 215 2737 zm:
245 2676 461 2737 locumtepaere,
481 2676 590 2738 (Curia)
609 2682 632 2726 te
668 2677 697 2736 3,
714 2677 744 2725 i:
771 2676 857 2737 Nepae
875 2674 1043 2735 eadmeri,
1071 2676 1194 2737 patavia

104 2750 192 2801 adhibe
217 2750 244 2799 in
268 2750 412 2811 rodallum,
442 2754 465 2799 te
482 2751 561 2811 'aadt,
588 2749 631 2799 ilbi
668 2750 815 2812 qaisquam,
842 2749 1192 2811 potneottsstmaiaott,

103 2824 254 2887 obteinpero.
272 2824 374 2875 Seneca
386 2824 467 2888 Epist.
480 2824 526 2885 80,
540 2824 569 2874 9:
588 2826 631 2874 ln-
666 2826 709 2875 sed
729 2836 779 2887 per
803 2822 978 2873 momentum
993 2828 1093 2873 maiore
1108 2824 1195 2874 morbo

104 2905 142 2949 tas
153 2905 176 2949 ie
189 2900 242 2961 ipae
251 2900 396 2948 connitere:
407 2912 483 2959 nanc,
497 2898 580 2960 qualia
588 2899 630 2961 ris,
667 2898 792 2960 mortalit,
807 2900 929 2963 oeprotot.

104 2974 161 3023 aliis
170 2973 261 3023 eredb.
276 3000 303 3008 -
323 2972 401 3021 atium
417 2972 537 3035 sapiente]
563 2974 629 3039 Epp.
700 2972 807 3024 25-29.
838 2972 902 3024 betto
920 2972 968 3023 itit
990 2978 1060 3024 terro
1078 2980 1196 3038 pupnoto

104 3046 248 3109 bistili:
276 3046 341 3095 alias
356 3048 471 3109 Lysippo.
498 3046 583 3096 Varro
600 3049 630 3099 ii.
667 3050 784 3109 morique
793 3050 878 3111 Dicat]
895 3049 976 3111 laage
990 3048 1054 3098 bello
1064 3048 1108 3098 tibi
1121 3049 1143 3113 (a
1157 3051 1192 3113 tel

104 3124 132 3173 a.
145 3122 171 3182 3,
183 3120 282 3181 tuat:
302 3122 490 3182 paedertaliad
498 3122 629 3172 metlecet.
665 3129 781 3188 papamet
802 3122 845 3187 (de
863 3136 917 3187 qao
934 3123 1022 3173 dativo
1040 3124 1074 3174 cl.
1093 3124 1140 3174 0d.
1160 3126 1192 3185 2,

104 3197 200 3247 Brutus
218 3196 253 3245 ad
269 3196 411 3246 Antonium
434 3194 505 3260 apud
523 3196 577 3247 Cic.
597 3197 631 3247 ad
668 3201 697 3261 6,
717 3200 768 3263 it.)
786 3213 855 3249 aon:
884 3199 928 3249 tibi
950 3200 1019 3249 dicat
1039 3200 1111 3250 betta.
1148 3202 1194 3251 «Si

104 3272 175 3321 Fam.
191 3270 281 3330 list,
299 3271 328 3319 i:
346 3284 391 3321 nee
408 3272 545 3333 quidquam
561 3272 633 3322 aliud
668 3274 728 3337 quis
754 3285 845 3323 coram
867 3273 894 3322 te
915 3274 1050 3323 memoret
1074 3286 1118 3323 res
1136 3288 1151 3323 a
1168 3276 1195 3325 te

104 3344 218 3395 libertate
234 3346 359 3393 conmuni
378 3346 508 3407 quoesisse.
538 3347 630 3396 Graeci
668 3350 740 3399 terra
757 3348 879 3409 marique
896 3345 939 3395 vel
950 3348 1068 3409 Augusto
1083 3348 1141 3410 ipso
1152 3347 1195 3397 vel

104 3410 193 3467 citior
209 3414 263 3467 wo
280 3414 393 3481 σοφοῦ,
419 3422 449 3468 ut
471 3416 543 3469 Plato
560 3421 629 3471 lieu.
667 3423 700 3474 it.
720 3420 835 3483 Agrippa
855 3418 925 3467 duce
949 3422 1049 3480 gestas,
1069 3422 1096 3469 et
1113 3421 1195 3471 nimia

103 3504 129 3555 p.
141 3492 185 3543 88.
196 3492 242 3543 B.:
265 3482 336 3542 dito
353 3488 524 3559 ἐπιστήμης.
546 3522 573 3530 -
591 3506 632 3543 so·
667 3492 819 3544 adulatione
835 3505 902 3542 usus
913 3491 1057 3554 subiungat
1067 3494 1147 3555 atque
1160 3494 1194 3543 ad

103 3580 164 3617 man
179 3567 435 3632 roetepueoaleaton]
454 3569 501 3618 Est
519 3567 630 3618 termula
668 3571 694 3618 te
716 3565 832 3632 applicet
851 3578 946 3616 versus
968 3566 1080 3615 averio
1097 3567 1124 3615 ia
1140 3568 1195 3616 Au-

105 3641 237 3691 sermonis
253 3641 410 3703 quotidiani,
429 3640 588 3702 oblitterata,
603 3643 632 3691 ut
668 3640 1196 3706 gustilaudesaupercompositos,baec

105 3716 228 3775 vidimus,
243 3715 309 3779 Epp.
324 3716 347 3776 l,
360 3716 385 3776 7,
399 3714 423 3765 3.
436 3742 463 3751 -
478 3714 630 3779 Dissimulet]
669 3716 724 3766 iere
743 3714 853 3765 dicens:
874 3715 942 3765 Cum
955 3716 1034 3777 igitur
1044 3715 1133 3765 airam
1145 3714 1197 3765 lor-

105 3790 160 3839 lloc
177 3788 233 3839 volt
247 3789 354 3849 dooere,
373 3789 483 3841 stultum
495 3804 565 3851 esse,
585 3792 631 3854 qui
669 3791 801 3840 tissimum
818 3791 845 3839 te
862 3790 1027 3853 praestiteris
1041 3792 1068 3839 et
1080 3791 1195 3840 civerae

105 3864 183 3914 animi
205 3862 331 3925 morbos,
358 3863 385 3913 id
409 3866 463 3921 est,
492 3866 552 3914 vitia
570 3864 631 3913 ideo
668 3862 835 3929 republica,
854 3865 1197 3931 luppiterservetiuam·

105 3938 219 3987 menime
238 3936 320 3999 celat,
341 3952 374 3987 ae
387 3940 553 4002 corrigantur
564 3952 579 3988 a
591 3951 632 3989 sa·
668 3940 749 4002 biguo
768 3942 836 3989 cet.»
870 3940 929 3989 Noa
946 3940 1004 3989 siae
1021 3941 1078 3989 arte
1096 3940 1148 3994 sic.
1167 3942 1197 3988 at

105 4012 297 4074 pientieribus,
316 4024 432 4075 quoram
449 4016 547 4077 optima
566 4026 632 4063 coa·
669 4028 718 4065 nos
744 4004 964 4079 interprelamur,
989 4017 1044 4064 tres
1067 4026 1120 4063 ana
1137 4011 1196 4063 lau-

106 4084 161 4134 silia
178 4086 203 4135 ei
220 4084 333 4136 molesta
350 4089 421 4137 suat.
457 4088 507 4136 Pro
527 4088 584 4151 ipse
602 4100 630 4136 re
669 4088 779 4149 dantur,
799 4089 919 4148 Quintius
936 4089 1047 4153 propter
1064 4086 1197 4136 tortitudi-

106 4160 196 4209 autem
208 4158 343 4224 duplicem
360 4162 434 4224 ponit
449 4162 592 4225 imaginem
606 4162 632 4211 et
669 4176 731 4213 aem
749 4160 864 4213 inbellis
877 4160 1092 4225 comprobatam,
1110 4164 1197 4223 Auga-

107 4230 191 4284 iebris
213 4236 241 4284 et
262 4233 382 4285 ulcerum
401 4234 495 4287 stolide
514 4235 631 4286 occulta-
669 4238 725 4287 stas
751 4235 817 4298 dax,
844 4237 938 4286 varias
966 4236 1084 4299 Augusto
1102 4233 1197 4296 dignus

198 4324 288 4372 donar.
306 4336 362 4373 voa.
381 4326 407 4372 il.
438 4338 478 4373 aa.
495 4338 546 4373 aar.
564 4326 600 4373 iii.
967 4326 996 4371 :ti
