2925 4892
291 348 332 414 32
671 350 801 401 nostru
818 350 999 402 sarffltttttrt

293 507 401 573 Tutior
422 516 454 572 at
474 514 595 593 quanto
617 525 707 573 merx
730 515 780 572 est
800 506 833 570 in
855 505 961 572 classe
985 504 1143 582 secunda,

294 627 528 694 Libertinarum
550 627 639 705 dico,
664 625 823 693 Salustius
846 627 878 691 in
901 646 984 713 quas

293 751 362 815 Non
384 749 490 814 minus
514 748 644 825 insanit,
668 768 768 835 quam
789 748 845 833 qui
866 744 1065 813 moechatur.
1110 746 1286 820 alniasi,

294 872 453 949 Ouarsa,
477 890 541 956 qua
564 870 644 935 ratio
667 868 820 935 suaderet
848 887 980 955 quaque
1001 866 1148 934 modeste
1340 871 1388 931 50

293 989 442 1057 Munifico
464 1010 539 1057 esse
561 988 651 1066 licet,
674 989 771 1057 vellet
792 989 898 1055 bonus
920 1000 1018 1078 atque
1038 990 1200 1077 benignus

293 1112 389 1188 Esse,
413 1112 505 1178 daret
526 1120 681 1200 quantum
703 1111 781 1177 satis
803 1122 892 1179 esset
912 1132 974 1179 nec
994 1110 1059 1178 sibi
1081 1111 1200 1179 damno

293 1232 521 1321 Dedecorique
543 1234 633 1299 loret.
678 1235 797 1299 Verum
818 1231 880 1299 boc
901 1252 938 1297 se
961 1230 1164 1319 amplectitur
1185 1254 1265 1310 uno,

294 1356 363 1422 lloc
385 1365 471 1421 amat
492 1364 524 1420 et
544 1353 669 1420 laudat:
693 1354 870 1420 llatronam
891 1352 1013 1419 nullam
1034 1374 1096 1440 ego
1118 1363 1225 1442 tango.

359 1525 401 1577 ts.
415 1526 540 1577 Salustius
551 1524 598 1577 Bd.
614 1552 642 1561 -
654 1526 682 1574 ie
692 1537 789 1587 quaer
800 1523 865 1573 Cod.
878 1522 959 1586 Regio
970 1520 1113 1573 Bentleius.
1129 1523 1168 1587 tut
1178 1536 1241 1586 nos,
1254 1537 1351 1577 omncs

328 1602 382 1651 mei
399 1603 427 1651 et
438 1600 572 1663 Pottisrli.)
592 1624 619 1637 ·-
640 1598 681 1651 ts.
697 1600 734 1663 αι]
751 1604 780 1649 ut
796 1611 812 1648 c
829 1601 858 1647 et
872 1610 913 1661 pr.
932 1596 966 1658 b,
986 1601 1017 1647 ut
1027 1598 1092 1648 Cod.
1106 1600 1199 1648 Graev.
1214 1596 1250 1662 td]
1263 1602 1291 1649 et
1306 1613 1349 1663 pr.

326 1692 344 1725 κ
361 1674 440 1740 prob.
459 1673 586 1727 Bentleio.
608 1700 635 1710 -
648 1676 670 1725 si
685 1676 718 1725 sit
732 1676 762 1725 B.
776 1700 805 1709 -
818 1673 860 1723 nt.
872 1672 1020 1737 dimitterem
1036 1686 1064 1735 p,
1080 1673 1201 1735 umifico
1211 1685 1349 1735 superscr.

326 1764 370 1799 ιιιιι
386 1750 419 1809 b,
436 1750 585 1813 liunittcaan
596 1762 729 1814 superscr.
743 1763 759 1798 o
775 1761 800 1799 c.
818 1747 1005 1797 lecusauvum
1024 1760 1061 1796 en
1072 1747 1191 1810 qarinque
1209 1746 1293 1797 codd.
1308 1760 1353 1797 re·

326 1826 398 1889 cepit
414 1825 562 1875 Poltierlus.
577 1848 605 1860 —
619 1822 660 1874 et.
673 1825 719 1873 boc
729 1824 820 1872 laudnt
834 1824 861 1884 s,
880 1836 950 1873 corr.
963 1822 982 1871 d
994 1822 1047 1884 (boc
1057 1827 1081 1871 et
1097 1822 1185 1872 ιιιιιιιιιι
1198 1836 1239 1887 pr.
1253 1822 1289 1885 d),
1308 1824 1350 1873 LC

327 1901 355 1949 et
372 1912 404 1949 ax
422 1897 528 1949 duobus
545 1898 693 1948 Pottierins.
730 1897 771 1959 (ut
787 1910 850 1959 nos,
868 1895 961 1961 Bhep.)

295 2044 323 2088 at
339 2036 483 2087 matema
492 2036 669 2097 dmrebenaamt
679 2035 822 2099 υιριιιιιιο-
858 2036 885 2086 ιι.
903 2034 920 2085 l.
934 2032 1105 2097 adolescens,
1122 2037 1153 2085 ut
1163 2038 1240 2085 erant
1249 2032 1385 2100 plerique,

295 2114 332 2163 ris
347 2112 494 2161 ιιάισιιαιιιιο
509 2110 604 2160 metam
614 2111 721 2160 retinere
737 2111 819 2160 licent.
859 2123 926 2174 quos
948 2124 997 2174 per
1022 2112 1126 2175 priores
1148 2111 1243 2161 satiras
1263 2107 1385 2170 vellicat,

296 2212 310 2224 -
326 2214 341 2225 -
358 2187 442 2237 Occiso
463 2185 577 2235 ndattcw
598 2185 720 2235 dimittere
737 2186 822 2233 atatim
857 2186 987 2237 insanisse
1014 2187 1042 2235 in
1069 2183 1224 2245 libertinas,
1259 2197 1386 2247 magnam

294 2263 403 2313 moritus
419 2261 487 2311 debet
502 2272 618 2309 waren.
635 2286 651 2296 -
667 2286 682 2296 -
697 2260 823 2309 Adatoerir
858 2262 1000 2325 pecuniam
1017 2261 1043 2309 in
1062 2272 1108 2310 eas
1125 2258 1315 2322 insumpsisse,
1341 2260 1388 2309 di-

295 2339 357 2387 oiria
369 2338 431 2399 pari
444 2338 481 2399 lut
496 2333 661 2397 mulieribus)
674 2335 822 2383 inimeloea
857 2336 934 2385 citur.
974 2332 1117 2385 Paldamus
1140 2333 1251 2397 quidem
1273 2346 1322 2397 pro
1338 2335 1387 2384 bi-

295 2412 446 2475 relenotione
465 2410 596 2460 dimidiam
619 2414 719 2471 purtem
744 2408 822 2457 bono-
857 2410 957 2459 storico
973 2408 1065 2468 babet,
1084 2407 1285 2471 quiasslustius
1296 2409 1388 2459 minor

294 2500 354 2537 nan
369 2483 540 2547 cassiniaci.)
574 2484 696 2534 Servium
710 2481 820 2533 Galbam
859 2485 936 2534 natus
962 2483 1074 2533 sitnon
1095 2483 1157 2531 ante
1179 2495 1205 2531 a.
1227 2494 1254 2531 u.
1277 2494 1301 2531 c.
1324 2482 1385 2531 700.

296 2558 475 2624 iurisperitum
500 2563 598 2610 vocant
623 2558 770 2622 Porphyrio
795 2560 823 2607 et
858 2560 937 2608 Teste
954 2557 1044 2607 Tacito
1061 2569 1086 2606 a.
1104 2570 1131 2605 u.
1147 2569 1170 2606 e.
1190 2556 1247 2605 773.
1261 2562 1386 2617 prouecta

296 2636 400 2686 Comm.
421 2636 501 2697 Cruq.
531 2630 579 2683 atti
595 2645 644 2696 pro
660 2646 693 2683 eo
710 2630 820 2692 habent,
858 2637 940 2682 oetam
956 2632 1079 2681 mortuus
1096 2633 1152 2689 est;
1170 2631 1193 2681 si
1210 2642 1294 2693 prope
1312 2632 1388 2679 octo-

295 2709 371 2760 cuius
380 2710 422 2759 est
432 2706 542 2771 epistola
551 2706 623 2772 apud
635 2707 689 2756 Cic.
700 2706 735 2756 ad
747 2707 820 2756 Fam.
858 2707 996 2771 genutius,
1015 2718 1039 2755 a.
1059 2719 1086 2755 u.
1104 2718 1129 2755 c.
1141 2704 1263 2757 att-tta.
1283 2704 1336 2755 iem
1347 2706 1388 2754 vi·

295 2786 336 2845 ιι),
349 2784 390 2834 30.
409 2781 576 2834 Probabilius
587 2782 725 2833 Weiehert
737 2782 819 2830 Lectt.
859 2782 982 2832 asnarius
996 2781 1055 2831 erat
1070 2780 1193 2844 adeoque
1210 2779 1325 2829 insanire
1335 2790 1388 2842 po-

294 2859 361 2908 Ven.
379 2858 404 2907 i.
423 2870 449 2920 p.
469 2857 509 2906 te.
528 2868 577 2919 pro
590 2857 618 2905 t.
632 2853 727 2915 Galba,
741 2855 821 2905 Octa·
858 2858 928 2908 terat
951 2857 978 2907 in
1004 2854 1196 2907 meretriculas.
1235 2854 1386 2905 ilistoricus

295 2932 366 2981 viani
379 2943 480 2982 scurra.
500 2928 612 2992 (Quintil.
627 2930 656 2989 6,
675 2929 699 2990 3,
717 2929 759 2978 st.
778 2928 819 2978 62.
858 2934 949 2983 autem
966 2935 1044 2983 nat-us
1061 2944 1085 2981 a.
1103 2944 1131 2981 u.
1150 2943 1174 2981 c.
1191 2930 1248 2981 668.
1267 2929 1388 2979 decessit

296 3004 337 3057 64.
357 3006 398 3055 66.
414 3004 455 3053 90.
475 3004 565 3053 luven.
579 3002 608 3064 5,
627 3000 651 3053 ι.
669 3000 779 3053 Martial.
794 3002 818 3061 t,
858 3020 883 3057 a,
903 3020 930 3056 u,
949 3019 972 3056 ο,
992 3006 1060 3067 749.¹
1078 3006 1147 3055 adeo
1164 3007 1194 3055 ut
1210 3006 1285 3053 iocus
1297 3004 1386 3053 Hore-

296 3080 342 3141 ιι,
356 3078 397 3129 li.
411 3078 456 3136 td,
469 3077 535 3139 tot.)
551 3075 605 3127 Cir.
618 3074 822 3127 Wlnckelmann
858 3082 945 3132 tinum
957 3079 1000 3131 vel
1016 3081 1159 3145 propterea
1175 3080 1264 3129 minus
1281 3078 1308 3127 in
1318 3091 1387 3129 eum

296 3154 331 3204 ad
347 3151 414 3203 Plut.
433 3152 504 3201 Erot.
522 3164 550 3215 p.
570 3150 637 3212 ⁴8⁴..
655 3150 702 3201 ubi
718 3164 746 3215 p.
763 3152 819 3201 760.
859 3156 981 3219 quadret.
997 3182 1024 3191 -
1037 3155 1070 3204 Aa
1085 3152 1132 3217 bie]
1145 3156 1194 3203 «tt
1210 3153 1254 3203 hic
1268 3153 1326 3216 ipse
1337 3154 1388 3201 Sa-

295 3232 326 3281 Α.
345 3227 510 3279 memoratur
532 3219 667 3287 Κάββας,
691 3224 725 3275 nl.
744 3222 822 3276 Κάλ-
858 3228 965 3289 lustius,
983 3230 1007 3279 si
1022 3226 1104 3278 vellet
1119 3240 1168 3290 pro
1186 3241 1215 3277 re
1228 3239 1276 3277 sua
1287 3224 1387 3277 famili-

296 3304 367 3367 βας,
386 3297 578 3369 γελωτοποιός
595 3300 706 3365 eiusque
724 3300 821 3351 locatio
858 3304 896 3353 sri
915 3306 942 3353 et
958 3305 988 3352 ut
998 3302 1073 3352 iubet
1083 3304 1150 3352 ratio
1168 3301 1310 3351 munificus
1321 3313 1386 3351 esse

296 3392 359 3431 cum
376 3379 540 3429 Maecenate.
858 3379 885 3428 iu
902 3380 1004 3428 amicos
1020 3378 1129 3441 inopes,
1147 3376 1273 3426 meritum
1296 3375 1388 3424 hono·

329 3450 417 3506 tt-at.
441 3452 468 3501 ιιι
490 3452 568 3501 classe
583 3448 700 3513 amando]
718 3449 821 3501 Festive
857 3466 917 3502 rem
928 3451 980 3503 sibi
992 3452 1112 3515 pareret,
1131 3452 1195 3512 quin
1207 3449 1304 3499 eodem
1315 3450 1388 3500 tem-

295 3529 444 3580 institutum
461 3524 524 3577 illud
542 3528 598 3577 Ser.
612 3523 699 3585 Tullii,
717 3535 821 3586 exque
857 3539 924 3591 pore
945 3527 1028 3577 etiam
1051 3523 1195 3585 libertinis,
1223 3523 1388 3587 quibusdam

296 3600 409 3667 populus
426 3602 561 3651 Romanus
578 3602 605 3650 in
618 3600 649 3649 V.
664 3598 764 3649 classes
775 3598 822 3647 de-
858 3602 1011 3662 consuevit,
1041 3603 1171 3664 quantum
1196 3598 1294 3649 suflicit
1317 3597 1387 3648 dare

296 3676 412 3739 scriptus
429 3676 500 3735 erat,
527 3672 562 3723 ad
578 3672 715 3722 libertinas
733 3674 822 3721 trans·
858 3678 961 3740 posset,
980 3690 1034 3725 non
1051 3678 1142 3725 tamen
1158 3673 1236 3723 donis
1253 3686 1299 3723 eas
1316 3686 1389 3723 one-

297 3750 356 3802 lert.
377 3776 404 3785 -
423 3748 555 3812 εαιιιιιιιιι]
582 3744 758 3797 probabiliter
780 3749 823 3796 est
857 3763 934 3810 rans;
960 3763 1055 3801 verum
1080 3751 1149 3799 mira
1172 3748 1280 3799 stultitia
1303 3746 1389 3798 abre·

296 3835 382 3889 nepos
398 3824 498 3873 sororis
519 3820 623 3872 Salustii
646 3820 765 3871 historici
786 3821 821 3871 ab
857 3828 929 3890 ptus,
944 3838 996 3888 qua
1007 3837 1118 3888 prorsus
1130 3820 1271 3873 ridiculum
1282 3834 1311 3872 se
1323 3822 1391 3873 red-

297 3900 349 3949 hoc
374 3896 527 3961 adoptatus,
555 3895 589 3945 ad
615 3908 696 3959 quem
715 3896 822 3948 circiter
859 3899 910 3961 dit,
936 3897 1018 3949 veluti
1043 3898 1139 3948 virtute
1165 3910 1214 3948 sua
1239 3895 1390 3960 gloriatur,

296 3972 350 4023 xtt.
369 3971 445 4021 annis
467 3972 528 4035 post
547 3971 654 4035 scripsit
676 3970 723 4021 od.
742 3973 773 4031 2,
795 3973 819 4023 ι.
859 3974 932 4038 quod
943 3974 1093 4023 matronam
1104 3970 1204 4023 nullam
1215 3974 1391 4034 corrumpat»

297 4048 336 4097 De
354 4042 506 4096 eoconsule
524 4046 605 4096 tacit.
619 4047 686 4097 Αιιιι.
700 4048 727 4107 ι,
747 4047 771 4096 6.
790 4046 819 4109 3,
858 4049 909 4097 cet.
954 4048 1107 4098 Lectionem
1131 4050 1160 4095 ut
1184 4043 1318 4095 Bentleius
1345 4046 1392 4097 sie

298 4120 338 4173 30.
366 4122 423 4171 Fuit
442 4123 503 4185 post
524 4121 684 4173 Maecenatis
704 4124 821 4172 mortem
858 4120 986 4187 explicat:
1006 4123 1084 4171 «odeo
1100 4126 1142 4182 ut,
1159 4121 1182 4169 ri
1198 4120 1285 4181 votet,
1309 4127 1391 4171 aest·

297 4196 431 4262 particeps
454 4198 619 4247 secretorum
643 4197 761 4259 Augusti.
796 4198 821 4247 ls
858 4200 910 4246 cet.
931 4222 960 4233 —
978 4195 1106 4259 Muniflco]
1131 4196 1220 4246 Lectio
1237 4194 1392 4257 seucum
