2925 4892
273 371 314 438 82
653 369 782 419 nonnrn
801 368 982 420 4444444444

313 530 360 594 Ν4
382 546 540 613 sequerer
561 524 729 599 moechas,
753 543 910 590 concessa
932 542 1006 589 oum
1029 543 1148 590 venere
1171 524 1215 589 uti

313 652 462 715 Possem:
486 646 644 734 Deprensi
666 665 731 711 non
753 644 837 711 balla
859 655 909 710 est
929 644 1014 711 lama
1036 643 1189 720 Treboni,

311 770 433 836 Aiebat.
478 768 631 855 Sapiens,
654 767 754 833 vitatu
776 765 921 853 quidque
944 766 1044 853 petitu
1295 765 1357 830 ll5

312 891 359 957 Sit
379 888 511 966 melius,
535 909 652 955 causas
675 884 791 985 recidet
811 885 884 952 tibi:
907 886 950 952 mi
974 886 1051 954 satis
1074 896 1138 961 est,
1163 888 1189 951 si

311 1009 474 1077 Traditum
496 1009 538 1077 ab
560 1008 701 1097 antiquis
722 1027 848 1073 morem
870 1027 1002 1073 servare
1025 1018 1195 1094 tuamque,

309 1134 394 1197 Dum
416 1129 560 1199 custodis
582 1150 678 1217 eges,
702 1129 799 1195 vitam
822 1128 1005 1217 famamque
1027 1129 1110 1194 tueri

310 1252 507 1319 incolumem
528 1271 678 1338 possnm3
703 1248 797 1315 simul
821 1270 860 1317 ac
882 1250 1047 1317 duraverit
1069 1260 1158 1317 aetas

309 1374 453 1439 Membra
467 1373 674 1460 animumque
686 1382 786 1446 tuum,
796 1370 896 1437 nabis
912 1372 981 1438 siue
997 1372 1126 1438 cortice.
1150 1371 1204 1438 Sic
1219 1391 1270 1436 me
1294 1369 1358 1435 420

307 1493 479 1561 Formahat
500 1513 638 1581 puerum
660 1492 768 1569 dictis,
794 1501 825 1558 et
848 1492 916 1557 sive
940 1490 1087 1569 iubebat,

306 1617 346 1683 Ut
366 1615 506 1682 lacerem
529 1613 627 1702 quid:
652 1612 761 1678 Habes
784 1623 966 1690 auctorem,
990 1635 1057 1700 quo
1079 1613 1178 1680 lacias
1200 1612 1276 1689 hoc,

306 1738 410 1805 Unum
433 1758 473 1803 ex
496 1735 657 1802 indicibus
682 1732 812 1801 selectis
835 1733 1027 1813 obiiciebat3

306 1859 382 1924 Sive
405 1857 547 1924 vetabat:
572 1860 619 1921 An
641 1855 704 1921 hoe
726 1854 931 1921 inhonestum
953 1866 985 1920 et
1007 1854 1117 1921 inutile
1139 1854 1222 1921 lactu

304 1980 412 2044 Necne
434 1978 494 2054 sit,
518 1976 706 2053 addubites,
730 1974 844 2063 flagret
866 1996 996 2041 rumore
1019 1974 1104 2041 malo
1127 1998 1200 2043 eum
1291 1976 1357 2042 425

306 2099 366 2165 Hie
388 2109 485 2185 atque
508 2096 586 2164 ille?
608 2096 729 2163 Avidus
751 2096 892 2163 vicinum
913 2096 1009 2162 funus
1031 2106 1064 2162 et
1086 2118 1200 2185 aegros

329 2296 385 2345 449.
401 2295 496 2356 posunt
518 2295 549 2343 Lt
573 2295 633 2357 (nou
650 2291 758 2358 bscdp).
775 2323 801 2331 -
822 2293 877 2344 423.
896 2294 977 2343 electis
993 2294 1051 2357 pet
1067 2295 1172 2357 septem
1189 2294 1315 2344 Pottiertl.

300 2398 328 2406 -
346 2369 465 2419 4444444444
481 2369 507 2418 d.
530 2393 556 2404 -
578 2367 633 2418 tat.
652 2368 889 2432 sactambodlnon
907 2368 960 2431 Sp).
976 2392 1002 2403 -
1018 2368 1074 2417 tet.
1094 2368 1319 2418 4444444444.-

295 2443 459 2583 ffitqougren]
485 2443 612 2492 4444444444
637 2442 664 2493 b.
686 2470 713 2478 -
738 2444 795 2492 446.
821 2442 881 2493 tlte?
908 2443 979 2493 Vides
995 2439 1104 2509 ρ,γιξω,
1124 2446 1185 2493 octo
1203 2444 1317 2494 Pottierii

262 2670 363 2721 84444444·
379 2670 422 2718 vix
439 2680 557 2732 unquam
575 2670 731 2731 corruptum
745 2680 789 2717 44-
826 2670 853 2717 44
876 2667 986 2717 tribunis
1008 2669 1117 2718 aerariis
1140 2668 1241 2717 iudices
1258 2679 1353 2716 rerum

262 2748 312 2796 sot.
331 2746 370 2795 De
381 2744 510 2795 Scantinio
523 2741 667 2806 Gttttlingit,
685 2744 727 2792 oni
740 2754 790 2791 me-
826 2740 976 2805 eapitalium
1000 2739 1187 2804 seligebantur.
1229 2742 1283 2791 Cic.
1302 2754 1354 2805 pro

260 2820 344 2870 reate
361 2832 457 2883 parum
472 2816 648 2882 probabiliter
660 2820 702 2867 est
713 2830 789 2866 scor-
827 2815 930 2866 Cluent.
944 2814 990 2875 43,
1011 2815 1071 2864 4ἳ4ε
1089 2816 1220 2865 Praetores
1235 2815 1329 2865 4444444
1340 2842 1357 2852 -

263 2896 321 2943 tum
344 2891 436 2951 virile,
463 2891 515 2940 vid.
539 2892 635 2939 Bnlteri
661 2890 718 2940 lnd.
738 2892 790 2940 Le·
825 2892 905 2939 iurati
931 2890 1016 2939 4444444
1041 2892 1161 2952 optimam
1184 2903 1305 2952 4444444444
1326 2891 1356 2939 in

263 2977 327 3029 gum
349 2977 376 3027 p.
394 2965 452 3013 259.
478 2992 505 3000 -
530 2977 646 3012 44444444
661 2990 676 3001 -
691 2964 788 3025 venere]
825 2966 924 3015 selectos
943 2965 1037 3014 iudicer
1057 2966 1160 3028 referre.
1195 2965 1280 3016 Metro
1304 2964 1357 3013 arl-

263 3036 450 3088 meretricibus
460 3036 658 3086 honestioribus
667 3050 700 3085 ex
712 3048 788 3085 more
826 3039 949 3089 versatur
965 3038 1054 3088 electis.

263 3110 407 3162 iuventutis
416 3112 559 3160 Romanae.
573 3110 790 3174 opponiturhulc

263 3186 356 3236 veneri
372 3197 397 3234 v.
411 3184 468 3233 444.
488 3183 569 3245 turpis
585 3197 659 3233 amor
673 3185 791 3234 meretri-
860 3185 981 3236 444-443.
1006 3187 1044 3236 Ao
1060 3188 1105 3236 boe
1123 3187 1186 3254 cet]
1205 3186 1353 3240 Consta-ua:

263 3262 311 3321 444,
334 3260 444 3322 propter
460 3257 591 3308 luxuriem
608 3272 641 3308 ao
658 3260 791 3323 rapacita-
826 3261 864 3311 Ao
880 3260 1009 3311 4444444444
1022 3262 1063 3325 (an
1074 3262 1162 3324 possis
1175 3260 1216 3311 vel
1234 3260 1357 3326 aliquan-

263 3339 320 3386 tam
342 3333 469 3384 famosae.
492 3358 519 3367 -
541 3333 651 3398 Treboni]
673 3332 790 3397 alioquin
826 3333 911 3384 tulum
933 3334 1074 3398 dubitare),
1102 3338 1191 3385 utrum
1213 3337 1258 3386 4444
1280 3338 1357 3388 444444-

263 3408 353 3473 iguoti.
375 3435 403 3443 -
421 3407 560 3471 duraverit]
580 3406 791 3457 «corroborave-
826 3413 922 3458 nestum
943 3410 975 3459 stt
997 3410 1090 3460 4444444
1114 3424 1182 3460 non:
1205 3412 1354 3475 4444444444,

264 3484 311 3544 444,
338 3483 562 3533 confirmaverit.»
596 3483 668 3546 virg.
694 3484 740 3531 Ge.
760 3481 789 3542 3,
827 3498 861 3533 on
883 3484 938 3546 [pro
960 3482 1056 3548 otram)
1078 3485 1123 3533 boo
1146 3485 1301 3537 inhonestum
1323 3490 1357 3537 stt

264 3560 327 3609 att:
350 3558 637 3608 brmwrosodooloera
654 3558 740 3606 morat.
762 3583 789 3592 -
826 3556 924 3608 4444444
964 3558 1054 3621 (Hand
1082 3559 1157 3609 Turs.
1185 3561 1204 3608 4.
1231 3572 1258 3623 p.
1286 3561 1354 3611 3⁴0:

264 3634 318 3681 4444
344 3631 448 3694 cortice]
477 3632 553 3681 444444
579 3632 670 3682 Koria
705 3629 789 3681 Plaut.
828 3632 915 3681 444444
937 3631 1106 3682 Heindorfius
1128 3646 1181 3683 uon
1204 3632 1355 3685 intellexit»

265 3703 352 3755 aulul.
370 3704 399 3765 4,
419 3706 449 3765 4,
468 3706 496 3755 9ι
525 3707 602 3767 Quart
622 3706 721 3767 pueris,
750 3705 793 3766 qui
828 3703 986 3769 (explicansz
1006 3708 1098 3759 Utrum
1114 3708 1166 3757 boc
1183 3708 1357 3760 inhonestum

265 3791 329 3828 nore
345 3778 454 3839 4444444,
475 3779 574 3840 torpeo
589 3779 704 3829 induitur
718 3780 792 3839 ratis,
828 3782 875 3840 444,
894 3780 1011 3843 neene‘l).
1032 3782 1114 3831 «Sunt
1125 3782 1197 3831 enim
1208 3783 1257 3833 4444
1270 3782 1359 3835 verba

269 3853 318 3913 (tat
334 3850 446 3901 44444444
461 3852 556 3914 minor,
577 3853 678 3916 4444444444
692 3858 721 3902 ot
735 3858 794 3903 nent
828 3868 843 3905 a
860 3866 985 3905 sermone
1007 3856 1188 3919 praeceptoris
1211 3856 1357 3922 desumpta

267 3932 291 3977 et
310 3930 426 3975 moueant
446 3938 546 3975 monor.
567 3954 595 3963 -
612 3927 735 3977 4444444444
753 3941 793 3977 44-
828 3941 949 3992 nexaque
967 3929 1024 3979 aliis
1040 3930 1085 3991 iis,
1105 3942 1175 3993 quae
1187 3932 1356 3981 omittuntur.

267 4000 342 4064 tectis]
365 4000 387 4049 Α
408 4002 532 4063 praetore
554 4000 658 4051 urbano
675 4015 707 4051 44
734 4000 792 4065 lege
827 4004 865 4053 Aa
886 4006 927 4053 est
949 4002 976 4053 id
996 4003 1069 4067 quod
1086 4009 1131 4055 aut
1148 4008 1223 4054 entra
1239 4005 1359 4055 interro-

268 4074 372 4126 Aurelia
395 4087 420 4123 a.
438 4087 464 4122 u.
484 4088 509 4124 c.
528 4074 585 4125 6444.
606 4088 638 4125 eo
661 4078 791 4139 tempore,
828 4077 974 4140 gallonem3
993 4078 1177 4142 vertendaque
1195 4078 1263 4129 haee
1275 4082 1355 4129 sunt:

247 4145 322 4213 'quo
360 4146 517 4199 adolescens
555 4151 613 4198 erut
652 4150 790 4211 Horatius,
828 4154 888 4203 oder
902 4154 1021 4217 zweisetrt
1037 4155 1097 4205 rte.»
1132 4156 1210 4205 44444
1225 4155 1357 4219 Reisigius

270 4224 385 4275 CCCLX.
405 4223 635 4286 extremitatibus,
659 4224 793 4287 equitibus
829 4228 883 4277 Lat.
903 4228 1034 4291 spraubw.
1049 4243 1075 4294 p.
1089 4228 1146 4279 474.
1183 4230 1266 4279 Nemo
1288 4230 1353 4287 iam,
