2925 4892
547 407 609 457 aits
624 406 770 458 Pontes.

161 564 210 628 An
231 561 273 627 sit
294 560 433 628 amicitia
455 561 589 649 diguus:
612 563 640 628 si
662 565 806 630 earmina
828 563 966 640 condes,

161 687 333 772 Nunquam
355 693 387 749 te
409 681 517 750 lallant
536 683 633 750 animi
655 683 717 749 sub
740 682 835 771 volpe
858 683 1001 752 latentes,

161 802 317 884 Quintilio
340 804 469 894 siquid
492 804 661 881 recitares,
687 805 820 892 Corrige
843 806 941 873 sodes

161 927 246 1001 linc,
270 925 389 1003 aiebat,
412 935 446 992 et
466 925 542 1003 hoe;
569 923 685 992 melius
705 935 738 992 te
761 947 859 1013 posse
882 947 1033 1014 negares,

160 1047 217 1112 Bis
240 1057 355 1134 terque
377 1054 547 1134 expertum
568 1045 700 1124 frustra,
724 1045 836 1114 delere
860 1047 991 1116 iubebat
1143 1054 1205 1119 itti

161 1167 201 1232 Et
221 1166 306 1233 male
329 1177 472 1234 tornatos
495 1167 602 1234 incudi
625 1166 766 1234 reddere
788 1189 913 1236 versus.

150 1347 226 1410 prior
242 1358 305 1408 pers
321 1344 416 1409 deest.)
437 1373 464 1382 -
482 1346 581 1396 uanus
596 1346 626 1396 B.
641 1371 669 1382 -
682 1345 740 1397 tae.
760 1347 894 1409 (ὶιιᾶειειῑὶὸο
910 1362 973 1400 eum
990 1353 1107 1402 nummis
1125 1353 1174 1404 tio·

150 1420 270 1469 rulianae
287 1421 382 1470 aetalia
398 1420 440 1470 FJ.
461 1446 488 1455 -
507 1418 564 1470 439.
582 1417 673 1482 opebut
687 1421 717 1470 B.
739 1447 765 1456 -
784 1420 843 1472 440.
862 1422 969 1474 iubebat.
988 1425 1070 1476 «fluis
1087 1428 1174 1490 potiti-

151 1507 228 1544 σεε.»
245 1495 279 1555 Β,
297 1507 313 1544 a
329 1508 383 1558 quo
399 1493 498 1545 abeunt
513 1492 630 1557 reliqua;
648 1495 774 1546 continuo
790 1497 881 1546 autem
898 1499 1019 1560 sequitur
1036 1501 1090 1550 Sui.
1109 1502 1133 1562 i,
1148 1501 1171 1552 t.

152 1593 183 1604 -
202 1567 260 1620 tit.
277 1567 404 1632 mator]
421 1569 543 1632 [ommes
559 1569 693 1631 Guyetus,
711 1573 751 1620 ter
761 1574 833 1620 natos
844 1569 977 1624 Bentleius
989 1575 1058 1626 enni.
1069 1574 1104 1626 ab
1116 1577 1174 1640 ipso

150 1646 272 1706 recepta.

119 1799 167 1868 Τῷ
185 1797 321 1868 (esuritio)
338 1798 362 1850 δ’
379 1791 424 1872 ἆρ’
441 1795 560 1866 ἀλώπηξ
580 1815 645 1872 κερ-
682 1800 735 1851 Seii
760 1802 812 1852 hoo
834 1805 862 1852 et
878 1815 926 1867 par
943 1815 973 1855 se
991 1817 1149 1869 perversum
1166 1811 1207 1858 est

116 1875 208 1942 δαλέη
225 1873 382 1941 συνήντετο
397 1873 515 1927 Πεκνὸν
532 1869 646 1935 ῗχουσα
682 1887 733 1924 uec
757 1875 881 1926 coneedit
904 1877 1051 1930 vorborum
1076 1879 1151 1932 ordo.
1178 1907 1204 1918 -·

117 1948 201 2002 νόον.
220 1950 259 2000 cl.
279 1953 351 2001 Pers.
364 1952 390 2010 a,
403 1951 465 2000 tte:
486 1952 570 2014 ponte
582 1951 647 2013 pott-
681 1949 769 2013 delere]
789 1962 900 2001 «vernus
916 1950 973 2003 illos
990 1954 1125 2015 vitiosum·
1143 1967 1205 2016 uon,

117 2031 174 2086 tur,
199 2025 314 2074 mutum
328 2025 421 2086 vapido
438 2038 525 2075 rever
539 2025 585 2075 iub
598 2038 646 2086 pe-
681 2023 762 2073 utulii
773 2022 875 2085 volunt,
886 2027 987 2076 «totum
999 2029 1074 2078 tuum
1083 2033 1206 2092 poema.-

116 2105 189 2150 etore
202 2100 308 2160 velpem
339 2099 477 2149 Ruhnken.
496 2099 530 2150 ad
546 2100 646 2150 Timaei
685 2124 712 2134 -
725 2098 924 2161 maleiometos]
943 2102 1013 2151 Duas
1024 2103 1153 2165 imaffl'nes
1164 2104 1207 2152 hie

118 2176 185 2225 Lex.
198 2172 261 2223 Piut.
274 2185 301 2236 p.
312 2171 370 2223 ati.
382 2174 453 2237 Ltps.
467 2174 503 2237 (p.
514 2173 587 2225 toul,
600 2173 644 2224 ed.
682 2184 860 2234 agnoscamus
884 2187 997 2226 necesse
1022 2178 1064 2226 est
1088 2177 1207 2228 diversas

118 2248 213 2310 auiti:
235 2242 314 2311 ultis
330 2239 500 2311 ἀλωπεκῆν·
518 2243 573 2312 τὴν
589 2263 646 2298 ιαμ
682 2258 762 2307 sane,
778 2247 828 2298 sed
840 2249 933 2299 caitiiiu
943 2251 1063 2300 iunctura
1074 2253 1207 2304 artissime

117 2322 265 2391 roepytae.
281 2321 453 2372 Notisaimum
465 2324 507 2373 est
517 2323 646 2385 Lysandri
683 2322 863 2382 consociatus,
882 2335 934 2374 nou
953 2325 1056 2374 temere
1073 2326 1206 2386 contusas,

117 2397 240 2448 dietum:
268 2388 344 2447 ὅπου
367 2389 506 2461 ἡλεοντῆ
522 2393 565 2461 μὴ
582 2397 646 2458 ἐφι-
683 2393 1208 2458 tornielteram‚uiterumineudis;haee

117 2475 248 2529 κεεϊται,
282 2484 303 2518 u
358 2472 482 2539 partios
510 2469 572 2521 ἐκεῖ
593 2466 647 2536 τὴν
682 2469 718 2518 ad
735 2469 851 2532 primum
866 2484 994 2523 versuum
1012 2473 1209 2536 componendo·

117 2542 283 2608 ἀλωπεκῆν.
307 2540 431 2608 Δλώπηξ
447 2543 647 2596 autemdicitur
683 2555 744 2592 rum
762 2547 887 2594 conatum
905 2546 1034 2608 pertinet,
1053 2545 1096 2596 ille
1113 2546 1147 2595 ad
1164 2559 1208 2596 an·

119 2633 171 2685 pro
196 2618 265 2684 pelle
290 2617 418 2682 vulpina,
445 2623 476 2668 ut
499 2616 571 2668 λέων
595 2632 646 2683 pro
683 2618 738 2666 tem
756 2617 867 2666 eusdem
885 2617 1051 2678 elaloorondi¹
1071 2621 1209 2682 quaequi-

118 2693 192 2759 pelle
209 2692 329 2743 leonina·
348 2696 400 2743 cet.
683 2688 746 2740 dem
772 2703 836 2740 cura
869 2691 1034 2754 frequentius
1059 2705 1121 2742 cum
1145 2692 1208 2744 lima

152 2766 293 2820 tau-iti.
324 2768 457 2832 Quartilla]
482 2767 646 2818 assentaturi
683 2767 863 2827 eomparatur.
883 2767 938 2814 iam
955 2767 976 2816 si
993 2779 1087 2816 versus
1103 2769 1207 2828 tornati,

118 2856 194 2895 nune
209 2842 320 2906 opponit
335 2842 478 2903 imaginem
489 2843 586 2892 sinceri
598 2842 648 2891 eri-
683 2837 711 2888 id
724 2841 779 2898 ast,
796 2850 849 2888 nou
862 2839 919 2889 sine
934 2837 1015 2889 multe
1029 2851 1110 2903 opere
1123 2853 1155 2890 ao
1167 2841 1209 2890 di-

118 2920 165 2969 tici
184 2917 235 2979 (vv.
248 2915 380 2976 438454.)
403 2919 430 2965 ei
446 2919 476 2966 ut
492 2914 573 2966 talem
590 2915 648 2966 lau·
682 2911 789 2975 ligantia
799 2911 935 2974 elaborati,
955 2914 1041 2964 iudice
1052 2915 1137 2979 perito
1149 2927 1210 2966 sua-

119 2993 169 3044 det
190 2989 344 3051 Quintilium
360 2991 461 3040 Varum
481 2989 648 3041 Cremonen·
684 2986 765 3038 deute
788 2987 956 3039 nihilominus
979 2989 1118 3041 reiieiendi
1137 2993 1207 3050 sunt,

119 3079 196 3124 seru,
210 3065 287 3115 euius
298 3067 413 3114 mortem
425 3063 497 3126 luget
508 3065 555 3114 0d.
571 3068 595 3124 t,
604 3063 645 3115 at.
685 3062 749 3113 nihil
766 3066 861 3123 restet,
881 3064 931 3114 nisi
943 3066 973 3114 ut
983 3065 1067 3114 ἀεὶειίε
1077 3064 1209 3129 prioribus

120 3146 155 3206 (a.
176 3156 203 3192 ιι.
225 3155 250 3191 a.
270 3141 354 3202 litii:
381 3141 424 3190 iric
445 3144 548 3202 gratum
569 3143 648 3192 amici
686 3139 720 3199 (ι.
733 3137 801 3198 440.)
819 3151 914 3190 versus
930 3151 1041 3202 prorsus
1056 3141 1117 3189 uovi
1134 3153 1210 3190 com·

120 3218 283 3268 memoriam
301 3218 419 3264 renovat.
446 3216 555 3266 Potitum
569 3218 649 3266 vocat
685 3216 832 3276 ponantur,
858 3226 925 3276 quos
947 3215 1038 3277 ntique
1059 3217 1151 3264 toruus
1168 3211 1209 3263 vel

120 3296 204 3342 Acro:
225 3303 277 3352 qua
294 3288 329 3337 de
346 3301 376 3338 re
393 3291 483 3338 tumen
500 3302 564 3338 eum
580 3292 648 3340 Con-
685 3287 747 3338 lima
771 3301 877 3338 rursum
900 3291 1005 3346 manei;
1031 3302 1085 3352 qua
1102 3291 1128 3338 in
1146 3301 1210 3340 seu-

120 3366 198 3416 desin
222 3362 327 3414 dubitat
343 3363 481 3412 weicheri
496 3362 530 3411 de
548 3364 576 3412 t..
594 3363 648 3412 Va·
686 3363 767 3412 tentia
792 3374 857 3412 usus
882 3364 925 3412 est
949 3363 1062 3424 imagine
1091 3363 1207 3422 incudis,

119 3441 160 3488 rio
178 3451 206 3502 p.
220 3437 278 3486 tat.
297 3463 325 3472 -
342 3436 456 3501 mperes]
475 3438 522 3486 iiie
539 3449 647 3500 quoque
685 3437 728 3486 eui
746 3435 813 3484 atta
829 3434 929 3485 metalli
942 3447 1031 3485 massa
1043 3437 1208 3500 imponaturt

120 3512 307 3563 coniunctivae
324 3509 450 3574 pendete
469 3511 648 3575 praecedente
685 3508 800 3560 verbum
827 3511 931 3560 reddere
959 3511 1048 3559 eutem
1076 3521 1125 3559 suo
1152 3511 1210 3558 iure

119 3589 157 3647 si,
183 3597 350 3649 quamquam
371 3589 399 3634 et
421 3599 470 3648 per
491 3597 522 3634 se
543 3587 647 3648 posims
686 3597 818 3647 usurpare
830 3587 946 3646 poterat,
966 3595 1027 3634 oum
1041 3585 1101 3634 novi
1113 3584 1140 3632 hi
1151 3595 1211 3632 ver-

119 3661 280 3724 saepissime
305 3658 389 3708 habet
412 3660 466 3708 vim
483 3658 649 3709 conditione·
686 3656 1086 3720 susprioribussubsiituantur.
1101 3659 1212 3720 (sieten-

120 3735 185 3786 lem.
205 3733 369 3798 Cl.Epp.i,
388 3735 417 3791 4,
435 3734 476 3783 28.
492 3761 519 3770 -
539 3734 581 3782 Bis
596 3739 649 3782 ter-
686 3733 721 3781 tia
740 3732 815 3794 quusi
834 3731 901 3781 haee
918 3732 1212 3796 estimagoeumprio·

119 3809 178 3872 pue]
206 3807 247 3857 Ci.
266 3821 292 3856 v.
308 3807 365 3857 358.
386 3835 414 3844 -
435 3808 542 3868 smero]
568 3809 648 3869 iunge
686 3805 761 3856 ribus
771 3805 877 3855 duabus
889 3807 996 3867 iuncta.)
1006 3807 1132 3856 Ceterum
1141 3808 1213 3856 utra-

120 3895 186 3934 eum
202 3895 229 3931 v.
242 3887 388 3943 superium
406 3881 475 3932 male
493 3881 609 3932 uilicum
621 3895 647 3930 v.
686 3893 740 3943 que
766 3879 807 3929 illu
829 3880 985 3943 metaphora
1011 3879 1138 3943 frequens
1161 3882 1209 3931 eat.

119 3968 241 4021 napuras,
267 3958 298 4006 ut
322 3956 424 4006 dictum
443 3957 478 4006 sit
500 3969 534 4006 ex
550 3956 649 4005 lioratii
686 3955 1212 4018 Versumnumerosumlntipaterlhes-

119 4043 252 4096 munna:
272 4031 393 4080 «Frustra
410 4029 482 4094 apud
495 4029 649 4090 Quintilium
686 4028 733 4079 sul.
747 4027 851 4078 Authol.
867 4027 947 4078 Palat.
961 4031 979 4077 1.
994 4041 1020 4092 p.
1033 4028 1090 4078 427.
1110 4029 1212 4086 στίχον

120 4117 238 4168 negares
254 4103 350 4156 melius
366 4103 506 4154 elaborare
523 4108 549 4154 te
568 4117 649 4167 posse
685 4100 826 4172 Πιερίδων
842 4098 1001 4160 χαλκευιὸν
1024 4101 1067 4152 ἐπ’
1085 4095 1212 4164 ἄκμοσιν

120 4181 172 4230 hos
189 4176 233 4228 vel
249 4177 308 4229 illos
323 4178 484 4236 versiculum
512 4179 648 4228 tamenim
688 4175 1210 4236 dixit,recordatustortussepindl’ytti.

120 4253 165 4303 bis
191 4255 286 4315 terque
311 4255 338 4302 te
358 4252 385 4302 id
402 4254 544 4317 expertum
560 4263 648 4303 ease.»
689 4253 717 4312 4,
730 4251 776 4302 86:
806 4243 932 4315 ἀψευδεῖ
954 4248 986 4300 δὲ
1011 4246 1082 4320 πρὸς
1104 4241 1213 4314 ἄκμονι
