2925 4892
253 337 317 404 240
631 336 960 391 uomrusnrminou

300 496 382 562 Cum
403 492 536 560 llionam
558 491 710 571 edormit,
735 492 876 559 Catienis
896 489 983 558 mille
1009 489 1158 559 ducentis

300 616 441 693 allator,
464 623 497 682 te
517 612 691 702 appelloin
715 612 937 680 clamantibus.
982 613 1064 680 lluic
1086 633 1148 701 ego
1170 613 1285 700 volgus

296 737 405 803 Errori
427 735 564 803 similem
587 745 739 802 cunctum
761 735 901 801 insanire
928 732 1065 801 docebo.

298 858 420 925 insanit
439 867 570 925 veteres
592 866 714 922 statuas
736 855 951 942 Damasippus
974 853 1128 920 emendo:

295 982 424 1066 integer
445 988 497 1045 est
517 976 633 1044 mentis
655 976 844 1063 Damasippi
866 974 1016 1042 creditor.
1062 975 1151 1042 Esto!
1301 979 1344 1044 65

320 1187 362 1237 62.
379 1187 483 1251 naiman
498 1185 609 1246 isici.
646 1185 778 1248 (citepone
795 1183 885 1247 empse
902 1195 935 1232 ex
951 1179 1057 1232 duobus
1075 1180 1312 1234 Pulmanniettia-

286 1260 364 1311 teano
381 1262 481 1311 nostro.
515 1261 654 1322 Nusquam
672 1257 735 1309 alibi
751 1258 841 1322 empus
857 1253 1005 1307 masculino
1022 1268 1121 1318 genera
1136 1259 1248 1322 usurpat
1259 1258 1311 1308 iio-

286 1337 383 1396 ratiua,
401 1347 510 1398 semper
527 1336 649 1384 neutro.»
666 1332 769 1395 Βιιιιτι.)
800 1399 804 1408 ,

252 1513 323 1564 notis
332 1513 443 1562 utuntur
452 1511 504 1561 hae
515 1507 652 1574 particula.
665 1537 693 1545 -
706 1509 779 1559 edor-
815 1506 1039 1573 proloquebatur:
1067 1509 1131 1573 Aoo,
1149 1511 1236 1572 adsta,
1253 1523 1344 1572 marta,

252 1586 306 1650 nait]
320 1599 384 1649 «pro
395 1585 539 1649 praeterito
549 1584 648 1648 accipi,
661 1596 715 1633 nou
726 1595 776 1646 pro
816 1583 887 1643 midi,
899 1583 1025 1632 iteratim
1036 1584 1172 1634 manumet
1181 1585 1260 1634 istm
1269 1586 1345 1636 initii

252 1661 389 1727 praesenti
411 1658 519 1711 debet.»
548 1661 640 1710 Poura.
669 1658 776 1709 iiinime
816 1657 870 1707 Cic.
884 1655 966 1706 Acad.
980 1656 1010 1715 2,
1029 1657 1076 1718 ti,
1095 1657 1135 1708 88.
1151 1683 1179 1694 -
1192 1657 1347 1709 Cir.omni-

254 1748 329 1785 vero.
347 1733 414 1784 Vide
422 1732 544 1795 Madvigii
552 1732 588 1782 ad
596 1733 649 1782 Set.
664 1732 723 1793 no,
736 1731 776 1782 43.
816 1743 850 1780 no
872 1727 999 1779 Welcliar
1021 1730 1066 1780 Gr.
1087 1731 1226 1794 Propddien
1249 1733 1292 1782 ill.
1314 1746 1345 1796 p.

253 1809 469 1874 disputationem.
502 1807 533 1857 ln
554 1807 673 1857 oratione
690 1803 777 1856 soluta
816 1804 889 1853 tito.
920 1802 997 1854 Halm
1014 1803 1049 1854 ad
1072 1805 1126 1855 Cic.
1143 1817 1171 1869 p.
1191 1806 1276 1856 Sestio
1294 1807 1344 1869 59,

253 1882 364 1933 dixisset
380 1880 567 1931 «edormiretn
584 1905 615 1916 -
633 1881 731 1941 Mota,
755 1884 778 1929 te
816 1877 879 1928 426:
898 1877 1047 1941 Emerpebat
1063 1879 1157 1939 addo,
1175 1893 1233 1930 cnm
1249 1880 1294 1930 aab
1305 1886 1348 1931 ta-

252 1956 364 2020 appelio]
398 1956 592 2017 argumentum
624 1953 777 2016 tragoediae
816 1951 1069 2015 bniosntlrapserot,
1087 1955 1236 2015 ataiiatar,
1255 1958 1348 2020 teap-

253 2025 777 2090 PacuvianaesicenarratiiyginusPab.
815 2024 900 2090 psilon
929 2027 1041 2077 dicturus
1063 2029 1198 2078 videratur.
1223 2055 1251 2066 -
1276 2029 1348 2079 mitia

253 2104 319 2154 ⁴09:
346 2103 466 2152 «Priamo
488 2099 635 2163 Polydorus
658 2099 727 2149 tilius
745 2113 778 2149 ex
816 2100 934 2165 ducentis]
954 2101 996 2150 aSi
1008 2114 1061 2152 non
1073 2115 1142 2152 unus
1153 2101 1291 2152 dumtaxat
1305 2103 1349 2153 ui-

253 2177 363 2228 iiacuba
385 2189 447 2225 cum
464 2177 538 2224 asset
561 2177 652 2236 natus,
678 2171 777 2223 Ilionae
816 2175 896 2235 strio,
923 2174 972 2225 sed
989 2177 1121 2237 sexcenti,
1148 2178 1177 2226 ut
1198 2175 1295 2226 dicitur
1318 2177 1348 2228 in

253 2251 322 2302 tiliae
340 2263 405 2300 suae
423 2248 557 2299 dederunt
577 2261 640 2298 eum
658 2247 778 2299 educan·
815 2259 896 2312 prosa
913 2249 1048 2310 oratioue,
1067 2251 1102 2299 ita
1121 2247 1293 2300 clamarent.»

253 2322 779 2388 dum,quaePolymestori‚reyi'il1ra·
850 2321 938 2372 62-65.
967 2323 1031 2372 Huic
1057 2323 1119 2388 cet]
1137 2325 1218 2393 allate
1244 2322 1348 2388 duplici

253 2413 329 2460 cum,
356 2400 415 2448 erat
430 2399 525 2461 nupta,
554 2410 637 2460 quem
661 2395 704 2446 illa
728 2409 778 2461 pro
816 2394 940 2458 quidem,
967 2396 1017 2447 sed
1042 2409 1128 2461 aeque
1145 2411 1241 2461 magno
1258 2401 1348 2449 errori

252 2472 309 2525 lilio
322 2485 372 2523 suo
395 2472 527 2523 educavit.
561 2469 712 2536 Deiphilum
729 2482 779 2519 au·
816 2471 915 2533 partim
946 2471 1009 2522 nihil
1042 2472 1186 2523 metuenda
1219 2473 1349 2525 reformi-

252 2551 322 2608 tem,
349 2559 431 2609 quem
454 2559 487 2596 ex
509 2545 691 2608 Polymestore
713 2557 780 2609 pro-
816 2543 911 2606 dandi,
933 2548 1029 2609 partim
1046 2559 1110 2596 vera
1127 2547 1244 2611 pericula
1263 2547 1347 2600 stulte

252 2625 402 2683 creaverat,
429 2633 478 2686 pro
501 2634 550 2672 suo
575 2620 656 2671 matra
678 2619 778 2670 educa·
816 2620 1005 2670 contemnendi
1027 2618 1141 2671 similem
1158 2634 1279 2672 errorem
1297 2635 1350 2672 er-

251 2698 304 2759 vit,
327 2700 358 2746 ut
372 2697 395 2747 si
409 2695 486 2747 alteri
502 2708 596 2745 eorum
611 2694 674 2759 quid
692 2694 776 2754 torst,
816 2705 887 2754 rara,
908 2692 961 2755 vel,
982 2696 1012 2744 ut
1028 2695 1055 2744 ia.
1068 2693 1085 2745 i.
1099 2697 1140 2745 est
1158 2696 1238 2745 etiam
1255 2696 1350 2748 attica·

252 2769 407 2836 parentibus
432 2771 590 2834 praestaret.
637 2769 689 2819 Sed
715 2779 778 2818 cum
817 2766 886 2828 cius,
905 2767 1030 2830 insanire,
1048 2769 1141 2818 insano
1156 2771 1240 2819 errori
1257 2769 1349 2822 obno-

252 2845 344 2895 Achivi
365 2845 443 2893 Troia
460 2845 538 2907 capta
560 2841 665 2908 prolem
682 2842 779 2892 Priami
816 2843 889 2892 xium
915 2857 993 2905 esse,
1020 2843 1113 2907 volgus
1139 2845 1268 2897 docebo.»
1288 2849 1346 2899 Cir.

253 2919 400 2980 exstirpare
416 2915 528 2977 vellent,
548 2943 563 2952 -
574 2943 589 2952 -
605 2916 641 2966 ad
657 2915 781 2978 Polyme·
816 2916 883 2981 Epp.
896 2919 925 2978 4,
940 2921 969 2980 4,
983 2919 1045 2969 tot:
1062 2920 1176 2970 insanire
1183 2926 1260 2982 pistas
1269 2923 1349 2972 solte-

253 2994 354 3041 storem
379 2989 481 3053 legatos
507 2991 653 3049 miserunt,
683 2991 729 3052 qui
754 2992 779 3040 ei
816 2991 888 3040 mnia
904 3005 952 3042 ms.
985 2991 1182 3044 PaulusSilent.
1195 2996 1273 3044 Antia.
1287 2995 1346 3048 Pal.

252 3063 460 3127 Agamemnonis
485 3062 565 3113 tiliam
589 3064 697 3113 nomine
718 3063 781 3114 Ele·
817 3067 837 3115 l.
859 3078 885 3130 p.
908 3067 973 3117 tie:
1002 3063 1093 3126 χόλον
1116 3059 1229 3119 ἔνδικον
1245 3065 1346 3134 αἶθες,

253 3141 339 3188 ctram
363 3136 553 3202 pollicerentur
576 3139 604 3187 in
627 3139 779 3201 coniugium
818 3139 901 3189 «iusta
920 3141 957 3190 ira
975 3141 1218 3194 excandescebas.»
1238 3172 1266 3180 -
1279 3151 1350 3195 mte-

253 3215 281 3262 at
296 3213 354 3261 auri
370 3224 495 3274 magnam
513 3213 631 3277 copiam,
656 3213 679 3263 si
700 3211 779 3276 Poly·
816 3214 865 3278 res]
877 3215 975 3265 lioratii
988 3217 1108 3280 tempore
1120 3215 1267 3281 sculptores
1279 3219 1348 3270 nihil

253 3286 363 3348 dorum,
374 3287 471 3337 Priami
482 3285 579 3348 tilium,
591 3286 777 3338 interfecisset.
819 3289 875 3340 iare
892 3289 953 3338 novi
968 3289 1153 3352 inveniebant,
1172 3291 1221 3341 sed
1236 3305 1268 3341 eo
1280 3305 1350 3344 con-

253 3360 420 3424 Poiymestor
449 3359 598 3423 legatorum
626 3361 698 3412 dicta
725 3373 780 3411 non
818 3364 883 3413 tanti
901 3365 987 3424 erant,
1007 3366 1037 3412 ut
1053 3365 1235 3428 antiquissima
1252 3379 1349 3418 exem-

252 3435 402 3500 repudiavit
434 3433 653 3499 Deiphilumque‚
696 3433 780 3485 filium
817 3437 900 3502 plaria
923 3449 1004 3500 quam
1030 3439 1229 3490 accuratissime
1254 3441 1349 3491 imita-

252 3522 343 3570 suum,
359 3509 515 3575 imprudens
527 3509 633 3571 occidit,
646 3508 779 3559 arbitrans
817 3514 917 3562 rentur.
954 3513 1082 3571 Quocirca
1100 3513 1194 3574 fiebat,
1221 3516 1249 3563 ut
1264 3517 1348 3566 rete·

251 3595 282 3634 sa
300 3583 475 3646 Polydorum,
502 3583 585 3635 filium
602 3585 711 3645 Priami,
738 3585 779 3633 in-
817 3597 878 3635 rum
894 3586 1027 3636 artificum
1043 3599 1129 3651 usque
1147 3587 1181 3638 ad
1201 3585 1348 3640 Alexandri

251 3657 404 3707 teriecisse»
424 3660 476 3706 cet.
516 3658 573 3708 lam
596 3657 669 3721 apud
693 3660 779 3707 Pacu·
817 3660 981 3710 mactatam
998 3673 1080 3724 opera
1097 3663 1199 3726 ipsein
1216 3661 1273 3713 dies
1285 3666 1350 3715 stu·

251 3730 326 3779 vium
336 3729 449 3795 Deiphili
460 3730 557 3781 umbra
565 3731 707 3782 dormienti
718 3729 779 3781 llio-
817 3731 917 3783 diosius
941 3739 1146 3796 quaererentur.
1187 3737 1260 3786 Statii
1278 3736 1345 3788 Silv.

252 3815 302 3853 nae
319 3815 382 3853 cum
399 3807 556 3868 appareret,
579 3806 621 3857 his
637 3803 778 3856 versiculis
816 3805 847 3868 i,
875 3806 904 3868 6,
931 3809 976 3857 ii:
1014 3809 1187 3871 Quis-eoniis
1210 3813 1351 3863 contuenti

252 3889 315 3928 eam
331 3874 531 3940 alioquebatur:
559 3881 657 3941 Matar,
683 3884 708 3930 ts
729 3891 779 3941 ap-
815 3893 928 3940 nnqntun
956 3882 1075 3944 Vindicis,
1102 3885 1228 3948 nrtiflnsn
1250 3891 1350 3938 vatem

247 3951 331 4015 potio,
349 3964 415 4014 qnae
431 3965 521 4001 mann
537 3965 779 4016 sonmoasapntsnnt
816 3967 950 4018 opnooem
966 3955 1077 4006 dactus?
1101 3985 1128 3992 —
1151 3957 1262 4008 Distinxi
1279 3973 1348 4012 cum

251 4026 334 4085 iwan,
359 4026 444 4086 Nepae
461 4027 677 4078 temetmiserst:
702 4041 778 4091 sarpa
816 4030 964 4090 Dtintzsro,
991 4033 1022 4079 ut
1046 4033 1177 4082 sententia
1204 4032 1273 4084 haec
1290 4034 1346 4084 sit:

252 4103 276 4148 at
291 4098 365 4161 apati
380 4102 488 4148 notuit!
510 4100 573 4163 (Cic.
586 4102 663 4152 Tusc.
677 4102 688 4150 4
703 4140 709 4163 ,
727 4101 775 4163 44,
817 4103 869 4153 «Ex
901 4103 1041 4154 hominum
1071 4103 1218 4168 volgarium
1250 4119 1348 4159 errore

254 4173 321 4237 406.)
359 4171 404 4223 iila
427 4175 519 4223 autem
535 4178 692 4239 experrecta
709 4176 777 4226 haec
816 4189 881 4227 sane
905 4177 1004 4227 insanit
1028 4179 1220 4243 Damasippus,
1245 4183 1347 4232 mentis
