<?xml version="1.0" encoding="UTF-8"?>
<!DOCTYPE html PUBLIC "-//W3C//DTD XHTML 1.0 Transitional//EN"
    "http://www.w3.org/TR/xhtml1/DTD/xhtml1-transitional.dtd">
<html xmlns="http://www.w3.org/1999/xhtml" xml:lang="en" lang="en">
 <head>
  <title>
</title>
<meta http-equiv="Content-Type" content="text/html;charset=utf-8" />
  <meta name='ocr-system' content='tesseract 3.04.00' />
  <meta name='ocr-capabilities' content='ocr_page ocr_carea ocr_par ocr_line ocrx_word'/>
</head>
<body>
  <div class='ocr_page' id='page_1' title='image "./qhoratiusflaccu03baitgoog/qhoratiusflaccu03baitgoog_0573.png"; bbox 0 0 2925 4892; ppageno 0'>
   <div class='ocr_carea' id='block_1_1' title="bbox 487 409 1191 476">
    <p class='ocr_par' dir='ltr' id='par_1_1' title="bbox 487 409 1191 476">
     <span class='ocr_line' id='line_1_1' title="bbox 487 409 1191 476; baseline 0.026 -18"><span class='ocrx_word' id='word_1_1' title='bbox 487 409 548 458; x_wconf 84' lang='lat' dir='ltr'><strong>uru.</strong></span> <span class='ocrx_word' id='word_1_2' title='bbox 566 410 585 458; x_wconf 91' lang='lat'><strong>1.</strong></span> <span class='ocrx_word' id='word_1_3' title='bbox 621 410 718 460; x_wconf 80' lang='lat' dir='ltr'><strong>urrsr.</strong></span> <span class='ocrx_word' id='word_1_4' title='bbox 737 411 802 461; x_wconf 81' lang='lat' dir='ltr'><strong>nix.</strong></span> <span class='ocrx_word' id='word_1_5' title='bbox 1128 412 1191 476; x_wconf 79' lang='lat'><strong>579</strong></span> 
     </span>
    </p>
   </div>
   <div class='ocr_carea' id='block_1_2' title="bbox 142 562 1193 1256">
    <p class='ocr_par' dir='ltr' id='par_1_2' title="bbox 142 562 1193 893">
     <span class='ocr_line' id='line_1_2' title="bbox 142 562 1193 652; baseline 0.004 -22"><span class='ocrx_word' id='word_1_6' title='bbox 142 562 233 630; x_wconf 87' lang='lat' dir='ltr'><strong>Scire</strong></span> <span class='ocrx_word' id='word_1_7' title='bbox 256 562 351 638; x_wconf 89' lang='lat' dir='ltr'><strong>velis,</strong></span> <span class='ocrx_word' id='word_1_8' title='bbox 376 583 449 628; x_wconf 84' lang='lat' dir='ltr'><strong>men</strong></span> <span class='ocrx_word' id='word_1_9' title='bbox 471 584 530 630; x_wconf 88' lang='lat' dir='ltr'><strong>eur</strong></span> <span class='ocrx_word' id='word_1_10' title='bbox 552 565 694 652; x_wconf 82' lang='lat' dir='ltr'><strong>ingratus</strong></span> <span class='ocrx_word' id='word_1_11' title='bbox 716 565 873 652; x_wconf 88' lang='lat' dir='ltr'><strong>opuscula</strong></span> <span class='ocrx_word' id='word_1_12' title='bbox 895 565 997 634; x_wconf 85' lang='lat' dir='ltr'><strong>lector</strong></span> <span class='ocrx_word' id='word_1_13' title='bbox 1150 570 1193 634; x_wconf 85' lang='lat'><strong>35</strong></span> 
     </span>
     <span class='ocr_line' id='line_1_3' title="bbox 142 683 1122 775; baseline 0.003 -26"><span class='ocrx_word' id='word_1_14' title='bbox 142 683 267 750; x_wconf 86' lang='lat' dir='ltr'><strong>Laudet</strong></span> <span class='ocrx_word' id='word_1_15' title='bbox 289 692 440 770; x_wconf 84' lang='lat' dir='ltr'><strong>ametque</strong></span> <span class='ocrx_word' id='word_1_16' title='bbox 462 683 565 762; x_wconf 84' lang='lat' dir='ltr'><strong>domi,</strong></span> <span class='ocrx_word' id='word_1_17' title='bbox 589 697 715 772; x_wconf 84' lang='lat' dir='ltr'><strong>premat</strong></span> <span class='ocrx_word' id='word_1_18' title='bbox 736 695 826 752; x_wconf 81' lang='lat' dir='ltr'><strong>extra</strong></span> <span class='ocrx_word' id='word_1_19' title='bbox 847 685 945 754; x_wconf 87' lang='lat' dir='ltr'><strong>limen</strong></span> <span class='ocrx_word' id='word_1_20' title='bbox 967 688 1122 775; x_wconf 78' lang='lat' dir='ltr'><strong>iniquus?</strong></span> 
     </span>
     <span class='ocr_line' id='line_1_4' title="bbox 143 804 902 893; baseline 0.003 -23"><span class='ocrx_word' id='word_1_21' title='bbox 143 807 212 870; x_wconf 82' lang='lat' dir='ltr'><strong>Non</strong></span> <span class='ocrx_word' id='word_1_22' title='bbox 239 825 301 891; x_wconf 81' lang='lat' dir='ltr'><strong>ego</strong></span> <span class='ocrx_word' id='word_1_23' title='bbox 324 813 478 872; x_wconf 78' lang='lat' dir='ltr'>ventosae</span> <span class='ocrx_word' id='word_1_24' title='bbox 499 804 603 893; x_wconf 85' lang='lat' dir='ltr'><strong>plebis</strong></span> <span class='ocrx_word' id='word_1_25' title='bbox 626 805 779 892; x_wconf 79' lang='lat' dir='ltr'><strong>suffragia</strong></span> <span class='ocrx_word' id='word_1_26' title='bbox 800 827 902 874; x_wconf 87' lang='lat' dir='ltr'><strong>venor</strong></span> 
     </span>
    </p>

    <p class='ocr_par' dir='ltr' id='par_1_3' title="bbox 143 925 965 1012">
     <span class='ocr_line' id='line_1_5' title="bbox 143 925 965 1012; baseline 0.01 -24"><span class='ocrx_word' id='word_1_27' title='bbox 143 925 302 1012; x_wconf 89' lang='lat' dir='ltr'><strong>impensis</strong></span> <span class='ocrx_word' id='word_1_28' title='bbox 325 945 500 992; x_wconf 88' lang='lat' dir='ltr'><strong>coenarum</strong></span> <span class='ocrx_word' id='word_1_29' title='bbox 523 937 556 993; x_wconf 89' lang='lat' dir='ltr'><strong>ot</strong></span> <span class='ocrx_word' id='word_1_30' title='bbox 578 926 670 993; x_wconf 87' lang='lat' dir='ltr'><strong>tritae</strong></span> <span class='ocrx_word' id='word_1_31' title='bbox 692 948 828 994; x_wconf 90' lang='lat' dir='ltr'><strong>munere</strong></span> <span class='ocrx_word' id='word_1_32' title='bbox 850 929 965 1008; x_wconf 87' lang='lat' dir='ltr'><strong>vestis;</strong></span> 
     </span>
    </p>

    <p class='ocr_par' dir='ltr' id='par_1_4' title="bbox 143 1045 1192 1256">
     <span class='ocr_line' id='line_1_6' title="bbox 143 1045 1033 1134; baseline 0.003 -22"><span class='ocrx_word' id='word_1_33' title='bbox 143 1048 213 1112; x_wconf 92' lang='lat' dir='ltr'><strong>Non</strong></span> <span class='ocrx_word' id='word_1_34' title='bbox 235 1066 312 1132; x_wconf 88' lang='lat' dir='ltr'><strong>ego,</strong></span> <span class='ocrx_word' id='word_1_35' title='bbox 336 1045 492 1114; x_wconf 87' lang='lat' dir='ltr'>nobilium</span> <span class='ocrx_word' id='word_1_36' title='bbox 513 1047 706 1134; x_wconf 89' lang='lat' dir='ltr'><strong>scriptorum</strong></span> <span class='ocrx_word' id='word_1_37' title='bbox 729 1047 857 1114; x_wconf 81' lang='lat' dir='ltr'>auditor</span> <span class='ocrx_word' id='word_1_38' title='bbox 878 1049 1033 1125; x_wconf 87' lang='grc'><strong>4441444,</strong></span> 
     </span>
     <span class='ocr_line' id='line_1_7' title="bbox 144 1166 1192 1256; baseline 0.004 -24"><span class='ocrx_word' id='word_1_39' title='bbox 144 1166 377 1232; x_wconf 80' lang='lat' dir='ltr'><strong>Grammaticos</strong></span> <span class='ocrx_word' id='word_1_40' title='bbox 400 1167 524 1232; x_wconf 82' lang='lat' dir='ltr'><strong>ambire</strong></span> <span class='ocrx_word' id='word_1_41' title='bbox 546 1166 648 1232; x_wconf 89' lang='lat' dir='ltr'><strong>tribus</strong></span> <span class='ocrx_word' id='word_1_42' title='bbox 671 1178 703 1234; x_wconf 87' lang='lat' dir='ltr'><strong>et</strong></span> <span class='ocrx_word' id='word_1_43' title='bbox 723 1167 847 1255; x_wconf 88' lang='lat' dir='ltr'><strong>pulpita</strong></span> <span class='ocrx_word' id='word_1_44' title='bbox 868 1169 998 1256; x_wconf 82' lang='lat' dir='ltr'>dignor:</span> <span class='ocrx_word' id='word_1_45' title='bbox 1150 1173 1192 1236; x_wconf 85' lang='grc'><strong>40</strong></span> 
     </span>
    </p>
   </div>
   <div class='ocr_carea' id='block_1_3' title="bbox 132 1343 1157 1486">
    <p class='ocr_par' dir='ltr' id='par_1_5' title="bbox 132 1343 1157 1486">
     <span class='ocr_line' id='line_1_8' title="bbox 132 1343 1157 1410; baseline 0.005 -17"><span class='ocrx_word' id='word_1_46' title='bbox 132 1345 243 1410; x_wconf 70' lang='lat' dir='ltr'><strong>inperiis</strong></span> <span class='ocrx_word' id='word_1_47' title='bbox 263 1343 302 1394; x_wconf 91' lang='lat' dir='ltr'><strong>bd</strong></span> <span class='ocrx_word' id='word_1_48' title='bbox 327 1346 392 1408; x_wconf 83' lang='lat' dir='ltr'><strong>(nou</strong></span> <span class='ocrx_word' id='word_1_49' title='bbox 419 1345 490 1406; x_wconf 83' lang='lat' dir='ltr'><strong>SEc).</strong></span> <span class='ocrx_word' id='word_1_50' title='bbox 513 1371 539 1380; x_wconf 92' lang='lat'><em>—</em></span> <span class='ocrx_word' id='word_1_51' title='bbox 560 1345 599 1394; x_wconf 79' lang='lat'><strong>39.</strong></span> <span class='ocrx_word' id='word_1_52' title='bbox 618 1346 699 1410; x_wconf 81' lang='lat' dir='ltr'><strong>ultor]</strong></span> <span class='ocrx_word' id='word_1_53' title='bbox 721 1347 763 1396; x_wconf 89' lang='lat' dir='ltr'><strong>Sic</strong></span> <span class='ocrx_word' id='word_1_54' title='bbox 780 1348 861 1398; x_wconf 84' lang='lat' dir='ltr'><strong>etium</strong></span> <span class='ocrx_word' id='word_1_55' title='bbox 878 1349 931 1398; x_wconf 89' lang='lat' dir='ltr'><strong>mei</strong></span> <span class='ocrx_word' id='word_1_56' title='bbox 950 1348 1034 1400; x_wconf 84' lang='lat' dir='ltr'>Codd.</span> <span class='ocrx_word' id='word_1_57' title='bbox 1051 1349 1157 1402; x_wconf 86' lang='lat' dir='ltr'><strong>bSEcd:</strong></span> 
     </span>
     <span class='ocr_line' id='line_1_9' title="bbox 132 1417 809 1486; baseline 0.001 -19"><span class='ocrx_word' id='word_1_58' title='bbox 132 1423 208 1468; x_wconf 82' lang='lat' dir='ltr'><strong>actor</strong></span> <span class='ocrx_word' id='word_1_59' title='bbox 225 1419 363 1468; x_wconf 81' lang='lat' dir='ltr'><strong>canterus.</strong></span> <span class='ocrx_word' id='word_1_60' title='bbox 385 1445 412 1452; x_wconf 99' lang='lat'>-</span> <span class='ocrx_word' id='word_1_61' title='bbox 433 1417 598 1486; x_wconf 68' lang='lat' dir='ltr'><strong>idemdire]</strong></span> <span class='ocrx_word' id='word_1_62' title='bbox 617 1420 706 1470; x_wconf 79' lang='grc'><strong>4444444</strong></span> <span class='ocrx_word' id='word_1_63' title='bbox 722 1433 763 1483; x_wconf 88' lang='lat' dir='ltr'><strong>pr.</strong></span> <span class='ocrx_word' id='word_1_64' title='bbox 783 1419 809 1470; x_wconf 92' lang='lat' dir='ltr'><strong>d.</strong></span> 
     </span>
    </p>
   </div>
   <div class='ocr_carea' id='block_1_4' title="bbox 99 1585 1200 4326">
    <p class='ocr_par' dir='ltr' id='par_1_6' title="bbox 99 1585 1200 4326">
     <span class='ocr_line' id='line_1_10' title="bbox 101 1585 1192 1652; baseline 0.006 -18"><span class='ocrx_word' id='word_1_65' title='bbox 101 1585 184 1646; x_wconf 80' lang='lat' dir='ltr'><strong>uelis,</strong></span> <span class='ocrx_word' id='word_1_66' title='bbox 204 1598 253 1634; x_wconf 91' lang='lat' dir='ltr'><strong>cur</strong></span> <span class='ocrx_word' id='word_1_67' title='bbox 270 1597 331 1634; x_wconf 87' lang='lat' dir='ltr'><strong>mea</strong></span> <span class='ocrx_word' id='word_1_68' title='bbox 349 1585 468 1636; x_wconf 83' lang='lat' dir='ltr'><strong>carmina</strong></span> <span class='ocrx_word' id='word_1_69' title='bbox 488 1585 629 1648; x_wconf 76' lang='grc'><strong>(44444444,</strong></span> <span class='ocrx_word' id='word_1_70' title='bbox 668 1587 775 1639; x_wconf 84' lang='lat' dir='ltr'><strong>Persius</strong></span> <span class='ocrx_word' id='word_1_71' title='bbox 792 1590 816 1648; x_wconf 96' lang='grc'><strong>4,</strong></span> <span class='ocrx_word' id='word_1_72' title='bbox 838 1588 885 1638; x_wconf 76' lang='lat'><strong>53:</strong></span> <span class='ocrx_word' id='word_1_73' title='bbox 909 1590 1020 1638; x_wconf 81' lang='grc'><strong>4444444444</strong></span> <span class='ocrx_word' id='word_1_74' title='bbox 1038 1591 1087 1640; x_wconf 78' lang='lat' dir='ltr'><strong>sois</strong></span> <span class='ocrx_word' id='word_1_75' title='bbox 1098 1604 1192 1652; x_wconf 80' lang='lat' dir='ltr'><strong>ponere</strong></span> 
     </span>
     <span class='ocr_line' id='line_1_11' title="bbox 101 1657 1193 1724; baseline 0.004 -14"><span class='ocrx_word' id='word_1_76' title='bbox 101 1657 337 1724; x_wconf 74' lang='lat' dir='ltr'><strong>utEpp.i‚i,3.)</strong></span> <span class='ocrx_word' id='word_1_77' title='bbox 356 1658 512 1723; x_wconf 84' lang='lat' dir='ltr'><strong>ipsisemuli</strong></span> <span class='ocrx_word' id='word_1_78' title='bbox 524 1661 631 1710; x_wconf 90' lang='lat' dir='ltr'><strong>meiiu-</strong></span> <span class='ocrx_word' id='word_1_79' title='bbox 666 1673 769 1722; x_wconf 80' lang='grc'><strong>4444444,</strong></span> <span class='ocrx_word' id='word_1_80' title='bbox 803 1662 858 1712; x_wconf 76' lang='lat' dir='ltr'><strong>Scis</strong></span> <span class='ocrx_word' id='word_1_81' title='bbox 890 1664 1004 1714; x_wconf 83' lang='grc'><strong>4444444444</strong></span> <span class='ocrx_word' id='word_1_82' title='bbox 1035 1663 1193 1714; x_wconf 65' lang='lat' dir='ltr'><strong>novimum</strong></span> 
     </span>
     <span class='ocr_line' id='line_1_12' title="bbox 101 1733 1190 1798; baseline 0.003 -14"><span class='ocrx_word' id='word_1_83' title='bbox 101 1739 140 1784; x_wconf 82' lang='lat' dir='ltr'><strong>trs</strong></span> <span class='ocrx_word' id='word_1_84' title='bbox 164 1733 331 1783; x_wconf 86' lang='lat' dir='ltr'><strong>domesticos</strong></span> <span class='ocrx_word' id='word_1_85' title='bbox 353 1733 470 1797; x_wconf 88' lang='lat' dir='ltr'><strong>parietes</strong></span> <span class='ocrx_word' id='word_1_86' title='bbox 487 1747 571 1798; x_wconf 87' lang='lat' dir='ltr'>prope</span> <span class='ocrx_word' id='word_1_87' title='bbox 589 1735 631 1784; x_wconf 89' lang='lat' dir='ltr'><strong>in·</strong></span> <span class='ocrx_word' id='word_1_88' title='bbox 668 1735 747 1784; x_wconf 86' lang='lat' dir='ltr'><strong>trito</strong></span> <span class='ocrx_word' id='word_1_89' title='bbox 763 1736 859 1786; x_wconf 76' lang='grc'><strong>44444444</strong></span> <span class='ocrx_word' id='word_1_90' title='bbox 874 1736 992 1797; x_wconf 82' lang='grc'><strong>44444444,</strong></span> <span class='ocrx_word' id='word_1_91' title='bbox 1018 1738 1065 1798; x_wconf 79' lang='lat' dir='ltr'><strong>lit,</strong></span> <span class='ocrx_word' id='word_1_92' title='bbox 1091 1738 1190 1798; x_wconf 73' lang='lat' dir='ltr'><strong>Verisa,</strong></span> 
     </span>
     <span class='ocr_line' id='line_1_13' title="bbox 100 1807 1190 1870; baseline 0.006 -14"><span class='ocrx_word' id='word_1_93' title='bbox 100 1809 145 1858; x_wconf 83' lang='lat' dir='ltr'><strong>riti</strong></span> <span class='ocrx_word' id='word_1_94' title='bbox 158 1807 341 1868; x_wconf 76' lang='lat' dir='ltr'><strong>admirentur,</strong></span> <span class='ocrx_word' id='word_1_95' title='bbox 360 1807 423 1869; x_wconf 86' lang='lat' dir='ltr'><strong>sed,</strong></span> <span class='ocrx_word' id='word_1_96' title='bbox 443 1821 506 1858; x_wconf 91' lang='lat' dir='ltr'><strong>cum</strong></span> <span class='ocrx_word' id='word_1_97' title='bbox 517 1808 544 1858; x_wconf 90' lang='lat' dir='ltr'><strong>in</strong></span> <span class='ocrx_word' id='word_1_98' title='bbox 556 1809 631 1858; x_wconf 90' lang='lat' dir='ltr'><strong>simi·</strong></span> <span class='ocrx_word' id='word_1_99' title='bbox 667 1809 763 1870; x_wconf 81' lang='grc'><strong>444444,</strong></span> <span class='ocrx_word' id='word_1_100' title='bbox 772 1823 846 1860; x_wconf 71' lang='lat' dir='ltr'><strong>miro:</strong></span> <span class='ocrx_word' id='word_1_101' title='bbox 859 1812 1190 1863; x_wconf 78' lang='lat' dir='ltr'><strong>aerummilridicitodeme.</strong></span> 
     </span>
     <span class='ocr_line' id='line_1_14' title="bbox 99 1881 1194 1951; baseline 0.003 -17"><span class='ocrx_word' id='word_1_102' title='bbox 99 1883 166 1934; x_wconf 91' lang='lat' dir='ltr'><strong>lium</strong></span> <span class='ocrx_word' id='word_1_103' title='bbox 193 1883 346 1944; x_wconf 87' lang='lat' dir='ltr'><strong>iniquorum</strong></span> <span class='ocrx_word' id='word_1_104' title='bbox 371 1893 494 1932; x_wconf 88' lang='lat' dir='ltr'><strong>meorum</strong></span> <span class='ocrx_word' id='word_1_105' title='bbox 518 1881 631 1934; x_wconf 84' lang='lat' dir='ltr'><strong>circulos</strong></span> <span class='ocrx_word' id='word_1_106' title='bbox 700 1883 741 1933; x_wconf 82' lang='grc'><strong>39.</strong></span> <span class='ocrx_word' id='word_1_107' title='bbox 755 1882 796 1935; x_wconf 82' lang='lat' dir='ltr'><strong>io.</strong></span> <span class='ocrx_word' id='word_1_108' title='bbox 813 1885 934 1935; x_wconf 80' lang='grc'><strong>4444444444</strong></span> <span class='ocrx_word' id='word_1_109' title='bbox 948 1886 1109 1951; x_wconf 59' lang='lat' dir='ltr'><strong>scriptorve]</strong></span> <span class='ocrx_word' id='word_1_110' title='bbox 1124 1899 1194 1950; x_wconf 85' lang='lat' dir='ltr'><strong>qua·</strong></span> 
     </span>
     <span class='ocr_line' id='line_1_15' title="bbox 100 1955 1194 2023; baseline 0.002 -15"><span class='ocrx_word' id='word_1_111' title='bbox 100 1957 274 2016; x_wconf 77' lang='lat' dir='ltr'>devenerint,</span> <span class='ocrx_word' id='word_1_112' title='bbox 289 1956 410 2006; x_wconf 78' lang='lat' dir='ltr'><strong>certatim</strong></span> <span class='ocrx_word' id='word_1_113' title='bbox 422 1957 453 2006; x_wconf 89' lang='lat' dir='ltr'><strong>iis</strong></span> <span class='ocrx_word' id='word_1_114' title='bbox 465 1955 630 2012; x_wconf 58' lang='lat' dir='ltr'><strong>obuertere</strong></span> <span class='ocrx_word' id='word_1_115' title='bbox 668 1955 707 2008; x_wconf 87' lang='lat' dir='ltr'><strong>les</strong></span> <span class='ocrx_word' id='word_1_116' title='bbox 725 1959 788 2008; x_wconf 85' lang='lat' dir='ltr'><strong>tuuc</strong></span> <span class='ocrx_word' id='word_1_117' title='bbox 799 1962 876 2010; x_wconf 87' lang='lat' dir='ltr'><strong>erant</strong></span> <span class='ocrx_word' id='word_1_118' title='bbox 886 1958 982 2020; x_wconf 81' lang='lat' dir='ltr'><strong>Pollio,</strong></span> <span class='ocrx_word' id='word_1_119' title='bbox 994 1959 1127 2023; x_wconf 76' lang='lat' dir='ltr'><strong>Virgilius,</strong></span> <span class='ocrx_word' id='word_1_120' title='bbox 1139 1960 1194 2010; x_wconf 85' lang='lat' dir='ltr'><strong>Va-</strong></span> 
     </span>
     <span class='ocr_line' id='line_1_16' title="bbox 100 2030 1195 2094; baseline 0 -10"><span class='ocrx_word' id='word_1_121' title='bbox 100 2035 153 2084; x_wconf 89' lang='lat' dir='ltr'><strong>boe</strong></span> <span class='ocrx_word' id='word_1_122' title='bbox 170 2031 234 2081; x_wconf 86' lang='lat' dir='ltr'><strong>ideo</strong></span> <span class='ocrx_word' id='word_1_123' title='bbox 251 2030 309 2080; x_wconf 87' lang='lat' dir='ltr'><strong>lieri</strong></span> <span class='ocrx_word' id='word_1_124' title='bbox 325 2031 406 2092; x_wconf 87' lang='lat' dir='ltr'><strong>scito,</strong></span> <span class='ocrx_word' id='word_1_125' title='bbox 426 2030 518 2094; x_wconf 82' lang='lat' dir='ltr'><strong>quod»</strong></span> <span class='ocrx_word' id='word_1_126' title='bbox 536 2034 588 2082; x_wconf 88' lang='lat' dir='ltr'><strong>cet.</strong></span> <span class='ocrx_word' id='word_1_127' title='bbox 603 2057 625 2070; x_wconf 91' lang='lat'><em>-</em></span> <span class='ocrx_word' id='word_1_128' title='bbox 668 2033 736 2092; x_wconf 90' lang='lat' dir='ltr'><strong>rius,</strong></span> <span class='ocrx_word' id='word_1_129' title='bbox 755 2031 887 2094; x_wconf 84' lang='lat' dir='ltr'><strong>Tibullus,</strong></span> <span class='ocrx_word' id='word_1_130' title='bbox 906 2034 1057 2085; x_wconf 79' lang='lat' dir='ltr'><strong>Fundanius</strong></span> <span class='ocrx_word' id='word_1_131' title='bbox 1068 2036 1119 2086; x_wconf 89' lang='grc'><strong>444.</strong></span> <span class='ocrx_word' id='word_1_132' title='bbox 1140 2036 1195 2084; x_wconf 84' lang='grc'><strong>444-</strong></span> 
     </span>
     <span class='ocr_line' id='line_1_17' title="bbox 100 2103 1194 2179; baseline 0.004 -23"><span class='ocrx_word' id='word_1_133' title='bbox 100 2107 229 2172; x_wconf 77' lang='lat' dir='ltr'><strong>inpraius]</strong></span> <span class='ocrx_word' id='word_1_134' title='bbox 253 2105 314 2168; x_wconf 68' lang='lat' dir='ltr'><strong>equi</strong></span> <span class='ocrx_word' id='word_1_135' title='bbox 331 2117 395 2156; x_wconf 92' lang='lat' dir='ltr'><strong>cum</strong></span> <span class='ocrx_word' id='word_1_136' title='bbox 412 2103 526 2155; x_wconf 76' lang='lat' dir='ltr'>deberet</span> <span class='ocrx_word' id='word_1_137' title='bbox 542 2109 632 2169; x_wconf 76' lang='lat' dir='ltr'><strong>gratus</strong></span> <span class='ocrx_word' id='word_1_138' title='bbox 669 2106 765 2158; x_wconf 88' lang='lat' dir='ltr'><strong>uiiesto</strong></span> <span class='ocrx_word' id='word_1_139' title='bbox 781 2121 807 2157; x_wconf 85' lang='grc'><strong>4.</strong></span> <span class='ocrx_word' id='word_1_140' title='bbox 819 2108 940 2158; x_wconf 64' lang='lat' dir='ltr'><strong>nobilior</strong></span> <span class='ocrx_word' id='word_1_141' title='bbox 956 2111 1031 2158; x_wconf 79' lang='lat' dir='ltr'><strong>extra</strong></span> <span class='ocrx_word' id='word_1_142' title='bbox 1047 2109 1194 2179; x_wconf 70' lang='grc' dir='ltr'><strong>εἰρωνείαν</strong></span> 
     </span>
     <span class='ocr_line' id='line_1_18' title="bbox 102 2176 1193 2247; baseline 0.001 -14"><span class='ocrx_word' id='word_1_143' title='bbox 102 2182 167 2233; x_wconf 91' lang='lat' dir='ltr'><strong>mibi</strong></span> <span class='ocrx_word' id='word_1_144' title='bbox 186 2192 249 2230; x_wconf 87' lang='lat' dir='ltr'><strong>essa</strong></span> <span class='ocrx_word' id='word_1_145' title='bbox 266 2191 316 2242; x_wconf 91' lang='lat' dir='ltr'><strong>pro</strong></span> <span class='ocrx_word' id='word_1_146' title='bbox 329 2178 491 2230; x_wconf 81' lang='lat' dir='ltr'><strong>carminibus</strong></span> <span class='ocrx_word' id='word_1_147' title='bbox 504 2180 580 2240; x_wconf 85' lang='lat' dir='ltr'><strong>meis,</strong></span> <span class='ocrx_word' id='word_1_148' title='bbox 599 2192 632 2230; x_wconf 86' lang='grc'><strong>44</strong></span> <span class='ocrx_word' id='word_1_149' title='bbox 669 2182 786 2245; x_wconf 89' lang='lat' dir='ltr'><strong>positum</strong></span> <span class='ocrx_word' id='word_1_150' title='bbox 814 2176 962 2232; x_wconf 73' lang='grc' dir='ltr'><em>ἀντίθεσιν</em></span> <span class='ocrx_word' id='word_1_151' title='bbox 989 2182 1072 2232; x_wconf 84' lang='grc'><strong>4444444</strong></span> <span class='ocrx_word' id='word_1_152' title='bbox 1101 2196 1193 2247; x_wconf 69' lang='lat' dir='ltr'><strong>pron·</strong></span> 
     </span>
     <span class='ocr_line' id='line_1_19' title="bbox 101 2252 1193 2321; baseline -0.001 -14"><span class='ocrx_word' id='word_1_153' title='bbox 101 2259 127 2307; x_wconf 89' lang='lat' dir='ltr'><strong>iu</strong></span> <span class='ocrx_word' id='word_1_154' title='bbox 145 2252 383 2317; x_wconf 71' lang='lat' dir='ltr'><strong>congressionibus</strong></span> <span class='ocrx_word' id='word_1_155' title='bbox 403 2252 570 2304; x_wconf 77' lang='lat' dir='ltr'><strong>familiarium</strong></span> <span class='ocrx_word' id='word_1_156' title='bbox 587 2265 633 2304; x_wconf 91' lang='lat' dir='ltr'>re·</span> <span class='ocrx_word' id='word_1_157' title='bbox 669 2257 823 2306; x_wconf 72' lang='grc'><strong>4444444444</strong></span> <span class='ocrx_word' id='word_1_158' title='bbox 842 2256 961 2306; x_wconf 68' lang='lat' dir='ltr'><strong>tribunes.</strong></span> <span class='ocrx_word' id='word_1_159' title='bbox 984 2284 1011 2294; x_wconf 94' lang='lat'><em>-</em></span> <span class='ocrx_word' id='word_1_160' title='bbox 1035 2257 1112 2321; x_wconf 83' lang='lat' dir='ltr'><strong>ultor]</strong></span> <span class='ocrx_word' id='word_1_161' title='bbox 1135 2256 1193 2318; x_wconf 80' lang='lat' dir='ltr'><strong>Alii,</strong></span> 
     </span>
     <span class='ocr_line' id='line_1_20' title="bbox 103 2325 1196 2395; baseline 0.002 -15"><span class='ocrx_word' id='word_1_162' title='bbox 103 2327 276 2395; x_wconf 84' lang='lat' dir='ltr'>prehendere</span> <span class='ocrx_word' id='word_1_163' title='bbox 288 2325 381 2378; x_wconf 75' lang='lat' dir='ltr'><strong>solet.»</strong></span> <span class='ocrx_word' id='word_1_164' title='bbox 396 2355 423 2364; x_wconf 96' lang='lat'><em>-</em></span> <span class='ocrx_word' id='word_1_165' title='bbox 439 2329 548 2390; x_wconf 72' lang='grc'><strong>44444444]</strong></span> <span class='ocrx_word' id='word_1_166' title='bbox 568 2327 634 2378; x_wconf 77' lang='grc'><strong>«(44-</strong></span> <span class='ocrx_word' id='word_1_167' title='bbox 670 2333 699 2378; x_wconf 89' lang='lat' dir='ltr'><strong>ut</strong></span> <span class='ocrx_word' id='word_1_168' title='bbox 715 2327 852 2389; x_wconf 85' lang='lat' dir='ltr'><strong>Wieland‚</strong></span> <span class='ocrx_word' id='word_1_169' title='bbox 870 2331 940 2380; x_wconf 90' lang='lat' dir='ltr'><strong>serio</strong></span> <span class='ocrx_word' id='word_1_170' title='bbox 957 2331 1105 2395; x_wconf 78' lang='lat' dir='ltr'><strong>accipiunt:</strong></span> <span class='ocrx_word' id='word_1_171' title='bbox 1125 2332 1196 2382; x_wconf 74' lang='lat' dir='ltr'><strong>silos</strong></span> 
     </span>
     <span class='ocr_line' id='line_1_21' title="bbox 102 2400 1196 2469; baseline 0.001 -15"><span class='ocrx_word' id='word_1_172' title='bbox 102 2404 205 2468; x_wconf 82' lang='lat' dir='ltr'><strong>primat</strong></span> <span class='ocrx_word' id='word_1_173' title='bbox 215 2405 297 2464; x_wconf 89' lang='lat' dir='ltr'><strong>atque</strong></span> <span class='ocrx_word' id='word_1_174' title='bbox 307 2400 421 2452; x_wconf 79' lang='lat' dir='ltr'>elevet.»</span> <span class='ocrx_word' id='word_1_175' title='bbox 433 2401 502 2464; x_wconf 77' lang='lat' dir='ltr'><strong>Virg.</strong></span> <span class='ocrx_word' id='word_1_176' title='bbox 513 2405 579 2452; x_wconf 78' lang='lat' dir='ltr'><strong>Aen.</strong></span> <span class='ocrx_word' id='word_1_177' title='bbox 590 2401 630 2460; x_wconf 88' lang='grc'><strong>44,</strong></span> <span class='ocrx_word' id='word_1_178' title='bbox 669 2403 813 2466; x_wconf 80' lang='lat' dir='ltr'><strong>scriptores</strong></span> <span class='ocrx_word' id='word_1_179' title='bbox 830 2403 865 2454; x_wconf 92' lang='lat' dir='ltr'><strong>ab</strong></span> <span class='ocrx_word' id='word_1_180' title='bbox 882 2405 980 2467; x_wconf 88' lang='lat' dir='ltr'><strong>iniquis</strong></span> <span class='ocrx_word' id='word_1_181' title='bbox 995 2406 1196 2469; x_wconf 83' lang='lat' dir='ltr'><strong>vituperationi·</strong></span> 
     </span>
     <span class='ocr_line' id='line_1_22' title="bbox 102 2476 1196 2542; baseline -0.004 -10"><span class='ocrx_word' id='word_1_182' title='bbox 102 2481 163 2532; x_wconf 79' lang='lat' dir='ltr'><strong>ini:</strong></span> <span class='ocrx_word' id='word_1_183' title='bbox 182 2479 302 2528; x_wconf 77' lang='lat' dir='ltr'><strong>Necesse</strong></span> <span class='ocrx_word' id='word_1_184' title='bbox 312 2503 327 2514; x_wconf 95' lang='grc'>-</span> <span class='ocrx_word' id='word_1_185' title='bbox 336 2503 350 2513; x_wconf 98' lang='grc'>-</span> <span class='ocrx_word' id='word_1_186' title='bbox 362 2477 479 2528; x_wconf 78' lang='grc'><strong>4444444444</strong></span> <span class='ocrx_word' id='word_1_187' title='bbox 493 2478 559 2526; x_wconf 81' lang='lat' dir='ltr'><strong>vires</strong></span> <span class='ocrx_word' id='word_1_188' title='bbox 570 2477 634 2527; x_wconf 83' lang='lat' dir='ltr'>Gen·</span> <span class='ocrx_word' id='word_1_189' title='bbox 670 2476 721 2527; x_wconf 90' lang='lat' dir='ltr'><strong>bus</strong></span> <span class='ocrx_word' id='word_1_190' title='bbox 744 2477 890 2528; x_wconf 74' lang='lat' dir='ltr'>defendere</span> <span class='ocrx_word' id='word_1_191' title='bbox 914 2491 1062 2541; x_wconf 87' lang='lat' dir='ltr'><strong>eorumque</strong></span> <span class='ocrx_word' id='word_1_192' title='bbox 1079 2478 1196 2542; x_wconf 87' lang='lat' dir='ltr'><strong>patroci-</strong></span> 
     </span>
     <span class='ocr_line' id='line_1_23' title="bbox 103 2549 1196 2613; baseline -0.001 -9"><span class='ocrx_word' id='word_1_193' title='bbox 103 2556 134 2604; x_wconf 82' lang='grc'><strong>444</strong></span> <span class='ocrx_word' id='word_1_194' title='bbox 149 2554 188 2604; x_wconf 82' lang='grc'><strong>444</strong></span> <span class='ocrx_word' id='word_1_195' title='bbox 204 2553 300 2612; x_wconf 82' lang='grc'><strong>444444,</strong></span> <span class='ocrx_word' id='word_1_196' title='bbox 326 2557 415 2602; x_wconf 67' lang='lat' dir='ltr'><strong>conoe</strong></span> <span class='ocrx_word' id='word_1_197' title='bbox 427 2563 542 2612; x_wconf 71' lang='lat' dir='ltr'><strong>premes</strong></span> <span class='ocrx_word' id='word_1_198' title='bbox 558 2562 633 2600; x_wconf 73' lang='grc'><strong>44444</strong></span> <span class='ocrx_word' id='word_1_199' title='bbox 671 2551 745 2599; x_wconf 90' lang='lat' dir='ltr'><strong>nium</strong></span> <span class='ocrx_word' id='word_1_200' title='bbox 753 2552 891 2613; x_wconf 86' lang='lat' dir='ltr'><strong>suscipere</strong></span> <span class='ocrx_word' id='word_1_201' title='bbox 903 2549 1003 2602; x_wconf 76' lang='lat' dir='ltr'><strong>soleo.»</strong></span> <span class='ocrx_word' id='word_1_202' title='bbox 1017 2552 1092 2610; x_wconf 84' lang='lat' dir='ltr'><strong>Quod</strong></span> <span class='ocrx_word' id='word_1_203' title='bbox 1105 2555 1196 2602; x_wconf 82' lang='grc'><strong>4444444</strong></span> 
     </span>
     <span class='ocr_line' id='line_1_24' title="bbox 104 2624 1196 2687; baseline -0.005 -8"><span class='ocrx_word' id='word_1_204' title='bbox 104 2629 199 2679; x_wconf 78' lang='grc'><strong>4444444.</strong></span> <span class='ocrx_word' id='word_1_205' title='bbox 237 2625 342 2686; x_wconf 82' lang='lat' dir='ltr'><strong>Quintil.</strong></span> <span class='ocrx_word' id='word_1_206' title='bbox 360 2625 402 2684; x_wconf 91' lang='grc'><strong>44,</strong></span> <span class='ocrx_word' id='word_1_207' title='bbox 424 2625 448 2684; x_wconf 91' lang='grc'><strong>4,</strong></span> <span class='ocrx_word' id='word_1_208' title='bbox 471 2625 516 2674; x_wconf 86' lang='lat' dir='ltr'><strong>iii:</strong></span> <span class='ocrx_word' id='word_1_209' title='bbox 544 2625 593 2686; x_wconf 81' lang='lat' dir='ltr'><strong>Qui</strong></span> <span class='ocrx_word' id='word_1_210' title='bbox 608 2637 634 2674; x_wconf 90' lang='lat' dir='ltr'><strong>se</strong></span> <span class='ocrx_word' id='word_1_211' title='bbox 670 2637 732 2674; x_wconf 90' lang='lat' dir='ltr'><strong>cum</strong></span> <span class='ocrx_word' id='word_1_212' title='bbox 754 2625 920 2687; x_wconf 73' lang='lat' dir='ltr'><strong>moganum</strong></span> <span class='ocrx_word' id='word_1_213' title='bbox 941 2624 1044 2674; x_wconf 88' lang='lat' dir='ltr'><strong>dietum</strong></span> <span class='ocrx_word' id='word_1_214' title='bbox 1064 2624 1196 2684; x_wconf 81' lang='lat' dir='ltr'><strong>videatur,</strong></span> 
     </span>
     <span class='ocr_line' id='line_1_25' title="bbox 105 2698 1197 2766; baseline -0.002 -15"><span class='ocrx_word' id='word_1_215' title='bbox 105 2715 184 2766; x_wconf 77' lang='lat' dir='ltr'><strong>surpra</strong></span> <span class='ocrx_word' id='word_1_216' title='bbox 210 2702 311 2751; x_wconf 78' lang='grc'><strong>44444444</strong></span> <span class='ocrx_word' id='word_1_217' title='bbox 336 2699 445 2760; x_wconf 77' lang='grc'><strong>44444444,</strong></span> <span class='ocrx_word' id='word_1_218' title='bbox 468 2711 583 2761; x_wconf 59' lang='lat' dir='ltr'>prenae</span> <span class='ocrx_word' id='word_1_219' title='bbox 602 2711 633 2748; x_wconf 87' lang='grc'><strong>44</strong></span> <span class='ocrx_word' id='word_1_220' title='bbox 670 2701 776 2762; x_wconf 75' lang='lat' dir='ltr'><strong>gratum</strong></span> <span class='ocrx_word' id='word_1_221' title='bbox 799 2711 870 2748; x_wconf 86' lang='lat' dir='ltr'><strong>nune</strong></span> <span class='ocrx_word' id='word_1_222' title='bbox 894 2710 1011 2760; x_wconf 78' lang='lat' dir='ltr'><strong>agnosco</strong></span> <span class='ocrx_word' id='word_1_223' title='bbox 1027 2698 1117 2749; x_wconf 89' lang='lat' dir='ltr'><strong>iocum</strong></span> <span class='ocrx_word' id='word_1_224' title='bbox 1133 2711 1197 2750; x_wconf 87' lang='lat' dir='ltr'><strong>eum</strong></span> 
     </span>
     <span class='ocr_line' id='line_1_26' title="bbox 105 2771 1199 2840; baseline -0.004 -12"><span class='ocrx_word' id='word_1_225' title='bbox 105 2779 229 2840; x_wconf 76' lang='lat' dir='ltr'>despicere</span> <span class='ocrx_word' id='word_1_226' title='bbox 245 2775 356 2825; x_wconf 84' lang='lat' dir='ltr'><strong>ereditur</strong></span> <span class='ocrx_word' id='word_1_227' title='bbox 372 2773 495 2838; x_wconf 83' lang='lat' dir='ltr'><strong>(ceteros).</strong></span> <span class='ocrx_word' id='word_1_228' title='bbox 529 2773 568 2824; x_wconf 92' lang='lat' dir='ltr'><strong>ld.</strong></span> <span class='ocrx_word' id='word_1_229' title='bbox 591 2774 631 2834; x_wconf 79' lang='lat'><strong>⁴2,</strong></span> <span class='ocrx_word' id='word_1_230' title='bbox 670 2772 812 2832; x_wconf 75' lang='lat' dir='ltr'><strong>Loubion,</strong></span> <span class='ocrx_word' id='word_1_231' title='bbox 838 2771 971 2833; x_wconf 83' lang='lat' dir='ltr'><strong>Bentleio,</strong></span> <span class='ocrx_word' id='word_1_232' title='bbox 994 2771 1067 2834; x_wconf 84' lang='lat' dir='ltr'><strong>aliis,</strong></span> <span class='ocrx_word' id='word_1_233' title='bbox 1085 2775 1115 2822; x_wconf 90' lang='lat' dir='ltr'><strong>ut</strong></span> <span class='ocrx_word' id='word_1_234' title='bbox 1129 2773 1199 2824; x_wconf 76' lang='lat' dir='ltr'><strong>citor</strong></span> 
     </span>
     <span class='ocr_line' id='line_1_27' title="bbox 107 2845 1197 2914; baseline -0.005 -11"><span class='ocrx_word' id='word_1_235' title='bbox 107 2854 152 2914; x_wconf 89' lang='grc' dir='ltr'><strong>4ο,</strong></span> <span class='ocrx_word' id='word_1_236' title='bbox 175 2849 223 2902; x_wconf 75' lang='lat' dir='ltr'><strong>ii:</strong></span> <span class='ocrx_word' id='word_1_237' title='bbox 257 2849 394 2910; x_wconf 69' lang='grc'><strong>4444444444</strong></span> <span class='ocrx_word' id='word_1_238' title='bbox 415 2853 559 2910; x_wconf 67' lang='lat' dir='ltr'><strong>prooem</strong></span> <span class='ocrx_word' id='word_1_239' title='bbox 578 2861 634 2898; x_wconf 85' lang='grc'><strong>44444</strong></span> <span class='ocrx_word' id='word_1_240' title='bbox 671 2859 735 2898; x_wconf 90' lang='lat' dir='ltr'><strong>eum</strong></span> <span class='ocrx_word' id='word_1_241' title='bbox 759 2845 908 2909; x_wconf 76' lang='lat' dir='ltr'><strong>significet,</strong></span> <span class='ocrx_word' id='word_1_242' title='bbox 936 2849 982 2909; x_wconf 88' lang='lat' dir='ltr'><strong>qui</strong></span> <span class='ocrx_word' id='word_1_243' title='bbox 1005 2847 1123 2898; x_wconf 86' lang='lat' dir='ltr'><strong>vicissim</strong></span> <span class='ocrx_word' id='word_1_244' title='bbox 1148 2846 1197 2898; x_wconf 88' lang='lat' dir='ltr'><strong>illis</strong></span> 
     </span>
     <span class='ocr_line' id='line_1_28' title="bbox 109 2921 1196 2990; baseline -0.005 -13"><span class='ocrx_word' id='word_1_245' title='bbox 109 2929 149 2990; x_wconf 80' lang='lat' dir='ltr'><strong>(ii.</strong></span> <span class='ocrx_word' id='word_1_246' title='bbox 163 2923 301 2987; x_wconf 84' lang='lat' dir='ltr'><strong>Tullium),</strong></span> <span class='ocrx_word' id='word_1_247' title='bbox 328 2925 372 2984; x_wconf 80' lang='grc'><strong>444</strong></span> <span class='ocrx_word' id='word_1_248' title='bbox 396 2923 476 2974; x_wconf 72' lang='grc'><strong>4444444</strong></span> <span class='ocrx_word' id='word_1_249' title='bbox 495 2922 634 2974; x_wconf 78' lang='lat' dir='ltr'><strong>dulcorem</strong></span> <span class='ocrx_word' id='word_1_250' title='bbox 670 2922 790 2972; x_wconf 83' lang='lat' dir='ltr'><strong>carmina</strong></span> <span class='ocrx_word' id='word_1_251' title='bbox 807 2934 855 2972; x_wconf 91' lang='lat' dir='ltr'><strong>sua</strong></span> <span class='ocrx_word' id='word_1_252' title='bbox 871 2922 967 2972; x_wconf 86' lang='lat' dir='ltr'><strong>recitet</strong></span> <span class='ocrx_word' id='word_1_253' title='bbox 983 2934 1086 2984; x_wconf 82' lang='lat' dir='ltr'><strong>eosque</strong></span> <span class='ocrx_word' id='word_1_254' title='bbox 1102 2921 1196 2972; x_wconf 84' lang='lat' dir='ltr'><strong>iture·</strong></span> 
     </span>
     <span class='ocr_line' id='line_1_29' title="bbox 107 2994 1196 3060; baseline -0.002 -10"><span class='ocrx_word' id='word_1_255' title='bbox 107 3002 247 3050; x_wconf 76' lang='grc'><strong>4444444444</strong></span> <span class='ocrx_word' id='word_1_256' title='bbox 257 2999 396 3060; x_wconf 67' lang='lat' dir='ltr'><strong>woman</strong></span> <span class='ocrx_word' id='word_1_257' title='bbox 411 3024 438 3034; x_wconf 93' lang='lat'><em>-</em></span> <span class='ocrx_word' id='word_1_258' title='bbox 450 2995 633 3060; x_wconf 70' lang='lat' dir='ltr'><strong>usurparet]</strong></span> <span class='ocrx_word' id='word_1_259' title='bbox 670 2994 717 3046; x_wconf 91' lang='lat' dir='ltr'><strong>luti</strong></span> <span class='ocrx_word' id='word_1_260' title='bbox 733 2996 839 3059; x_wconf 87' lang='lat' dir='ltr'><strong>puniat,</strong></span> <span class='ocrx_word' id='word_1_261' title='bbox 858 2996 1092 3060; x_wconf 52' lang='lat' dir='ltr'><strong>ramesensem</strong></span> <span class='ocrx_word' id='word_1_262' title='bbox 1113 3009 1196 3059; x_wconf 85' lang='lat' dir='ltr'><strong>quam</strong></span> 
     </span>
     <span class='ocr_line' id='line_1_30' title="bbox 107 3068 1194 3136; baseline -0.007 -10"><span class='ocrx_word' id='word_1_263' title='bbox 107 3077 170 3126; x_wconf 83' lang='lat' dir='ltr'><strong>Tota</strong></span> <span class='ocrx_word' id='word_1_264' title='bbox 197 3074 284 3136; x_wconf 74' lang='lat' dir='ltr'><strong>imago</strong></span> <span class='ocrx_word' id='word_1_265' title='bbox 308 3086 325 3122; x_wconf 89' lang='lat' dir='ltr'><strong>a</strong></span> <span class='ocrx_word' id='word_1_266' title='bbox 350 3071 498 3124; x_wconf 83' lang='lat' dir='ltr'><strong>candidatis</strong></span> <span class='ocrx_word' id='word_1_267' title='bbox 517 3072 634 3122; x_wconf 87' lang='lat' dir='ltr'><strong>bonores</strong></span> <span class='ocrx_word' id='word_1_268' title='bbox 670 3070 830 3120; x_wconf 75' lang='lat' dir='ltr'><strong>sententiam</strong></span> <span class='ocrx_word' id='word_1_269' title='bbox 841 3071 974 3134; x_wconf 78' lang='lat' dir='ltr'><strong>expressit</strong></span> <span class='ocrx_word' id='word_1_270' title='bbox 989 3068 1154 3131; x_wconf 84' lang='lat' dir='ltr'><strong>luvenalisi,</strong></span> <span class='ocrx_word' id='word_1_271' title='bbox 1165 3072 1194 3121; x_wconf 87' lang='lat' dir='ltr'><strong>i:</strong></span> 
     </span>
     <span class='ocr_line' id='line_1_31' title="bbox 108 3144 1199 3214; baseline -0.003 -15"><span class='ocrx_word' id='word_1_272' title='bbox 108 3147 262 3214; x_wconf 86' lang='lat' dir='ltr'><strong>petentibus</strong></span> <span class='ocrx_word' id='word_1_273' title='bbox 288 3147 367 3198; x_wconf 80' lang='lat' dir='ltr'><strong>ducto</strong></span> <span class='ocrx_word' id='word_1_274' title='bbox 390 3149 440 3197; x_wconf 87' lang='lat' dir='ltr'><strong>est.</strong></span> <span class='ocrx_word' id='word_1_275' title='bbox 464 3173 490 3184; x_wconf 87' lang='lat'>-</span> <span class='ocrx_word' id='word_1_276' title='bbox 509 3146 633 3209; x_wconf 81' lang='grc'><strong>44444444]</strong></span> <span class='ocrx_word' id='word_1_277' title='bbox 671 3145 775 3206; x_wconf 66' lang='lat' dir='ltr'><strong>&amp;ape</strong></span> <span class='ocrx_word' id='word_1_278' title='bbox 798 3158 844 3209; x_wconf 79' lang='lat' dir='ltr'><strong>epo</strong></span> <span class='ocrx_word' id='word_1_279' title='bbox 864 3147 967 3196; x_wconf 77' lang='grc'><strong>4444444</strong></span> <span class='ocrx_word' id='word_1_280' title='bbox 989 3144 1110 3196; x_wconf 69' lang='lat' dir='ltr'><strong>motam?</strong></span> <span class='ocrx_word' id='word_1_281' title='bbox 1134 3160 1199 3196; x_wconf 80' lang='grc'><strong>4444·</strong></span> 
     </span>
     <span class='ocr_line' id='line_1_32' title="bbox 109 3219 1198 3284; baseline -0.004 -11"><span class='ocrx_word' id='word_1_282' title='bbox 109 3220 230 3273; x_wconf 70' lang='lat' dir='ltr'><strong>amabilis</strong></span> <span class='ocrx_word' id='word_1_283' title='bbox 256 3223 337 3284; x_wconf 88' lang='lat' dir='ltr'><strong>atque</strong></span> <span class='ocrx_word' id='word_1_284' title='bbox 358 3221 531 3272; x_wconf 77' lang='lat' dir='ltr'><strong>inconstantis</strong></span> <span class='ocrx_word' id='word_1_285' title='bbox 549 3219 635 3271; x_wconf 83' lang='grc'><strong>444444-</strong></span> <span class='ocrx_word' id='word_1_286' title='bbox 672 3232 911 3281; x_wconf 74' lang='grc'><strong>444444444444444</strong></span> <span class='ocrx_word' id='word_1_287' title='bbox 922 3221 1032 3270; x_wconf 79' lang='lat' dir='ltr'><strong>Vacalus</strong></span> <span class='ocrx_word' id='word_1_288' title='bbox 1044 3221 1198 3270; x_wconf 80' lang='lat' dir='ltr'><strong>iottssrouci</strong></span> 
     </span>
     <span class='ocr_line' id='line_1_33' title="bbox 108 3291 1199 3360; baseline -0.005 -13"><span class='ocrx_word' id='word_1_289' title='bbox 108 3309 160 3360; x_wconf 83' lang='lat' dir='ltr'><strong>que</strong></span> <span class='ocrx_word' id='word_1_290' title='bbox 185 3307 297 3358; x_wconf 89' lang='lat' dir='ltr'>semper</span> <span class='ocrx_word' id='word_1_291' title='bbox 320 3295 424 3344; x_wconf 88' lang='lat' dir='ltr'><strong>iudiciis</strong></span> <span class='ocrx_word' id='word_1_292' title='bbox 448 3295 578 3353; x_wconf 67' lang='lat' dir='ltr'><strong>utentis.»</strong></span> <span class='ocrx_word' id='word_1_293' title='bbox 605 3294 635 3343; x_wconf 87' lang='lat' dir='ltr'><strong>ut</strong></span> <span class='ocrx_word' id='word_1_294' title='bbox 674 3293 784 3344; x_wconf 74' lang='grc'><strong>44444444</strong></span> <span class='ocrx_word' id='word_1_295' title='bbox 801 3293 898 3342; x_wconf 77' lang='lat' dir='ltr'><strong>Codri?</strong></span> <span class='ocrx_word' id='word_1_296' title='bbox 923 3292 1065 3354; x_wconf 76' lang='lat' dir='ltr'><strong>(Bentleius</strong></span> <span class='ocrx_word' id='word_1_297' title='bbox 1088 3291 1199 3344; x_wconf 89' lang='lat' dir='ltr'><strong>contulit</strong></span> 
     </span>
     <span class='ocr_line' id='line_1_34' title="bbox 108 3366 1198 3434; baseline -0.004 -14"><span class='ocrx_word' id='word_1_298' title='bbox 108 3369 350 3434; x_wconf 74' lang='lat' dir='ltr'><strong>Epp.i‚8,is.-</strong></span> <span class='ocrx_word' id='word_1_299' title='bbox 365 3367 452 3432; x_wconf 85' lang='lat' dir='ltr'><strong>plebis]</strong></span> <span class='ocrx_word' id='word_1_300' title='bbox 480 3369 635 3431; x_wconf 65' lang='lat' dir='ltr'><strong>inpostorum</strong></span> <span class='ocrx_word' id='word_1_301' title='bbox 673 3367 738 3430; x_wconf 85' lang='lat' dir='ltr'>Epp.</span> <span class='ocrx_word' id='word_1_302' title='bbox 757 3367 836 3428; x_wconf 64' lang='lat' dir='ltr'><strong>m,</strong></span> <span class='ocrx_word' id='word_1_303' title='bbox 855 3367 895 3416; x_wconf 80' lang='grc'><strong>97.</strong></span> <span class='ocrx_word' id='word_1_304' title='bbox 923 3366 1043 3416; x_wconf 83' lang='lat' dir='ltr'><strong>Conierri</strong></span> <span class='ocrx_word' id='word_1_305' title='bbox 1058 3368 1148 3430; x_wconf 85' lang='lat' dir='ltr'><strong>potest</strong></span> <span class='ocrx_word' id='word_1_306' title='bbox 1165 3380 1198 3416; x_wconf 80' lang='lat' dir='ltr'>ex</span> 
     </span>
     <span class='ocr_line' id='line_1_35' title="bbox 109 3438 1195 3508; baseline -0.006 -13"><span class='ocrx_word' id='word_1_307' title='bbox 109 3447 136 3496; x_wconf 89' lang='lat' dir='ltr'><strong>et</strong></span> <span class='ocrx_word' id='word_1_308' title='bbox 151 3445 388 3508; x_wconf 78' lang='lat' dir='ltr'><strong>grammatimrum</strong></span> <span class='ocrx_word' id='word_1_309' title='bbox 407 3443 491 3494; x_wconf 87' lang='lat' dir='ltr'><strong>intimi</strong></span> <span class='ocrx_word' id='word_1_310' title='bbox 508 3443 634 3494; x_wconf 77' lang='lat' dir='ltr'><strong>ordinis.»</strong></span> <span class='ocrx_word' id='word_1_311' title='bbox 672 3443 748 3504; x_wconf 88' lang='lat' dir='ltr'><strong>parte</strong></span> <span class='ocrx_word' id='word_1_312' title='bbox 774 3441 855 3490; x_wconf 86' lang='lat' dir='ltr'><strong>etiam</strong></span> <span class='ocrx_word' id='word_1_313' title='bbox 881 3441 935 3490; x_wconf 89' lang='lat' dir='ltr'><strong>Cic.</strong></span> <span class='ocrx_word' id='word_1_314' title='bbox 956 3452 1006 3503; x_wconf 93' lang='lat' dir='ltr'><strong>pro</strong></span> <span class='ocrx_word' id='word_1_315' title='bbox 1028 3438 1132 3490; x_wconf 85' lang='lat' dir='ltr'><strong>cluent.</strong></span> <span class='ocrx_word' id='word_1_316' title='bbox 1153 3441 1195 3500; x_wconf 80' lang='lat' dir='ltr'><strong>bi,</strong></span> 
     </span>
     <span class='ocr_line' id='line_1_36' title="bbox 111 3513 1199 3588; baseline -0.006 -19"><span class='ocrx_word' id='word_1_317' title='bbox 111 3547 138 3556; x_wconf 97' lang='lat'><em>-</em></span> <span class='ocrx_word' id='word_1_318' title='bbox 155 3518 282 3582; x_wconf 65' lang='lat' dir='ltr'><strong>umoris</strong></span> <span class='ocrx_word' id='word_1_319' title='bbox 297 3520 383 3584; x_wconf 80' lang='grc'><strong>444444]</strong></span> <span class='ocrx_word' id='word_1_320' title='bbox 404 3520 434 3568; x_wconf 86' lang='lat' dir='ltr'><strong>ui</strong></span> <span class='ocrx_word' id='word_1_321' title='bbox 451 3513 634 3588; x_wconf 64' lang='lat' dir='ltr'><strong>udnprdpoop</strong></span> <span class='ocrx_word' id='word_1_322' title='bbox 674 3513 716 3563; x_wconf 91' lang='grc'><strong>444</strong></span> <span class='ocrx_word' id='word_1_323' title='bbox 732 3529 739 3560; x_wconf 90' lang='lat'>:</span> <span class='ocrx_word' id='word_1_324' title='bbox 767 3514 940 3564; x_wconf 66' lang='lat' dir='ltr'><strong>Gramineis</strong></span> <span class='ocrx_word' id='word_1_325' title='bbox 955 3514 993 3562; x_wconf 86' lang='lat' dir='ltr'><strong>ita</strong></span> <span class='ocrx_word' id='word_1_326' title='bbox 1007 3514 1118 3563; x_wconf 74' lang='grc'><strong>4444444444</strong></span> <span class='ocrx_word' id='word_1_327' title='bbox 1131 3513 1199 3563; x_wconf 83' lang='grc'><strong>4444444</strong></span> 
     </span>
     <span class='ocr_line' id='line_1_37' title="bbox 111 3587 1199 3657; baseline -0.004 -17"><span class='ocrx_word' id='word_1_328' title='bbox 111 3606 265 3657; x_wconf 66' lang='lat' dir='ltr'><strong>nuncupor,</strong></span> <span class='ocrx_word' id='word_1_329' title='bbox 285 3594 389 3657; x_wconf 74' lang='lat' dir='ltr'><strong>cepto.»</strong></span> <span class='ocrx_word' id='word_1_330' title='bbox 406 3593 481 3657; x_wconf 86' lang='lat' dir='ltr'>(Epp.</span> <span class='ocrx_word' id='word_1_331' title='bbox 494 3594 519 3653; x_wconf 79' lang='lat'><strong>2,</strong></span> <span class='ocrx_word' id='word_1_332' title='bbox 533 3593 558 3652; x_wconf 71' lang='lat'><strong>2,</strong></span> <span class='ocrx_word' id='word_1_333' title='bbox 571 3591 633 3642; x_wconf 74' lang='lat'><strong>⁴03:</strong></span> <span class='ocrx_word' id='word_1_334' title='bbox 672 3592 718 3647; x_wconf 87' lang='grc'><strong>444,</strong></span> <span class='ocrx_word' id='word_1_335' title='bbox 736 3587 1199 3648; x_wconf 75' lang='grc'><strong>4444444444444444444444444444444-</strong></span> 
     </span>
     <span class='ocr_line' id='line_1_38' title="bbox 106 3659 1198 3730; baseline -0.008 -12"><span class='ocrx_word' id='word_1_336' title='bbox 106 3668 195 3730; x_wconf 79' lang='lat' dir='ltr'><strong>popuii</strong></span> <span class='ocrx_word' id='word_1_337' title='bbox 209 3667 337 3730; x_wconf 70' lang='lat' dir='ltr'><strong>suni-opio</strong></span> <span class='ocrx_word' id='word_1_338' title='bbox 349 3667 444 3730; x_wconf 82' lang='lat' dir='ltr'><strong>cepto.)</strong></span> <span class='ocrx_word' id='word_1_339' title='bbox 461 3667 504 3716; x_wconf 87' lang='lat' dir='ltr'><strong>Sic</strong></span> <span class='ocrx_word' id='word_1_340' title='bbox 521 3669 636 3716; x_wconf 84' lang='lat' dir='ltr'><strong>Prover-</strong></span> <span class='ocrx_word' id='word_1_341' title='bbox 671 3661 731 3724; x_wconf 80' lang='lat' dir='ltr'><strong>ret.)</strong></span> <span class='ocrx_word' id='word_1_342' title='bbox 751 3687 779 3696; x_wconf 94' lang='lat'><em>-</em></span> <span class='ocrx_word' id='word_1_343' title='bbox 797 3662 985 3712; x_wconf 69' lang='lat' dir='ltr'><strong>Gemmeus</strong></span> <span class='ocrx_word' id='word_1_344' title='bbox 1000 3659 1063 3726; x_wconf 80' lang='grc'><strong>444]</strong></span> <span class='ocrx_word' id='word_1_345' title='bbox 1081 3661 1198 3724; x_wconf 73' lang='lat' dir='ltr'><strong>imagine</strong></span> 
     </span>
     <span class='ocr_line' id='line_1_39' title="bbox 110 3734 1200 3805; baseline -0.006 -13"><span class='ocrx_word' id='word_1_346' title='bbox 110 3741 183 3792; x_wconf 79' lang='lat' dir='ltr'><strong>biom</strong></span> <span class='ocrx_word' id='word_1_347' title='bbox 199 3742 300 3792; x_wconf 86' lang='lat' dir='ltr'><strong>Zenob.</strong></span> <span class='ocrx_word' id='word_1_348' title='bbox 319 3743 344 3803; x_wconf 88' lang='grc'><strong>4,</strong></span> <span class='ocrx_word' id='word_1_349' title='bbox 363 3743 411 3792; x_wconf 76' lang='lat'><strong>29:</strong></span> <span class='ocrx_word' id='word_1_350' title='bbox 427 3734 563 3792; x_wconf 75' lang='grc' dir='ltr'><strong>Ἀδύνατα</strong></span> <span class='ocrx_word' id='word_1_351' title='bbox 579 3739 636 3805; x_wconf 70' lang='grc' dir='ltr'><strong>θη-</strong></span> <span class='ocrx_word' id='word_1_352' title='bbox 672 3749 766 3788; x_wconf 86' lang='lat' dir='ltr'><strong>rursus</strong></span> <span class='ocrx_word' id='word_1_353' title='bbox 790 3736 825 3786; x_wconf 86' lang='lat' dir='ltr'><strong>ab</strong></span> <span class='ocrx_word' id='word_1_354' title='bbox 847 3737 950 3788; x_wconf 85' lang='lat' dir='ltr'><strong>ambitu</strong></span> <span class='ocrx_word' id='word_1_355' title='bbox 971 3736 1054 3800; x_wconf 88' lang='lat' dir='ltr'><strong>petita</strong></span> <span class='ocrx_word' id='word_1_356' title='bbox 1069 3749 1200 3799; x_wconf 75' lang='lat' dir='ltr'><strong>prenunc-</strong></span> 
     </span>
     <span class='ocr_line' id='line_1_40' title="bbox 110 3809 1199 3886; baseline -0.005 -20"><span class='ocrx_word' id='word_1_357' title='bbox 110 3813 169 3886; x_wconf 71' lang='lat' dir='ltr'><strong>pqig.</strong></span> <span class='ocrx_word' id='word_1_358' title='bbox 196 3817 315 3880; x_wconf 80' lang='lat' dir='ltr'><strong>scriptor</strong></span> <span class='ocrx_word' id='word_1_359' title='bbox 332 3815 366 3865; x_wconf 86' lang='lat' dir='ltr'><strong>ad</strong></span> <span class='ocrx_word' id='word_1_360' title='bbox 383 3816 484 3877; x_wconf 77' lang='lat' dir='ltr'><strong>Heni,</strong></span> <span class='ocrx_word' id='word_1_361' title='bbox 502 3816 526 3876; x_wconf 87' lang='grc'><strong>3,</strong></span> <span class='ocrx_word' id='word_1_362' title='bbox 546 3817 574 3866; x_wconf 79' lang='lat'><strong>5:</strong></span> <span class='ocrx_word' id='word_1_363' title='bbox 595 3828 637 3866; x_wconf 82' lang='lat' dir='ltr'><strong>os-</strong></span> <span class='ocrx_word' id='word_1_364' title='bbox 672 3813 737 3862; x_wconf 84' lang='lat' dir='ltr'><strong>tices</strong></span> <span class='ocrx_word' id='word_1_365' title='bbox 760 3811 839 3860; x_wconf 76' lang='grc'><strong>44444</strong></span> <span class='ocrx_word' id='word_1_366' title='bbox 861 3813 924 3861; x_wconf 90' lang='lat' dir='ltr'><strong>sunt</strong></span> <span class='ocrx_word' id='word_1_367' title='bbox 939 3811 1017 3874; x_wconf 86' lang='lat' dir='ltr'><strong>qussi</strong></span> <span class='ocrx_word' id='word_1_368' title='bbox 1034 3811 1125 3861; x_wconf 78' lang='grc'><strong>444444</strong></span> <span class='ocrx_word' id='word_1_369' title='bbox 1141 3809 1199 3874; x_wconf 86' lang='grc'><strong>(444-</strong></span> 
     </span>
     <span class='ocr_line' id='line_1_41' title="bbox 110 3883 1199 3952; baseline -0.003 -13"><span class='ocrx_word' id='word_1_370' title='bbox 110 3901 178 3950; x_wconf 82' lang='grc'><strong>4444,</strong></span> <span class='ocrx_word' id='word_1_371' title='bbox 203 3903 248 3951; x_wconf 83' lang='lat' dir='ltr'><strong>ue,</strong></span> <span class='ocrx_word' id='word_1_372' title='bbox 275 3903 327 3952; x_wconf 81' lang='lat' dir='ltr'><strong>pua</strong></span> <span class='ocrx_word' id='word_1_373' title='bbox 347 3891 374 3939; x_wconf 86' lang='grc'><strong>44</strong></span> <span class='ocrx_word' id='word_1_374' title='bbox 392 3903 423 3941; x_wconf 83' lang='grc'><strong>44</strong></span> <span class='ocrx_word' id='word_1_375' title='bbox 438 3891 538 3940; x_wconf 71' lang='lat' dir='ltr'>medem</span> <span class='ocrx_word' id='word_1_376' title='bbox 553 3890 637 3940; x_wconf 81' lang='lat' dir='ltr'><strong>mode·</strong></span> <span class='ocrx_word' id='word_1_377' title='bbox 672 3883 741 3948; x_wconf 80' lang='grc'><strong>4444)</strong></span> <span class='ocrx_word' id='word_1_378' title='bbox 757 3884 1007 3947; x_wconf 75' lang='lat' dir='ltr'><strong>grammaticorum,</strong></span> <span class='ocrx_word' id='word_1_379' title='bbox 1025 3883 1053 3934; x_wconf 88' lang='lat' dir='ltr'><strong>id</strong></span> <span class='ocrx_word' id='word_1_380' title='bbox 1069 3887 1127 3946; x_wconf 87' lang='lat' dir='ltr'><strong>est,</strong></span> <span class='ocrx_word' id='word_1_381' title='bbox 1145 3886 1199 3936; x_wconf 87' lang='lat' dir='ltr'><strong>cri-</strong></span> 
     </span>
     <span class='ocr_line' id='line_1_42' title="bbox 110 3957 1198 4026; baseline -0.004 -12"><span class='ocrx_word' id='word_1_382' title='bbox 110 3965 171 4013; x_wconf 83' lang='lat' dir='ltr'><strong>stine</strong></span> <span class='ocrx_word' id='word_1_383' title='bbox 194 3969 329 4025; x_wconf 69' lang='grc'><strong>4444444444,</strong></span> <span class='ocrx_word' id='word_1_384' title='bbox 356 3964 384 4013; x_wconf 80' lang='lat' dir='ltr'><strong>io</strong></span> <span class='ocrx_word' id='word_1_385' title='bbox 408 3977 438 4014; x_wconf 86' lang='grc'><strong>44</strong></span> <span class='ocrx_word' id='word_1_386' title='bbox 462 3965 520 4026; x_wconf 83' lang='lat' dir='ltr'><strong>ipso</strong></span> <span class='ocrx_word' id='word_1_387' title='bbox 539 3977 567 4014; x_wconf 86' lang='lat' dir='ltr'><strong>rs</strong></span> <span class='ocrx_word' id='word_1_388' title='bbox 586 3964 637 4013; x_wconf 84' lang='grc'><strong>44444</strong></span> <span class='ocrx_word' id='word_1_389' title='bbox 672 3961 787 4010; x_wconf 85' lang='lat' dir='ltr'><strong>iicorum</strong></span> <span class='ocrx_word' id='word_1_390' title='bbox 809 3957 1041 4023; x_wconf 67' lang='lat' dir='ltr'><strong>(desinenter),</strong></span> <span class='ocrx_word' id='word_1_391' title='bbox 1067 3958 1198 4024; x_wconf 88' lang='lat' dir='ltr'><strong>imprimis</strong></span> 
     </span>
     <span class='ocr_line' id='line_1_43' title="bbox 111 4031 1197 4101; baseline -0.005 -13"><span class='ocrx_word' id='word_1_392' title='bbox 111 4039 270 4101; x_wconf 68' lang='grc'><strong>4444444444.</strong></span> <span class='ocrx_word' id='word_1_393' title='bbox 290 4065 318 4074; x_wconf 88' lang='lat'><strong>—-</strong></span> <span class='ocrx_word' id='word_1_394' title='bbox 345 4039 420 4088; x_wconf 85' lang='lat' dir='ltr'><strong>tritae</strong></span> <span class='ocrx_word' id='word_1_395' title='bbox 435 4051 539 4088; x_wconf 80' lang='grc'><strong>44444444</strong></span> <span class='ocrx_word' id='word_1_396' title='bbox 553 4036 635 4101; x_wconf 68' lang='lat' dir='ltr'><strong>nesio]</strong></span> <span class='ocrx_word' id='word_1_397' title='bbox 673 4033 812 4097; x_wconf 77' lang='lat' dir='ltr'><strong>subqusrii</strong></span> <span class='ocrx_word' id='word_1_398' title='bbox 828 4031 876 4093; x_wconf 88' lang='lat' dir='ltr'><strong>illi,</strong></span> <span class='ocrx_word' id='word_1_399' title='bbox 903 4034 950 4096; x_wconf 86' lang='lat' dir='ltr'><strong>qui</strong></span> <span class='ocrx_word' id='word_1_400' title='bbox 965 4034 1072 4084; x_wconf 89' lang='lat' dir='ltr'><strong>veteres</strong></span> <span class='ocrx_word' id='word_1_401' title='bbox 1093 4033 1197 4097; x_wconf 77' lang='lat' dir='ltr'><strong>poetas,</strong></span> 
     </span>
     <span class='ocr_line' id='line_1_44' title="bbox 112 4107 1199 4172; baseline -0.007 -10"><span class='ocrx_word' id='word_1_402' title='bbox 112 4113 206 4172; x_wconf 77' lang='lat' dir='ltr'><strong>«Nam,</strong></span> <span class='ocrx_word' id='word_1_403' title='bbox 234 4113 257 4163; x_wconf 87' lang='lat' dir='ltr'><strong>si</strong></span> <span class='ocrx_word' id='word_1_404' title='bbox 284 4110 382 4162; x_wconf 87' lang='lat' dir='ltr'><strong>vellem</strong></span> <span class='ocrx_word' id='word_1_405' title='bbox 408 4111 565 4164; x_wconf 87' lang='lat' dir='ltr'><strong>muneribus</strong></span> <span class='ocrx_word' id='word_1_406' title='bbox 592 4108 635 4161; x_wconf 83' lang='lat' dir='ltr'><strong>vel</strong></span> <span class='ocrx_word' id='word_1_407' title='bbox 672 4109 799 4170; x_wconf 81' lang='lat' dir='ltr'><strong>Ennium,</strong></span> <span class='ocrx_word' id='word_1_408' title='bbox 822 4109 980 4169; x_wconf 82' lang='lat' dir='ltr'><strong>Pacuvium,</strong></span> <span class='ocrx_word' id='word_1_409' title='bbox 1003 4107 1127 4167; x_wconf 78' lang='lat' dir='ltr'><strong>Aonium,</strong></span> <span class='ocrx_word' id='word_1_410' title='bbox 1146 4107 1199 4154; x_wconf 86' lang='lat' dir='ltr'><strong>Lu·</strong></span> 
     </span>
     <span class='ocr_line' id='line_1_45' title="bbox 113 4176 1197 4249; baseline -0.005 -17"><span class='ocrx_word' id='word_1_411' title='bbox 113 4183 244 4236; x_wconf 84' lang='lat' dir='ltr'><strong>vilissimis</strong></span> <span class='ocrx_word' id='word_1_412' title='bbox 261 4199 356 4237; x_wconf 88' lang='lat' dir='ltr'><strong>eorum</strong></span> <span class='ocrx_word' id='word_1_413' title='bbox 370 4187 482 4249; x_wconf 76' lang='lat' dir='ltr'><strong>gratim</strong></span> <span class='ocrx_word' id='word_1_414' title='bbox 493 4185 636 4236; x_wconf 81' lang='grc'><strong>4444444444-</strong></span> <span class='ocrx_word' id='word_1_415' title='bbox 673 4181 779 4243; x_wconf 84' lang='grc'><strong>4444444,</strong></span> <span class='ocrx_word' id='word_1_416' title='bbox 807 4180 965 4246; x_wconf 69' lang='lat' dir='ltr'><strong>aequalibus</strong></span> <span class='ocrx_word' id='word_1_417' title='bbox 992 4183 1062 4242; x_wconf 88' lang='lat' dir='ltr'><strong>suis,</strong></span> <span class='ocrx_word' id='word_1_418' title='bbox 1091 4176 1197 4243; x_wconf 75' lang='lat' dir='ltr'><strong>Virgilio</strong></span> 
     </span>
     <span class='ocr_line' id='line_1_46' title="bbox 114 4255 1198 4326; baseline -0.004 -19"><span class='ocrx_word' id='word_1_419' title='bbox 114 4257 210 4320; x_wconf 83' lang='lat' dir='ltr'><strong>eiiiere,</strong></span> <span class='ocrx_word' id='word_1_420' title='bbox 223 4258 299 4311; x_wconf 85' lang='grc'><strong>444444</strong></span> <span class='ocrx_word' id='word_1_421' title='bbox 310 4271 446 4326; x_wconf 71' lang='lat' dir='ltr'><strong>possem</strong></span> <span class='ocrx_word' id='word_1_422' title='bbox 463 4261 584 4312; x_wconf 85' lang='lat' dir='ltr'><strong>imitatus</strong></span> <span class='ocrx_word' id='word_1_423' title='bbox 595 4260 637 4310; x_wconf 89' lang='grc'><strong>444</strong></span> <span class='ocrx_word' id='word_1_424' title='bbox 672 4259 789 4310; x_wconf 78' lang='lat' dir='ltr'><strong>maxime</strong></span> <span class='ocrx_word' id='word_1_425' title='bbox 805 4259 886 4321; x_wconf 82' lang='lat' dir='ltr'><strong>atqua</strong></span> <span class='ocrx_word' id='word_1_426' title='bbox 902 4257 1023 4317; x_wconf 85' lang='grc'><strong>44444444,</strong></span> <span class='ocrx_word' id='word_1_427' title='bbox 1048 4255 1198 4320; x_wconf 85' lang='lat' dir='ltr'><strong>antepone-</strong></span> 
     </span>
    </p>
   </div>
   <div class='ocr_carea' id='block_1_5' title="bbox 0 0 1482 4892">
    <p class='ocr_par' dir='ltr' id='par_1_7' title="bbox 0 0 1482 4892">
     <span class='ocr_line' id='line_1_47' title="bbox 0 0 1482 4892; baseline 0 0"><span class='ocrx_word' id='word_1_428' title='bbox 0 0 1482 4892; x_wconf 95' lang='lat' dir='ltr'><strong> </strong></span> 
     </span>
    </p>
   </div>
  </div>
 </body>
</html>
