2925 4892
276 394 340 458 686
471 430 474 436 .
757 390 885 445 uoniru

277 550 366 603 labda
383 551 509 616 peculiari
525 550 731 615 conscripserat.
767 548 869 601 Deinde
886 560 949 600 oum
966 548 1059 614 paucis
1076 548 1139 600 ante
1156 550 1271 601 mortem
1288 550 1358 599 annia
1449 562 1450 567 ¹

276 648 358 686 causa
379 636 481 686 incerta
503 634 601 685 ductus
617 633 651 684 ad
668 634 794 693 Pisones,
817 632 910 683 macic
927 644 960 683 au
978 633 1086 696 ingratis
1102 632 1229 695 precibus
1245 636 1358 691 mactus,

276 718 423 781 scriberet,
450 732 500 779 ea,
535 730 604 782 quiae
626 717 702 767 cordi
726 716 778 767 sibl
802 715 960 767 iamdudum
986 716 1076 775 erant,
1103 716 1358 773 communicaturus,

277 804 367 855 omnia
378 803 502 862 omuino,
520 814 591 866 quae
602 800 637 851 de
648 800 724 865 potsl
736 800 826 849 mente
837 798 977 851 recondito
988 798 1119 861 habebat,
1135 800 1268 863 prompsit
1278 810 1362 863 prom·

277 888 376 951 ptaque
392 884 532 949 epistolam
549 883 644 934 leviter
659 882 824 933 adumbrans
841 882 1009 947 perscripsit,
1034 883 1084 943 ita,
1103 883 1133 931 ut
1149 894 1220 932 nuno
1238 880 1361 946 epistolae

276 968 391 1020 lormam
412 970 548 1028 servaret,
571 979 643 1017 nuno
664 964 713 1017 soii
735 966 776 1017 rei
797 965 957 1017 scribendae
975 967 1091 1017 intentus
1108 962 1269 1028 negligeret,
1296 976 1362 1015 nunc

277 1052 312 1103 de
329 1054 454 1103 univorsa
471 1052 560 1116 poesi,
578 1064 652 1101 nunc
667 1050 703 1101 de
719 1050 841 1101 dramate
859 1052 964 1113 ageret,
987 1052 1016 1100 et
1030 1051 1125 1099 iterata
1142 1060 1207 1098 cura
1225 1046 1362 1112 epistolam

276 1137 369 1200 postea
384 1132 564 1199 perpolitums
580 1136 724 1196 utramque
741 1144 800 1183 rem
817 1144 870 1183 uon
888 1134 952 1183 satis
969 1130 1069 1196 ubique
1086 1132 1263 1183 discemaret.
1293 1130 1363 1183 liudo

278 1218 378 1269 iactum
400 1230 462 1269 esse
484 1217 604 1279 videtur,
628 1218 659 1266 ui
674 1216 867 1265 seutentiamm
888 1228 940 1265 non
956 1214 1058 1278 ubique
1074 1216 1143 1266 iusta
1160 1216 1323 1265 continuatio
1340 1217 1365 1265 et

277 1302 363 1351 sorios
385 1302 434 1362 sit,
457 1302 488 1350 ut
506 1297 556 1350 alla
579 1312 612 1350 ex
633 1298 685 1349 alia
705 1311 774 1349 nexa
791 1302 819 1349 ei
835 1310 930 1349 omncs
945 1300 1015 1349 inter
1031 1311 1061 1350 so
1078 1300 1156 1363 apiae
1173 1296 1363 1361 colligataaqne

278 1395 341 1434 osse
359 1396 412 1435 non
428 1383 582 1441 rideantur,
610 1393 774 1445 quamquem
791 1381 826 1432 ad
842 1382 937 1446 poesin
954 1384 1066 1431 cunctae
1082 1382 1224 1446 pertinent.
1262 1382 1301 1431 Ex
1317 1382 1364 1431 liac

277 1468 356 1530 igitur
373 1466 498 1530 epistolae
516 1466 625 1525 umbra,
652 1478 701 1515 cur
723 1464 757 1515 ad
775 1466 885 1516 Pisones
902 1466 1001 1529 scripta
1018 1466 1064 1525 sit,
1090 1476 1186 1529 parum
1204 1463 1363 1528 intelligitur,

277 1562 366 1613 nequo
383 1562 492 1610 eornm,
510 1561 579 1613 quos
595 1550 703 1600 historia
720 1549 806 1608 novit,
831 1549 877 1611 qni
894 1548 999 1599 moriat.
1035 1550 1157 1600 Attamen
1175 1560 1240 1598 curn
1258 1549 1288 1598 i.
1307 1546 1365 1598 cal-

277 1634 404 1697 purnium
420 1634 558 1692 Pisonem,
576 1634 623 1696 qui
640 1645 702 1682 cum
719 1634 753 1683 Ι.
773 1632 845 1681 Livio
862 1632 949 1682 Dmso
966 1644 991 1681 a.
1004 1644 1031 1681 u.
1045 1644 1070 1681 e,
1083 1630 1140 1681 rao.
1159 1630 1254 1681 consul
1272 1631 1363 1690 merui,

277 1718 300 1767 si
317 1729 370 1767 nou
387 1717 477 1781 ipsum
492 1720 614 1781 potitam,
633 1717 706 1765 certo
723 1715 864 1779 poetarum
882 1715 1025 1765 antistitem
1037 1712 1136 1773 luisse.
1154 1715 1281 1764 veterum
1294 1714 1365 1765 testi·

277 1800 375 1851 moniis
391 1800 456 1849 satis
472 1798 674 1863 comprobetur,
698 1800 807 1862 politam
824 1797 859 1847 ud
877 1796 949 1847 hunc
966 1798 1077 1861 eiusque
1094 1796 1162 1848 filios
1179 1796 1304 1847 scribere
1319 1810 1366 1847 vo·

277 1880 360 1933 inisse
381 1882 509 1943 arbitror,
532 1882 582 1933 uisi
605 1882 665 1946 quis
684 1881 751 1931 iortc
773 1880 935 1931 firmioribus
951 1892 1017 1930 usus
1033 1878 1197 1942 argumentis
1213 1878 1290 1931 aliud
1306 1892 1366 1931 sua-

276 1963 360 2016 debit.
394 1968 462 2016 Nam
487 1966 566 2016 ludici
591 1971 707 2030 pocssos
731 1966 817 2029 perito
843 1966 945 2013 tautum
971 1962 1101 2015 eiusmodi
1129 1974 1173 2013 res
1199 1966 1263 2025 apto
1286 1963 1366 2016 suini

277 2051 429 2112 potuerunt.
455 2048 592 2099 liomtium
610 2047 802 2099 consuetudine
816 2046 955 2097 Pisonibus
968 2048 1138 2097 coniunctum
1150 2042 1232 2096 muita
1245 2047 1282 2097 de
1293 2048 1365 2112 poesi

277 2133 387 2194 saepius
404 2144 466 2181 oum
483 2141 516 2180 eo
532 2129 575 2180 vel
591 2130 794 2195 praesentibus,
812 2129 854 2180 vel
872 2142 1064 2194 nonuunquam
1081 2140 1239 2181 sermonum
1257 2131 1365 2195 partiei-

276 2212 356 2277 pibus
372 2212 432 2262 iiliis
447 2210 606 2263 collocutum
633 2225 708 2274 esse,
731 2216 941 2265 consentaneum
959 2215 1007 2263 eat.
1042 2214 1092 2273 Qui
1107 2224 1250 2263 sermones
1267 2214 1364 2277 passim

276 2296 390 2346 iortasso
407 2296 585 2359 respiciuntur
600 2294 635 2345 ab
653 2297 774 2345 iloratio:
794 2296 858 2360 quin
876 2296 1012 2347 consilinm
1030 2294 1167 2360 quoddam
1184 2296 1322 2359 singulare
1332 2296 1365 2347 ds

277 2381 404 2429 Pisonum
421 2380 522 2429 maiora
539 2379 663 2429 elicisse
680 2377 756 2429 iacile
773 2377 877 2443 largiar.
913 2378 995 2439 Quale
1012 2378 1104 2439 luerit,
1128 2380 1242 2444 propter
1258 2380 1302 2430 rei
1318 2378 1366 2429 ob-

276 2464 431 2515 scuritatem
448 2474 580 2525 quaerore
597 2460 731 2524 displicet,
751 2474 820 2525 quac
838 2464 909 2513 tauta
928 2464 981 2521 est,
999 2465 1030 2511 ut
1044 2462 1088 2511 vir
1104 2474 1225 2524 unquam
1241 2460 1365 2515 illusum

276 2559 358 2611 posse
374 2545 506 2596 videatur.
540 2546 633 2608 Neque
650 2548 853 2610 praeterquam,
873 2544 945 2608 quod
962 2543 1085 2595 ultimum
1095 2544 1148 2595 hoo
1159 2544 1365 2597 Horatianomm

277 2642 390 2695 operum
415 2642 478 2680 csso
502 2629 571 2689 dixi,
598 2632 704 2693 tempus
721 2629 831 2692 qnidam
851 2630 1001 2679 accuratius
1017 2628 1129 2679 definire
1147 2640 1270 2692 possum.
1306 2628 1365 2680 Tale

277 2715 356 2777 igitur
372 2711 530 2777 opusculum
547 2714 608 2776 post
630 2712 729 2763 lloratli
747 2714 860 2763 mortem
879 2713 1017 2776 repertum
1034 2723 1066 2761 ex
1084 2714 1243 2774 argumento
1261 2710 1365 2764 titulum

276 2798 399 2860 petomm
416 2798 507 2847 Artem
528 2796 662 2860 poeticam
684 2796 885 2859 iuscripsomnt.
921 2794 1103 2855 Grammatici,
1130 2796 1156 2845 ui
1177 2793 1272 2857 iallcr,
1299 2798 1365 2847 arri-

277 2892 374 2943 puero.
392 2880 420 2929 iu
437 2882 525 2929 certas
541 2881 632 2943 parics
648 2878 779 2939 divisero,
797 2877 937 2941 diiigenter
954 2877 1105 2941 explicuere
1116 2876 1263 2941 discipulis.
1294 2880 1365 2931 Diri-

277 2962 382 3011 siouem
398 2963 489 3011 autem
505 2976 538 3011 cx
555 2961 634 3012 libelli
652 2960 757 3021 indole,
781 2962 861 3025 atque
879 2960 941 3012 iude
959 2959 1109 3021 Quintiliani
1127 2959 1190 3011 illud
1217 2963 1265 3011 aia
1279 2966 1363 3025 prim

275 3048 351 3105 porto
367 3042 425 3091 libri
441 3046 471 3093 do
486 3045 547 3093 Aris
558 3045 674 3106 poetico·
692 3046 800 3095 tinxisse
818 3044 967 3094 eustimo.»
1000 3042 1071 3095 ilias
1087 3044 1227 3109 opiniones
1243 3047 1364 3110 reperies

277 3124 350 3189 apud
365 3126 537 3175 Ddutzorum.

343 3209 452 3258 Praetor
469 3208 560 3259 Litium
577 3222 649 3261 nunc
665 3209 739 3261 licuit
754 3211 907 3261 examinare
924 3208 1017 3262 similis
1034 3213 1140 3274 generis
1155 3209 1274 3263 libellos:
1298 3210 1360 3263 Guil.

276 3291 376 3343 Theod.
395 3291 524 3342 stronber
539 3292 570 3342 de
586 3294 616 3355 Q.
633 3294 734 3343 Horatii
750 3294 833 3344 Floret
843 3293 878 3344 od
887 3294 986 3344 Picenae
995 3292 1115 3355 Epistola.
1140 3292 1272 3356 Baeticae,
1289 3295 1360 3346 ⁴83⁹.

276 3376 318 3435 8.,
336 3374 494 3440 opusculum
511 3374 593 3426 multa
609 3374 688 3427 laude
705 3376 824 3441 dignum.
858 3375 968 3440 Engolh.
986 3376 1038 3427 Ios.
1057 3374 1159 3439 llilgers
1176 3378 1206 3427 da
1221 3378 1251 3440 Q.
1264 3378 1363 3429 Horatii
1449 3360 1450 3425 Ῠ

275 3458 361 3511 Flacci
375 3459 490 3521 Epistola
505 3460 541 3509 od
555 3460 661 3509 Pisonos.
686 3461 795 3510 Bonnae
813 3458 886 3511 ltili.
905 3460 929 3511 8.
965 3458 1072 3510 Addere
1088 3457 1169 3509 hodia
1190 3461 1267 3511 iuvat
1282 3464 1361 3512 eliam

262 3545 308 3594 ill.
325 3542 489 3606 Barnhmdyi
511 3542 546 3593 de
566 3545 629 3593 arte
651 3543 757 3593 Politice
776 3543 935 3593 sententiam
952 3543 1117 3607 propositam
1134 3545 1162 3593 et
1177 3544 1204 3593 in
1221 3546 1362 3609 program-

276 3627 349 3675 mate
366 3624 472 3677 llalsusi
489 3640 514 3677 a.
527 3626 600 3678 lcii.
614 3629 642 3677 et
657 3627 684 3675 in
700 3624 770 3676 libro
787 3626 1014 3689 praestantissimo
1027 3626 1164 3676 &cosdras
1175 3627 1220 3676 der
1231 3628 1302 3679 aaa.
1314 3628 1362 3678 iii-

277 3712 384 3757 iorotsr.
409 3710 499 3759 Zwsiio
514 3709 689 3774 coartato-sp.
708 3723 734 3774 p.
752 3707 802 3760 tm
817 3720 858 3771 sq.
876 3708 918 3759 liis
935 3707 1042 3759 vorbis:

344 3790 479 3854 «Epistola
501 3791 536 3842 ad
559 3793 682 3853 Pisones,
707 3793 752 3841 scii
773 3782 912 3853 Quintilidn
933 3792 1113 3855 pmdinttctsr
1128 3794 1179 3843 Ars
1195 3794 1303 3843 Potitios
1318 3806 1360 3856 pe-

276 3878 369 3932 nonot‚
386 3874 509 3923 νον-Μ
523 3874 564 3923 itr
580 3876 686 3926 mono&
701 3887 798 3938 moesos
807 3874 905 3925 amoto
913 3876 1026 3939 waniac-
1035 3876 1106 3926 tiroli
1114 3876 1220 3926 wutron
1234 3878 1361 3940 Vorsiiom

277 3956 316 4007 otc
339 3956 566 4020 donpnmdlosen
587 3958 739 4019 Vonotteil,
766 3958 878 4008 derasis
899 3958 1361 4023 cosummodsrisirpsdicitdcr

278 4040 412 4091 Voralcm
434 4040 549 4090 σκὼψ.
582 4042 681 4091 [limem
703 4042 850 4092 Wolmcno
869 4041 979 4091 domator
1001 4042 1360 4105 inminutam

276 4123 438 4188 parumne
463 4123 644 4187 lloutcllsogeo
664 4126 778 4176 oormclt
802 4124 863 4175 oder
885 4122 1359 4186 lippottoccottterl’looondlwsck

276 4208 343 4258 &ica
358 4206 689 4270 Gedicttosdtenlgcpttri,
706 4205 1359 4259 wscwswwaioltcasamciattctsdaristn
