2925 4892
489 368 548 421 nm.
568 372 586 419 i.
622 372 719 423 aelst.
739 372 792 424 xii.

137 527 233 593 Utere
255 524 410 612 Pompeio
433 525 581 612 Grospho
604 538 652 602 et,
677 529 704 593 si
727 528 807 616 quid
828 538 930 617 petet,
954 529 1039 597 uitro

138 646 251 725 Deier;
274 646 318 711 nil
342 645 510 734 Grosphus
531 648 593 713 nisi
616 668 729 715 verum
752 649 859 716 orabit
879 660 913 716 et
933 671 1084 739 aequum.

136 767 212 833 Vilis
235 768 414 835 amicorum
437 779 487 834 est
509 790 648 845 annona,
680 768 774 836 bonis
796 770 851 837 ubi
874 770 952 859 quid
975 770 1076 837 deest.

135 890 181 954 Ne
203 900 310 955 tamen
334 890 477 977 ignores,
503 911 569 979 quo
592 890 632 956 sit
656 895 798 958 Romana
819 890 892 958 loco
916 912 986 957 res:
1143 894 1185 958 45

136 1010 297 1077 Cantaber
318 1011 494 1099 Agrippae,
520 1010 631 1081 Claudi
654 1012 771 1079 virtute
793 1014 928 1078 Neronis
967 1060 976 1081 .

156 1219 199 1268 44.
208 1218 271 1279 petit
283 1218 337 1279 [sici
350 1230 484 1281 superscr.
498 1231 527 1277 a,
541 1220 570 1268 ut
587 1218 620 1268 sit
634 1224 717 1279 petat,
737 1216 763 1267 tl.
786 1247 812 1256 -
825 1220 866 1270 43.
879 1222 970 1271 orabat
985 1237 1119 1288 superscr.
1133 1228 1143 1275 i

126 1296 151 1343 S.
174 1319 201 1328 -
221 1290 262 1341 el.
281 1292 342 1341 lie'st
359 1292 412 1353 (sici
430 1292 558 1356 scripturn
577 1294 677 1341 eratin
695 1290 761 1343 Cod.
779 1292 898 1345 liinndin.
919 1297 1111 1360 antiquissimo.

96 1470 158 1529 bus,
177 1482 260 1533 porro
277 1482 309 1519 ac
323 1467 476 1531 similibus),
495 1468 620 1531 benigue,
660 1466 783 1534 ποιῆσαι
799 1472 849 1519 καὶ
859 1469 894 1520 τὸ
906 1469 1070 1537 ποιήσαντα
1078 1472 1122 1539 μὴ
1133 1473 1186 1541 δη-

97 1556 210 1607 quaeso,
237 1544 341 1607 recipe,
368 1555 451 1605 quem
475 1542 522 1592 tibi
546 1554 622 1592 com·
659 1540 762 1593 taam:
788 1572 815 1580 -
841 1545 937 1608 venen]
973 1548 1117 1599 siusium·
1144 1550 1183 1599 ct.

97 1618 208 1676 mendo,
239 1618 389 1681 Grosphum
415 1618 527 1681 eiusque
556 1629 622 1667 con·
659 1618 726 1681 Epp.
745 1620 775 1678 4,
794 1619 824 1677 7,
843 1619 884 1668 98.
906 1646 930 1657 -·
955 1622 1014 1669 Vilis
1030 1624 1093 1686 cot]
1118 1626 1185 1673 Pro-

97 1692 238 1743 suetudine
255 1693 341 1742 amice
359 1694 461 1741 utere.»
482 1720 509 1729 -
533 1693 621 1756 pisces]
658 1692 783 1741 verbium
799 1693 915 1750 videtur,
941 1696 984 1743 cui
1001 1696 1121 1759 proxime
1138 1710 1186 1745 ac-

97 1767 181 1817 Etinm
192 1768 306 1829 piscium
317 1765 358 1816 vel
372 1779 466 1817 recens
482 1768 621 1829 captorum
660 1766 731 1815 cedit
747 1766 868 1829 xenopn.
887 1768 966 1817 ilem.
980 1770 1009 1827 4,
1024 1770 1063 1829 lo,
1076 1770 1107 1819 l:
1133 1769 1186 1821 νῦν

96 1840 134 1890 vei
152 1838 331 1909 rapexcvroiv
348 1842 374 1889 iu
388 1839 474 1890 Sicilia
490 1840 565 1889 silias
576 1839 623 1889 luit
659 1836 706 1890 διὰ
718 1836 753 1889 τὰ
766 1840 920 1910 πράγματα
931 1844 1049 1907 (propter
1060 1842 1132 1894 bunc
1145 1846 1184 1894 rei

96 1916 229 1977 pretium
256 1927 345 1977 neque
362 1928 440 1974 vero,
466 1916 496 1963 ui
512 1913 622 1977 quidam
660 1914 783 1979 publicae
795 1917 902 1980 statum)
916 1910 1113 1980 εὐωνοτάτους
1124 1914 1186 1968 ἔστι

96 1991 142 2039 rati
169 1991 247 2047 sunt,
273 2003 298 2038 v.
318 1990 399 2051 pisces
422 1988 552 2052 significat
567 1988 623 2039 lan·
659 1988 764 2051 φίλους
774 1984 906 2055 ἀγαθοὺς
916 1991 1091 2054 κτησασθω.
1109 1995 1186 2043 «Pro-

97 2066 176 2114 tiores
203 2063 293 2121 cibos,
318 2078 425 2126 pernam
445 2070 468 2115 et
489 2077 564 2126 caepe
582 2066 622 2125 (er
660 2063 757 2115 borum
780 2064 918 2115 bominum
940 2067 1056 2115 amicitia
1078 2061 1187 2117 sinvo-

97 2140 194 2201 quibus
215 2142 349 2189 moretum
368 2138 457 2201 tiebat)
478 2137 623 2203 simplicio·
659 2137 731 2203 τάτη
744 2142 798 2199 est,
818 2139 891 2189 lenm
902 2140 1000 2203 pretio,
1023 2138 1090 2190 lacili
1103 2154 1186 2205 opera

97 2228 147 2264 res.
183 2213 319 2277 Signilieat
335 2216 433 2264 iccium
451 2214 546 2278 spretis
564 2212 622 2263 lau·
660 2217 782 2277 paratur,
801 2215 824 2263 si
840 2228 894 2277 qua
911 2228 942 2263 re
953 2214 1085 2275 indigent,
1104 2228 1187 2278 quarn

97 2289 156 2339 titiis
185 2289 310 2338 Romanis
339 2290 429 2338 vivero
460 2291 622 2338 Graecorum
660 2302 708 2338 nos
727 2288 766 2337 eis
778 2288 915 2352 impertire
930 2301 1089 2353 possumus,
1109 2288 1187 2341 simul
1267 2311 1271 2318 ·

97 2364 248 2412 tenuiorum
275 2376 359 2413 more.
403 2362 504 2413 Festive
531 2365 622 2413 autem
660 2364 773 2412 comiter
789 2362 816 2411 id
833 2362 970 2412 iacientes.
996 2364 1038 2412 Sic
1056 2369 1083 2413 tu
1100 2366 1188 2428 primo

97 2438 208 2487 macas
225 2437 418 2501 (abwtirysl)
437 2436 471 2487 ed
489 2438 623 2499 Pythago·
661 2448 768 2500 quoque
786 2436 886 2494 cilicio,
910 2436 957 2485 tibi
975 2438 1084 2487 minime
1101 2437 1188 2488 moie-

97 2524 140 2561 ree
153 2515 181 2561 et
193 2510 363 2573 Empedoclis
374 2513 549 2562 sectatorem:
564 2510 624 2559 iiie-
660 2512 715 2568 sto,
744 2508 819 2560 laciie
845 2510 958 2573 Grosplri
979 2510 1123 2560 amicitiam
1139 2512 1188 2561 tibi
1256 2570 1260 2578 ,

98 2598 152 2634 ron.
171 2584 267 2634 Libt.
286 2584 347 2634 adv.
366 2586 491 2635 lovinian.
509 2585 574 2633 Τ.4.
594 2598 621 2647 p.
660 2582 801 2633 conciliare
818 2584 945 2647 poteris.»
966 2611 993 2618 -
1012 2584 1089 2647 bonis]
1116 2584 1188 2633 «bo-

98 2659 152 2709 334.
167 2657 289 2710 Vellera:
310 2659 420 2709 Probata
436 2674 487 2709 non
498 2660 623 2721 Empedo-
659 2658 776 2707 minibus
788 2657 878 2721 probis
891 2670 923 2706 ac
934 2657 1078 2720 propterea
1090 2657 1186 2721 dignis,

97 2734 140 2783 ctis
155 2740 179 2783 ct
189 2735 348 2797 Pythoporae
364 2747 409 2783 nos
421 2735 512 2797 dopnru
522 2734 621 2792 seclari,
660 2745 728 2795 quos
747 2731 932 2781 demersere.»

98 2810 139 2866 aui
162 2814 270 2870 propter
296 2808 526 2873 μετεμψύχωσιν
552 2820 624 2857 omne
692 2807 782 2856 45-48.
799 2808 837 2855 Ne
853 2806 1010 2870 tanreaceti
1029 2808 1082 2856 «Ne
1096 2812 1186 2858 muron

98 2884 162 2943 aiod
185 2889 301 2933 mmretar
319 2889 343 2933 et
358 2885 420 2933 cinit
437 2885 557 2933 coetuum
573 2896 624 2931 non
661 2886 702 2941 tu,
735 2885 856 2931 remotus
888 2894 950 2931 curn
982 2882 1018 2931 sis
1049 2881 1083 2931 ab
1117 2883 1187 2933 Urbe

95 2962 201 3018 amau,
220 2963 244 3007 et
261 2959 368 3009 amnem
384 2958 497 3007 caminis
510 2970 566 3007 reos
577 2970 624 3005 cr-
660 2958 687 3005 ei
712 2954 894 3019 philosophiae
913 2956 1007 3006 studiis
1024 2960 1184 3021 occupatus.

98 3030 239 3094 iitrmslw,
267 3034 310 3093 qai
335 3032 439 3081 abietem
457 3044 624 3093 quercumque
660 3032 788 3092 ignores»
811 3032 863 3079 cet.
899 3032 937 3081 De
958 3032 1059 3081 omisso
1076 3033 1101 3080 in
1119 3044 1187 3095 apo·

98 3107 261 3166 necarint,
279 3108 351 3155 cuiae
364 3107 512 3168 paneadae
528 3111 585 3154 neat
601 3110 624 3153 et
661 3104 718 3154 dosi
743 3117 769 3152 v.
789 3106 895 3153 «scito»
917 3104 951 3154 cl.
970 3106 1023 3154 Sat.
1041 3106 1072 3164 2,
1097 3108 1125 3165 4,
1143 3106 1186 3155 sl.

97 3180 205 3244 cenem
241 3180 315 3243 Diog.
334 3182 420 3230 latri.
440 3181 470 3239 8,
489 3180 530 3229 77.
560 3180 624 3229 Em·
661 3178 700 3229 lid
735 3180 792 3229 soni
819 3178 1018 3230 similitudinem
1046 3182 1116 3229 inter
1142 3192 1186 3228 vv.

99 3252 201 3315 pedocli
215 3251 345 3317 placuisse
358 3254 438 3303 dicit:
455 3248 510 3317 τὴν
521 3248 624 3317 ψυχὴν
660 3254 760 3317 ipnores
783 3255 811 3302 et
832 3254 886 3302 loco
901 3266 943 3303 res
958 3253 993 3303 ci·
1011 3254 1077 3316 Epp.
1097 3255 1126 3311 4,
1146 3251 1186 3310 44,

99 3331 222 3378 παντοῖα
255 3324 316 3393 εἴδη
344 3325 425 3390 ζώων
449 3329 499 3378 καὶ
523 3324 623 3389 φυτῶν
661 3328 685 3376 7.
713 3354 741 3363 -
769 3328 894 3376 Cantaber
919 3327 1054 3389 Aprippae]
1084 3328 1113 3374 iii
1142 3340 1186 3375 vv.

99 3399 260 3451 ἐνδύεσθαι.
288 3402 362 3467 Φησὶ
379 3400 467 3467 γοῦν·
482 3400 552 3467 Ἤδη
568 3398 623 3472 γάρ
660 3401 806 3464 praecipue
822 3402 931 3462 Augusti
957 3400 1069 3461 eiusque
1085 3399 1189 3447 amico·

99 3477 157 3525 ποτ’
174 3472 231 3543 ἐγώ
249 3474 377 3543 γενόμην
390 3474 497 3548 κοῦρός
507 3492 538 3525 τε
549 3473 623 3548 κόρη
660 3488 721 3525 rum
740 3487 821 3524 causa
837 3472 919 3522 additi
931 3475 1001 3521 sunt.
1029 3471 1187 3532 Cantabros,

98 3564 145 3599 τε·
172 3547 293 3615 Θάμνος
313 3554 337 3601 τ’
359 3548 462 3613 οἰωνός
479 3565 510 3601 τε
526 3552 577 3601 καὶ
592 3548 623 3615 ἐξ
661 3562 723 3598 cum
748 3546 888 3610 aliquoties
909 3546 1081 3609 pertinaciter
1096 3544 1188 3595 rebel-

99 3619 168 3688 ἁλὸς
191 3619 316 3689 ἔλλοπος
342 3620 434 3688 ἰχθύς.
470 3627 523 3676 Cir.
548 3628 624 3677 Stnrz
660 3622 774 3683 lassent,
800 3622 834 3671 Μ.
852 3621 968 3684 Agrippa
989 3619 1097 3669 mudum
1113 3634 1139 3670 a.
1158 3632 1186 3669 n.

98 3712 126 3763 p.
145 3700 203 3752 484.
241 3702 369 3751 Ceterum
399 3701 490 3763 negari
515 3701 622 3764 nequit,
661 3696 757 3749 oili.
775 3692 844 3757 τούς
860 3709 891 3745 so
907 3693 939 3744 ἐν
955 3688 1102 3763 τῇὴλικὶᾳ
1112 3690 1187 3743 acis-

99 3774 181 3825 iocosi
198 3774 300 3839 aliquid
317 3776 405 3825 inesse
423 3776 449 3823 in
466 3773 550 3825 verbo
567 3780 624 3824 tm-
660 3787 712 3834 τας
741 3765 841 3836 ὀλίγου
874 3766 1019 3839 διέφθειρε
1043 3769 1094 3818 aut
1116 3764 1187 3830 τοὺς

99 3848 179 3909 eilias,
205 3852 235 3899 ul
261 3861 324 3899 cum
344 3846 458 3899 Lucilius
481 3849 552 3913 apud
569 3850 624 3899 No·
661 3842 781 3909 λοιποὺς
796 3842 834 3894 τά
849 3858 880 3894 τε
892 3837 968 3894 ὅπλα
984 3838 1120 3905 ἀφειλετο
1136 3846 1187 3893 καὶ

99 3925 172 3974 nium
189 3939 216 3988 p.
234 3924 293 3975 tls.
329 3926 410 3975 Mero.
430 3921 507 3987 (Geni.
526 3937 552 3987 p.
571 3924 622 3985 88.)
660 3922 690 3985 ἐς
706 3918 743 3971 τὰ
760 3919 844 3972 πεδία
859 3919 892 3971 ἐκ
912 3917 969 3968 τῶν
985 3916 1116 3989 ἐρυμνῶν
1131 3935 1187 3968 κα-

100 3996 178 4060 dicit:
205 4000 318 4060 Danaa,
342 3998 415 4047 molle
429 4012 523 4057 uorae;
549 3999 625 4061 bap-
661 3995 823 4058 τεβίβασεν.
851 3995 899 4045 Dio
917 3995 991 4044 Cass.
1010 3992 1057 4054 tl,
1076 3995 1116 4043 44.
1144 3993 1184 4043 Cl.

98 4077 182 4122 menta
197 4072 311 4136 interm
326 4074 411 4135 panis.
429 4100 457 4109 -
474 4073 551 4136 sano]
568 4073 624 4122 Ari·
661 4070 708 4122 Od.
721 4073 750 4132 4,
763 4071 789 4131 6,
801 4072 826 4119 4.
844 4070 912 4133 Apte
924 4069 1014 4117 autern
1026 4065 1184 4131 primoiooo

100 4148 159 4196 stol.
178 4147 253 4197 libet.
266 4148 295 4207 4,
313 4146 343 4208 4,
355 4148 406 4197 49ι
431 4142 575 4213 Ποιητικὰ
592 4144 623 4197 δὲ
661 4146 827 4197 memoratur
834 4144 961 4206 Agrippa,
974 4142 1036 4192 leoli
1046 4144 1183 4204 petronus.

99 4217 198 4283 asnar
213 4217 299 4293 χάρις
310 4221 361 4271 και
371 4216 407 4271 τὸ
415 4217 459 4287 μη·
470 4218 624 4287 δεηθέντος
663 4247 690 4256 -
704 4216 938 4280 caan-nereos]
950 4215 989 4265 or.
1002 4216 1068 4279 app.
1083 4216 1106 4274 4,
1119 4213 1144 4273 3,
1157 4213 1182 4262 s.

159 4312 248 4359 Honlr.
264 4324 319 4359 vor..
335 4312 361 4357 ii.
392 4324 432 4358 uu.
448 4324 499 4359 uer.
516 4312 553 4357 ill.
987 4306 1016 4350 44
