2925 4892
526 399 585 448 ΗΒ.
605 399 625 448 l.
661 399 758 450 EPlS'l'.
778 401 821 450 tv.

485 888 753 951 mmm
784 891 859 952 N·

163 1028 255 1105 Albi,
279 1038 465 1096 nostrorum
487 1049 674 1097 sermonum
696 1030 835 1098 candide
857 1032 971 1110 index,

164 1147 364 1230 Quid-nuuc
386 1157 417 1216 te
439 1149 546 1216 dicam
568 1150 676 1218 lacere
698 1151 730 1216 in
753 1152 887 1239 regione
908 1153 1065 1220 Pedana?

165 1269 321 1338 Scribere
348 1270 437 1359 quod
460 1271 550 1338 Cassi
574 1273 759 1338 Parmensis
781 1274 939 1360 opuscula
959 1276 1082 1352 vincat,

156 1507 201 1556 lv.
232 1508 256 1555 t.
284 1503 439 1568 Epistolium
464 1506 594 1570 scriptum
619 1505 653 1556 sd
691 1509 797 1558 notmm
807 1510 843 1569 et,
856 1511 994 1573 quomodo
1005 1513 1164 1577 corrigenda
1174 1529 1219 1566 es·

119 1579 233 1633 Albium
250 1578 395 1641 Tibullum,
419 1581 528 1643 poetam
549 1581 654 1631 suavis-
691 1584 765 1642 sent,
793 1581 933 1634 consilium
957 1583 1048 1634 daret:
1075 1589 1150 1650 quod
1172 1591 1219 1653 qui

120 1657 226 1706 simum
248 1655 352 1718 ipsique
374 1655 568 1704 amicissimum
586 1654 651 1718 (Cir.
691 1657 825 1716 subsunt,
854 1658 952 1720 partim
978 1657 1073 1709 Tibulli
1100 1661 1219 1714 indolem

120 1729 173 1780 od.
189 1730 219 1791 t,
238 1727 301 1790 ab),
320 1729 364 1791 qui
381 1731 460 1780 natus
472 1729 579 1780 circiter
589 1743 614 1780 a.
624 1743 651 1779 u.
690 1731 801 1780 minime
822 1734 933 1791 norunt,
959 1733 1057 1796 partim
1078 1747 1111 1784 so
1135 1735 1220 1787 deve·

121 1819 146 1855 c.
161 1803 221 1854 700.
235 1804 359 1852 mortuus
376 1805 417 1852 cst
434 1814 450 1850 a
467 1803 524 1853 735.
543 1805 589 1853 aut
608 1815 653 1853 se·
691 1807 805 1865 nerunt,
830 1807 861 1854 ut
883 1805 1065 1858 coniectarent
1086 1808 1219 1862 Tibullum

120 1879 236 1944 quente.
272 1877 371 1926 Satires
394 1879 485 1926 autem
503 1876 562 1940 (bac
580 1877 653 1926 enim
690 1877 791 1942 aliquot
806 1877 902 1929 saltem
918 1881 994 1929 anuis
1011 1883 1219 1935 natumaiorem

120 1951 198 2004 solae
222 1951 268 2002 bic
289 1949 483 2014 significantur,
511 1963 564 2001 uon
587 1963 653 2000 vero
690 1951 772 2002 luisse
789 1953 911 2013 Horatio,
929 1953 956 2003 id
974 1956 1028 2014 est,
1046 1958 1138 2008 natum
1156 1971 1218 2010 esse

121 2029 207 2078 etiam
219 2023 362 2089 Epistulae,
376 2027 405 2074 ut
415 2027 489 2077 ratus
499 2029 541 2076 est
552 2025 652 2076 Fraulre
691 2027 799 2076 circiter
809 2040 833 2076 a.
846 2039 875 2076 u.
889 2041 913 2076 c.
926 2029 995 2088 685„
1013 2029 1041 2078 id
1060 2031 1134 2093 quod
1144 2034 1219 2083 omui

121 2104 149 2153 F.
163 2103 196 2152 ll.
210 2114 239 2165 p.
253 2101 303 2162 to.)
318 2100 439 2151 Horatius
451 2101 557 2165 scripsit
567 2113 653 2163 nsque
690 2099 869 2165 probabilitati
880 2106 1020 2165 repugnat.
1045 2105 1151 2157 Etenim
1161 2109 1220 2158 veri

120 2175 158 2226 ad
175 2189 201 2225 a.
216 2188 244 2224 u.
258 2187 282 2222 c.
295 2174 364 2232 7th
383 2175 437 2224 iam
449 2185 510 2223 cum
528 2171 654 2237 permulti
691 2173 802 2226 similior
820 2178 861 2226 est
883 2177 1046 2229 Lachmanni
1064 2179 1099 2229 ad
1122 2180 1216 2232 Tibull.

121 2252 182 2302 eins
198 2247 396 2300 obtrectatores
407 2250 487 2311 atque
505 2247 586 2298 invidi
598 2259 655 2298 ma·
690 2261 716 2312 p.
728 2247 769 2300 tt.
781 2252 809 2298 et
820 2249 937 2301 Paldami
949 2253 1039 2313 opinio
1047 2266 1147 2304 annum
1160 2256 1218 2305 eius

121 2323 193 2388 [igne
221 2321 256 2374 de
285 2323 317 2372 iis
344 2321 506 2382 iudicarent,
537 2321 654 2374 Tibullus
691 2323 806 2374 natalem
819 2324 901 2375 tuisse
914 2327 1020 2376 circiter
1030 2339 1056 2376 a.
1068 2339 1095 2376 u.
1109 2340 1132 2376 c.
1146 2329 1216 2389 iou,

120 2400 277 2458 candidius,
295 2395 323 2446 id
341 2399 397 2459 est,
416 2397 549 2460 integrum
566 2409 598 2448 ac
609 2410 655 2446 ve·
691 2411 774 2462 quam
790 2400 877 2449 vossii
888 2403 916 2449 et
930 2400 1044 2450 bissenii
1055 2414 1079 2450 a.
1092 2401 1150 2451 695.
1169 2404 1220 2452 lta·

121 2487 184 2524 rum
202 2472 332 2524 iudicium
350 2471 383 2522 de
405 2470 501 2523 iisdem
522 2473 593 2522 inter
612 2473 654 2522 iu·
691 2486 745 2536 que
763 2473 885 2523 Horatius
903 2475 1010 2524 circiter
1030 2475 1219 2539 quadragena-

122 2553 216 2601 uiorcs
238 2561 303 2600 suos
326 2549 441 2609 etnicos,
464 2548 606 2614 imprimis,
626 2552 656 2598 ut
691 2549 747 2597 rius
775 2548 882 2610 scripsit
909 2549 944 2598 ad
975 2547 1107 2600 Tibullum
1133 2563 1219 2602 annos

123 2623 257 2682 arbitror,
287 2622 359 2685 apud
387 2622 519 2673 [autorem
544 2621 655 2674 Messal-
691 2620 847 2672 xxvitvel
863 2622 1094 2683 mutuatum,
1113 2625 1220 2686 quieo·

51 2707 55 2716 '
123 2697 330 2758 inmisceret,
358 2697 396 2746 sic
413 2695 457 2746 ille
474 2699 553 2761 poeta
576 2699 654 2747 notus
693 2694 757 2745 dem
778 2694 889 2744 demum
913 2697 1049 2758 ternpore,
1076 2698 1219 2750 Octaviano

123 2775 259 2838 primum,
287 2768 385 2822 deinde
410 2769 544 2821 lamlliaris
570 2771 655 2822 lactus
692 2769 747 2818 iam
765 2768 882 2830 principe
904 2771 932 2817 et
953 2769 1065 2832 Aupruto
1087 2769 1220 2834 appellato

124 2862 186 2899 esse
208 2845 318 2894 videtur
340 2846 456 2895 llorado.
486 2846 572 2908 Atque
592 2859 656 2910 pro-
694 2843 805 2904 (a.u.c.
821 2841 900 2903 iii),
918 2844 1057 2906 tamquam
1074 2848 1153 2906 posta
1168 2859 1221 2910 po·

124 2927 185 2987 pter
203 2922 275 2972 banc
293 2920 379 2984 ipsam
390 2921 532 2970 satirarum
545 2921 657 2971 mentio-
693 2915 832 2983 puleribus
849 2918 1008 2968 innotuerat.
1039 2919 1122 2982 (ovid.
1140 2921 1218 2971 Trist.

125 3011 188 3048 nem
200 2991 369 3060 probabilius
381 2995 421 3044 est
432 2991 512 3057 paulo
523 2997 585 3058 post
596 3007 657 3046 cas·
693 2993 723 3052 i,
736 2991 799 3042 ica:
818 2991 958 3055 leptimque
969 2993 1077 3043 Tibullus
1086 2995 1119 3043 lit
1125 2994 1219 3057 placet,

125 3071 190 3122 dem
209 3070 298 3119 editas
315 3069 384 3119 banc
401 3069 577 3132 compositam
595 3081 656 3120 esse
693 3072 717 3116 ct
733 3067 787 3116 ῑιιιιι
803 3070 826 3116 te
838 3067 956 3129 principe
972 3073 1045 3118 notua
1062 3069 1139 3132 erut.)

126 3142 284 3209 epistolam,
303 3143 330 3192 id
347 3143 402 3202 est,
420 3154 444 3192 a.
458 3155 484 3192 u.
499 3155 522 3192 c.
536 3143 592 3192 728.
612 3143 654 3194 vel

125 3219 196 3280 729„
215 3229 314 3281 quam,
333 3213 539 3277 utaliivoluut,
558 3217 654 3268 aiii.
726 3215 752 3264 2.
769 3214 795 3264 a.
825 3215 891 3276 Ouid
914 3229 981 3265 uuuc
1005 3221 1029 3265 to
1053 3216 1115 3280 cet]
1135 3217 1221 3268 Amici

126 3292 170 3344 vel
186 3291 258 3352 rata
278 3303 341 3340 nam
358 3292 419 3354 post
431 3291 589 3342 sexennium
601 3291 655 3341 lere
694 3300 801 3338 memor
815 3289 886 3338 vitae
903 3290 961 3339 eius
978 3289 1114 3350 habitum,
1138 3304 1221 3354 quem

127 3367 190 3418 nibil
213 3367 269 3416 mm
286 3364 416 3416 attinebat
435 3377 587 3416 memorare
605 3365 657 3416 be·
694 3362 780 3427 probe
798 3365 887 3422 norat,
912 3375 965 3411 una
988 3363 1039 3413 sibi
1056 3365 1083 3412 in
1100 3367 1222 3415 mentem

127 3440 257 3492 nevolum
274 3439 338 3490 illud
355 3440 492 3490 iudicium.
519 3443 570 3491 Pro
582 3443 656 3492 certo
694 3438 816 3485 revocat:
837 3435 921 3494 eouid
929 3436 1018 3485 dicam
1029 3449 1146 3499 mecum,
1157 3438 1223 3501 quid

128 3519 220 3566 sutem
238 3518 347 3578 tempus
358 3512 462 3564 deliniri
475 3515 575 3578 nequit.
605 3516 657 3565 Ce-
694 3511 810 3572 cogitem
827 3522 899 3559 nunc
916 3512 943 3559 te
961 3510 1070 3560 lacera‘l
1092 3512 1174 3572 Saue,
1193 3514 1223 3561 ut

129 3593 219 3640 terum
236 3589 285 3639 cir.
299 3588 437 3639 weicheri
453 3587 486 3638 ds
500 3589 527 3638 L.
541 3588 619 3638 Vario
631 3590 656 3638 in
694 3583 781 3643 soles,
798 3583 881 3633 modo
897 3585 972 3647 poesi
984 3583 1121 3644 studebis,
1140 3585 1222 3636 modo

130 3663 197 3714 Add.
211 3677 238 3729 p.
252 3661 324 3722 iil„
337 3663 556 3714 brumannlib'm.
571 3665 655 3714 Gsscb.
694 3658 873 3722 sapientise.»
893 3685 920 3694 -
939 3660 966 3708 tu
988 3661 1090 3721 rupious
1111 3661 1221 3725 Pedana]

130 3738 163 3786 11.
175 3751 200 3801 p.
214 3737 273 3789 ast.
303 3739 410 3800 Gruppe
422 3739 492 3788 bum.
506 3737 577 3800 litcp.
595 3740 615 3788 1.
630 3751 655 3800 p.
694 3733 797 3784 Pedum
811 3733 898 3794 (bodie
909 3733 1049 3797 lapsi-ota,
1071 3735 1222 3786 secundum

131 3812 189 3862 ste.
208 3839 237 3848 -
256 3811 371 3875 cundia]
389 3809 501 3862 Martial.
519 3809 548 3871 i,
567 3811 598 3862 87
607 3849 613 3873 ,
631 3811 656 3862 l.
695 3808 760 3859 alios
784 3809 926 3872 Gallicano)
944 3809 1073 3872 oppidum
1095 3810 1166 3859 inter
1182 3810 1223 3860 Ti-

132 3885 168 3936 de
193 3885 335 3951 Apollinari
364 3886 451 3936 amico
480 3883 588 3936 critico:
617 3886 660 3934 Nil
696 3882 761 3942 bur,
781 3883 939 3943 Praeneste,
964 3882 1108 3933 Tusculum
1125 3885 1153 3933 et
1169 3885 1224 3934 llo-

132 3959 660 4021 eecctiuseruditiruquecst,scducccsu-
696 3969 784 4016 mam,
814 3970 899 4020 prope
926 3956 998 4020 quod
1024 3959 1101 4007 erant
1128 3954 1223 4006 Tibulli

134 4033 233 4084 didius
249 4033 435 4098 beuipoiusque.
456 4061 484 4070 -
502 4034 588 4096 iudae]
605 4036 659 4084 Ne·
696 4031 805 4094 praedia
823 4034 934 4095 paterna
951 4033 979 4080 et
995 4033 1074 4080 avita.
1101 4057 1130 4067 -
1153 4031 1223 4081 Cassi

135 4119 269 4170 qusquam
286 4105 350 4158 illud
367 4107 444 4168 dicit,
463 4119 493 4158 se
511 4105 604 4158 Tibulli
621 4109 660 4158 iu·
695 4107 844 4166 Percussis]
870 4106 934 4156 stile
956 4104 1057 4168 aliquot
1079 4103 1223 4167 generibus

135 4179 203 4230 dido
226 4183 401 4246 supposuisse
426 4193 578 4244 sermones,
605 4195 660 4246 quo
696 4179 797 4244 stylum
814 4181 948 4230 exercuit:
965 4181 1036 4230 inter
1052 4192 1121 4242 quae
1139 4189 1222 4241 opera

137 4255 218 4306 critici
229 4259 320 4319 partes
330 4257 479 4320 suscipiens
491 4257 552 4308 vitia
565 4267 659 4306 eorum
697 4253 814 4317 elegiaca
832 4257 860 4304 et
876 4255 1068 4323 epigrammata
1085 4253 1143 4303 eius
1164 4249 1223 4301 leu-
