2925 4892
284 376 346 439 666
643 375 771 425 666166
789 376 1009 429 6666666666

327 534 394 598 1166
416 531 545 597 rabiosa
566 530 645 617 [ugit
665 532 770 608 cauis,
795 530 855 597 hac
877 530 1030 597 lutulenta
1053 530 1116 596 ruit
1138 551 1210 595 sus:
1327 531 1362 593 ’16

328 655 340 718 Ι
363 673 447 719 6666
469 662 501 718 61
523 673 639 719 versus
661 660 769 719 tecum
790 652 948 719 meditare
970 672 1118 719 canoros,

327 774 526 861 Scriptorum
548 773 668 840 chorus
690 773 794 839 omnis
817 784 903 839 amat
924 794 1038 841 nemus
1060 784 1093 839 61
1107 774 1186 859 fugit
1200 773 1326 846 urbem,

282 927 286 937 ·
327 895 397 961 Rite
419 895 519 963 olicus
541 895 658 963 Bacchi
680 915 794 961 somno
817 893 987 981 gaudentis
1009 904 1042 961 ct
1062 894 1195 961 umbra:

327 1018 373 1081 Tu
395 1036 448 1081 me
471 1017 553 1082 inter
574 1016 728 1102 strepitus
750 1024 924 1081 nocturnos
947 1025 1044 1102 atque
1070 1014 1204 1083 diurnos

351 1186 393 1235 75.
415 1186 588 1235 11166--166
604 1185 630 1233 d.
653 1211 679 1219 -
697 1184 761 1246 furit
778 1197 792 1233 e
811 1182 877 1233 Cod.
897 1186 923 1233 F.
952 1186 1069 1246 (lituos,
1093 1196 1186 1234 omnes
1207 1188 1291 1236 nostri
1314 1190 1338 1235 61

318 1260 500 1321 1161116611)-
528 1260 568 1308 77.
591 1257 782 1317 66161616866,
802 1256 866 1307 Cod.
890 1259 1013 1321 transq„
1031 1258 1085 1309 duo
1103 1259 1244 1321 Schmidii,
1270 1260 1339 1309 urbes

319 1334 372 1383 duo
389 1332 527 1392 Salaminii,
548 1333 658 1382 tetrus
676 1334 704 1381 61
720 1330 863 1382 1166116166.
889 1333 960 1396 (fupit
976 1332 1049 1381 urbes
1067 1334 1133 1395 11116,
1155 1334 1232 1384 cliens
1248 1333 1339 1385 distin·

290 1497 316 1507 -
334 1472 408 1535 suptt]
426 1469 582 1521 ucelerrime
600 1472 711 1530 currit.»
730 1472 812 1521 61661
848 1470 911 1535 11116]
930 1472 1052 1531 «merito,
1079 1471 1308 1534 quemadmodum
1324 1472 1366 1523 (16-

287 1549 381 1596 natura
398 1546 476 1595 huius
493 1544 611 1608 pestiferi
628 1543 725 1593 morbi.
755 1546 810 1593 lam
850 1545 910 1605 bet,
930 1544 1026 1595 olisnsr
1042 1547 1093 1594 cet.
1123 1547 1221 1603 Nemo,
1241 1548 1366 1609 utspem,

287 1619 415 1680 Galenus,
429 1621 536 1668 notante
548 1616 672 1677 Marcilio,
686 1618 755 1667 iuter
766 1632 813 1667 uo-
850 1632 911 1668 cum
929 1618 1046 1668 Bentleio
1063 1632 1089 1667 r.
1101 1620 1150 1667 rite
1165 1618 1302 1682 separabit
1317 1634 1330 1669 6
1346 1633 1366 1667 r.

287 1700 328 1746 166
345 1695 419 1745 66616
435 1692 557 1743 rabiosae
569 1692 643 1756 ponit
654 1687 687 1740 τὸ
699 1686 812 1757 ἀλόγως
849 1693 931 1743 olicus.
954 1720 981 1728 -
999 1692 1082 1757 cliens]
1107 1693 1167 1755 «qui
1190 1693 1217 1742 in
1237 1692 1317 1743 161616
1333 1696 1369 1743 661

287 1772 397 1841 τρέχειν
419 1772 447 1818 61
463 1769 566 1818 Gratius
588 1768 614 1817 iu
633 1769 734 1830 Cyneg.
754 1766 810 1817 388.
849 1767 963 1828 Bacchi,
990 1766 1037 1829 qui
1062 1766 1129 1817 deus
1153 1779 1217 1817 eum
1246 1768 1368 1831 inspirare

287 1846 360 1895 idem
372 1844 464 1893 tradit:
483 1844 527 1893 llle
543 1842 714 1906 (vermiculus
728 1840 811 1902 canis)
851 1840 944 1891 soleta
959 1868 986 1878 -
1005 1842 1096 1891 Bucclu'
1113 1854 1198 1897 somno
1215 1842 1279 1903 cet]
1298 1843 1324 1891 iu
1337 1840 1369 1891 lo·

286 1920 329 1969 661
344 1919 414 1968 solra
428 1916 810 1979 sittpruecepitoisceralonpa,
851 1916 889 1966 cis
906 1915 1042 1965 umbrosis
1060 1918 1087 1965 et
1105 1915 1237 1967 solitariis.
1269 1916 1307 1967 Cl.
1325 1916 1368 1966 Od.

286 1994 396 2044 66611666
426 1992 529 2041 uibrans
561 1992 671 2041 66666611
705 1988 813 2052 febribus
850 1989 879 2050 3,
898 1990 945 2049 25,
965 1991 988 2039 1,
1016 1990 1149 2041 Bacchum
1166 1991 1204 2039 sic
1223 1992 1308 2040 otiose
1324 1990 1370 2039 hu·

287 2068 365 2130 ipses,
377 2067 529 2126 Moliturque
539 2066 614 2127 supas
624 2064 814 2123 otredemaper-
851 2064 887 2114 mi
912 2066 1026 2115 stratum
1043 2065 1104 2114 vide
1122 2064 1194 2128 apud
1210 2066 1370 2115 viscontium

287 2142 462 2189 6116661661.
493 2136 813 2199 Lectiosurr'treiicienrla
850 2140 963 2189 lienum.
982 2140 1073 2202 Borplr.
1092 2140 1165 2189 Fasc.
1179 2140 1204 2189 2.
1225 2141 1286 2189 Tuo.
1299 2141 1324 2189 8.

288 2213 330 2263 vel
355 2215 466 2277 proptor
489 2225 515 2261 v.
539 2212 654 2268 rubium
682 2211 723 2259 bis
742 2211 813 2259 enirn
884 2212 924 2263 80.
951 2212 1088 2277 contracta]
1108 2214 1145 2263 Ex
1162 2214 1296 2277 frequenti
1314 2216 1371 2263 ima·

288 2288 361 2338 idem
372 2287 482 2337 diceret.
498 2314 525 2323 -
539 2286 668 2346 1616161116]
681 2285 813 2347 «ideoque
851 2288 911 2350 gine
928 2288 1026 2339 summi
1040 2288 1140 2351 quique
1151 2291 1248 2351 poetas
1260 2302 1311 2351 per
1321 2290 1370 2337 tias

288 2362 343 2413 luto
361 2365 387 2411 te
405 2362 599 2424 inquinatura.»
628 2362 685 2410 Nou
705 2362 747 2409 est
764 2360 812 2421 igi·
851 2362 978 2412 incedunt
994 2361 1084 2412 66161)
1097 2363 1161 2426 ipsis
1173 2362 1372 2425 patefactusaut

288 2441 346 2498 tur,
364 2438 395 2485 61
406 2434 523 2486 nonnulli
534 2435 726 2499 opinabantur,
746 2433 814 2483 otio·
852 2438 925 2486 certa
939 2435 1059 2485 6111161166
1070 2451 1076 2493 ;
1096 2436 1157 2487 hinc
1168 2437 1218 2501 ipsi
1231 2438 1256 2485 iu
1266 2439 1308 2487 via
1320 2440 1370 2486 artu

289 2525 349 2562 sum
366 2510 508 2560 ἐπίθετον.
536 2510 575 2560 61.
588 2512 654 2575 Epp.
672 2511 701 2570 1,
719 2509 749 2571 2,
766 2509 811 2559 26:
851 2511 960 2572 vestigia
972 2511 1122 2559 contrahunt
1134 2520 1247 2561 necesse
1260 2514 1314 2571 est;
1330 2512 1371 2573 sot·

288 2587 373 2637 norica
387 2586 440 2635 luto
456 2597 506 2633 166.
528 2611 553 2621 -
574 2586 587 2633 l
603 2583 678 2647 nunc]
702 2584 747 2633 «si
764 2596 814 2646 po·
850 2598 898 2648 pen
914 2586 969 2633 (terra
979 2585 1073 2633 telmai
1082 2586 1133 2633 61611
1144 2586 1292 2635 6161166666
1304 2586 1372 2648 Psote

289 2664 357 2712 tes.»
374 2659 434 2709 vid.
446 2659 480 2709 ad
492 2660 558 2723 Epp.
573 2660 602 2719 1,
619 2659 702 2719 6,11.
721 2660 811 2707 luveu.
851 2659 1016 2709 6661116116.
1034 2660 1147 2709 1166666.
1178 2662 1298 2723 Propert.
1311 2660 1334 2716 1,
1347 2661 1368 2715 1,

290 2732 815 2795 16,166;1661666661(6661)666666
852 2732 895 2784 tl:
923 2734 980 2781 lr'on
1004 2734 1082 2782 datur
1106 2734 1141 2782 tul
1165 2735 1253 2784 116666
1274 2744 1370 2783 marera

288 2822 363 2858 curre
376 2822 423 2869 per
438 2809 524 2870 Alpes,
548 2807 595 2857 ubi
610 2807 671 2857 vide
689 2805 814 2855 Heinrich
851 2807 980 2857 1616616.
1016 2808 1170 2858 lectionem
1193 2807 1368 2869 6661661666

289 2884 321 2931 ll.
339 2896 367 2945 p.
381 2882 438 2931 397.
466 2883 503 2931 lta
521 2882 614 2931 Graeci
631 2893 748 2944 quoque.
779 2880 812 2931 ll.
852 2880 1011 2941 detendunt,
1030 2880 1176 2931 admodum
1190 2882 1331 2933 artificiose
1346 2882 1370 2929 61

289 2954 436 3005 Antoninus
458 2955 486 3015 9,
509 2956 555 3005 29:
578 2947 680 3019 Ὓταγε
696 2950 748 3003 νῦν
765 2952 814 3002 sol
851 2968 947 3019 parum
963 2954 1137 3018 probabiliter
1148 2954 1295 3019 explicant:
1314 2954 1370 3003 udo

287 3022 470 3096 Ἀλέξανδρόν
490 3043 543 3091 μοι
560 3027 632 3093 λέγε.
655 3056 681 3064 -
699 3026 814 3090 canoros]
851 3042 902 3078 nac
920 3029 1087 3091 contigeris.»
1121 3028 1307 3093 Dilleuburger
1325 3042 1369 3078 au-

291 3100 377 3151 rbeue
395 3100 580 3159 modulatum»
597 3115 666 3151 nnus
681 3100 815 3165 apudl'e-
851 3106 920 3163 1661,
950 3104 994 3165 qui
1022 3104 1139 3167 recepit,
1169 3104 1366 3168 intorpretatur:

291 3189 335 3225 am
349 3188 466 3236 sonoros,
492 3188 525 3225 ex
541 3174 710 3237 glossemate.
726 3203 754 3211 -
770 3176 815 3239 fu-
852 3177 912 3226 rVis
929 3190 972 3227 me
990 3178 1204 3240 restiglavatum
1222 3180 1368 3241 contingere

289 3252 326 3316 pit
341 3249 436 3312 661666]
459 3249 636 3299 Praestaulior
651 3249 720 3299 haec
737 3248 814 3301 166116
851 3252 879 3299 61
908 3252 1028 3313 sequitu
1069 3254 1148 3301 116616
1178 3252 1365 3303 lllilscherliclr:

292 3325 375 3375 Codd.
399 3336 523 3373 meorum
543 3324 680 3386 antiquiss.
704 3326 731 3373 et
748 3323 815 3373 alio·
849 3326 990 3387 66666616]
1008 3328 1099 3385 «arta,
1122 3326 1244 3376 noudum
1262 3328 1367 3377 imitato·
1445 3352 1446 3379 2

290 3413 352 3451 rum
363 3399 430 3449 leae
443 3412 476 3448 6ο
488 3398 594 3447 nomine
606 3398 723 3458 videtur,
741 3398 813 3461 quod
850 3412 910 3449 rum
928 3399 1006 3449 turba
1023 3401 1133 3463 protrita
1151 3412 1183 3449 ac
1200 3399 1332 3451 dilatata·

288 3474 355 3537 fuptt
377 3473 464 3522 urbem
487 3473 606 3533 (Romam
625 3472 769 3535 praecipue
788 3473 815 3520 et
883 3473 971 3523 81-86.
988 3471 1365 3538 lupeuiumcet.]n0uid‚quorl

291 3547 355 3597 alias
372 3560 480 3609 quoque
493 3546 582 3605 urbes]
595 3544 691 3595 clarius
703 3546 755 3595 lroc
767 3558 814 3595 ex·
851 3560 932 3611 saepe
949 3548 1072 3599 ridemus
1090 3561 1136 3599 666
1155 3551 1241 3613 ipsos,
1267 3551 1310 3612 qui
1326 3560 1366 3611 per

292 3616 394 3683 primit:
413 3619 733 3679 «vitatmullitndinem»,
752 3632 813 3669 oum
851 3621 959 3683 longum
986 3626 1090 3685 tempus
1117 3623 1142 3671 in
1167 3621 1226 3672 loco
1252 3623 1286 3672 ab
1303 3622 1365 3671 omui

289 3694 355 3756 [opu
370 3695 443 3743 urbes
466 3696 555 3757 potius
570 3694 713 3757 significet:
741 3708 814 3743 «nou
851 3697 963 3759 strepitu
983 3710 1067 3747 vacuo
1092 3700 1119 3746 et
1140 3698 1318 3759 quietissimo,
1341 3697 1365 3743 ut

292 3768 396 3817 accedit
411 3767 446 3816 ad
463 3767 572 3818 urbes.»
601 3769 643 3817 Sic
661 3768 753 3817 itidem
770 3782 815 3817 66-
851 3772 914 3820 6661
929 3770 1060 3828 Athenae,
1079 3782 1217 3822 summum
1233 3772 1364 3835 parotium

291 3854 346 3891 mus
367 3854 450 3891 uuum
467 3840 575 3904 aliquod
592 3838 814 3911 ποιητικώτερον
852 3843 957 3903 litteris,
976 3845 1050 3907 poesi
1062 3846 1204 3908 imprimis,
1218 3858 1366 3907 vacarepo-

292 3928 501 3977 quamuemora.
532 3917 601 3967 «Cir.
618 3918 812 3977 1661665611,
851 3920 971 3979 luerunt,
999 3932 1100 3967 66666
1120 3920 1275 3983 peruenire,
1301 3922 1327 3967 61
1342 3918 1364 3963 iu

292 3990 340 4039 57:
367 3990 499 4040 Aracictute
522 4004 611 4040 corcus
632 3991 733 4041 661666
753 3990 816 4053 sarit
852 3991 950 4043 Urbem
981 3994 1081 4043 reversi
1107 4006 1170 4044 oum
1195 4006 1318 4043 successu
1341 3994 1364 4039 61

293 4067 391 4126 (vatem
403 4065 561 4127 egregium),
579 4066 659 4114 cumis
673 4064 758 4115 neubi
767 4065 815 4113 lm-
853 4066 1018 4131 popularium
1032 4066 1160 4131 applausu
1172 4070 1265 4131 possin
1277 4065 1362 4118 661661,

290 4140 399 4201 puteas,
425 4140 529 4201 eruptum
553 4140 676 4189 silvanum
692 4144 815 4201 aptusque
851 4139 901 4190 sed
918 4154 965 4191 eos
982 4142 1089 4205 saepius
1106 4140 1214 4191 sibimet
1232 4138 1363 4204 displicen—
1445 4194 1446 4209 χ

293 4212 526 4263 temperantibus
533 4214 681 4263 Aonidum.»
692 4215 773 4265 11666.
784 4240 812 4251 -
852 4216 892 4264 166
919 4227 950 4263 66
975 4214 1145 4265 meticulosos
1164 4214 1294 4267 silentium
1310 4224 1363 4261 ser-
