2925 4892
281 378 342 441 704
763 378 891 430 nonani

323 538 428 615 Quem
450 554 552 622 penes
573 534 743 600 arbitrium
765 544 814 600 est
835 543 868 600 et
889 534 939 599 ius
961 544 995 600 et
1016 554 1128 599 norma
1151 533 1313 621 loquendi.

324 658 387 722 lies
410 664 522 741 gestae
543 674 723 740 regumque
745 653 931 743 ducumque
955 664 987 721 et
1007 654 1107 722 tristia
1130 655 1214 721 bella

324 778 397 856 Quo
419 774 517 842 scribi
539 784 671 863 possent
691 795 843 851 numero,
869 776 1055 842 monstravit
1076 778 1245 843 Homerus.

323 895 478 963 Versibus
502 895 667 982 impariter
689 896 806 961 iunctis
830 897 1032 983 querimonia
1055 898 1209 983 primum,
1329 899 1365 961 75

348 1084 388 1133 ts.
407 1082 462 1146 iau]
490 1085 528 1132 oie
545 1084 573 1142 Τ,
592 1086 718 1147 quattuor
736 1084 806 1146 liegii
825 1083 931 1148 aliique.
961 1113 986 1120 —
1015 1084 1055 1135 ut.
1075 1090 1178 1146 postumi
1199 1099 1239 1149 pr.
1259 1085 1287 1134 Τ.
1309 1112 1336 1119 -

312 1158 501 1220 possant‘ntnibi
518 1158 602 1209 codd.
621 1156 683 1221 aliq.

283 1322 436 1374 bominibus
447 1323 590 1386 agendas·
602 1324 674 1374 Hane
683 1325 758 1373 Turs.
766 1324 807 1373 iV.
846 1337 919 1386 saepe
930 1324 1060 1373 uariorum
1073 1326 1262 1375 intuuutimum
1271 1339 1368 1387 pereru-

283 1412 310 1463 p.
324 1397 380 1448 iti.
407 1396 513 1447 Scilicet
533 1400 590 1447 usui
612 1411 661 1462 per
678 1411 809 1462 prosopo-
848 1400 884 1447 sio
894 1412 1026 1448 numerum
1037 1400 1143 1461 conficit.
1158 1428 1186 1435 —
1203 1400 1367 1449 i'ersidusim-

284 1474 379 1537 poeian
391 1472 527 1535 quandam
539 1472 574 1522 ab
587 1474 693 1522 lioralio
705 1473 809 1535 tyranni
845 1474 945 1535 puriter
960 1473 1058 1537 iunctis]
1077 1473 1255 1523 «hexametris
1268 1477 1296 1523 et
1310 1487 1368 1537 pen-

284 1548 356 1597 nices
368 1546 529 1597 tribuuntur.
544 1574 572 1584 -
587 1548 761 1597 arbitrium-et
772 1549 811 1597 int
847 1548 968 1597 tametris
990 1545 1209 1597 alternantibus.»
1238 1548 1367 1599 Charisius

283 1628 307 1673 ct
322 1623 422 1686 mnne]
449 1622 574 1673 Consulto
594 1623 713 1673 cumulat
728 1636 810 1673 vcca—
847 1622 871 1669 2.
892 1633 917 1684 p.
932 1622 988 1671 tus.
1004 1622 1045 1671 P.:
1063 1622 1205 1683 impariter.
1224 1650 1263 1659 --
1279 1624 1308 1685 Q.
1329 1622 1367 1671 ie—

284 1696 360 1759 bula,
379 1710 433 1761 que
445 1697 613 1748 demonstret
627 1698 809 1748 necessarium
847 1696 942 1745 renitor
966 1696 1078 1745 Securus
1097 1697 1123 1745 in
1146 1698 1331 1747 mmmaniariis
1345 1696 1368 1743 in

285 1784 359 1833 esse,
377 1775 408 1822 ut
423 1770 553 1822 voeabula
571 1770 705 1835 asingulis
716 1771 759 1821 vei
772 1772 810 1821 ia·
848 1776 929 1819 artam
949 1770 1132 1831 potiemini.
1150 1772 1197 1820 ii„-
1220 1771 1367 1821 Aduerbi-

285 1849 328 1897 etu
349 1844 392 1897 vel
416 1847 563 1909 composita
581 1860 596 1895 a
616 1846 810 1896 consuetudine
847 1858 908 1905 um,
936 1844 1031 1905 inquii,
1056 1844 1232 1907 sipurnuit3
1265 1846 1290 1895 id
1313 1848 1366 1895 esi:

284 1919 479 1983 approbentur,
507 1920 535 1968 id
558 1920 612 1981 est,
639 1921 669 1968 ut
688 1933 703 1967 a
722 1918 810 1970 multis
849 1918 946 1968 Horatii
964 1917 1066 1981 (saltem
1079 1932 1162 1979 nune,
1181 1921 1368 1985 postquamtot

285 1992 354 2043 illico
372 1996 509 2057 tamquam
522 1998 595 2044 reeta
613 1995 640 2044 et
656 1996 717 2058 apta
736 2007 811 2044 usur-
848 1994 992 2057 scriptores
1015 1994 1120 2043 Latinos
1137 1994 1312 2057 perdidimus)
1332 1998 1369 2043 est

285 2070 396 2130 pentur:
415 2066 659 2127 arbitrirunautem,
675 2068 748 2131 quod
760 2069 811 2117 ata-
848 2058 926 2131 ἅπαξ
943 2063 1115 2133 λεγόμενον,
1134 2070 1297 2119 Graecorum
1310 2060 1368 2117 ἄνι’-

285 2142 385 2191 tuimus
401 2139 471 2191 nulla
489 2154 569 2191 musa
586 2140 678 2200 allata;
698 2143 751 2203 uu,
771 2142 811 2191 la·
848 2156 915 2203 σως.
941 2168 967 2176 -
995 2142 1075 2205 Sequi
1099 2142 1206 2192 videtur
1222 2144 1247 2193 in
1266 2145 1307 2194 bis
1324 2143 1368 2193 do-

238 2214 242 2220 '
286 2213 378 2273 cullas,
392 2227 473 2277 quum
483 2217 566 2264 ceteri
575 2214 808 2279 ultroagnoscunt;
849 2217 960 2265 ctrinam
972 2214 1137 2279 Neoptolemi
1151 2218 1252 2267 Pariani
1267 2217 1308 2268 vel
1326 2216 1369 2267 ali·

284 2302 390 2349 nomm,
411 2288 502 2351 regula
519 2289 624 2340 anobis
636 2292 808 2354 praescripta,
849 2303 924 2341 crum
938 2277 1177 2342 Grammaticorum
1186 2292 1370 2342 alexandrine

285 2363 328 2413 cui
345 2364 429 2413 ceteri
445 2363 641 2428 obtemperant.
669 2366 745 2415 ilunc
762 2378 811 2414 au·
849 2378 921 2425 rum,
941 2377 1022 2427 quam
1037 2368 1189 2415 examinare
1202 2370 1229 2417 et
1241 2368 1368 2431 corrigere

287 2441 342 2488 mm
352 2436 483 2502 triplicem
494 2438 636 2489 voluntatis
649 2442 755 2490 nostrae
767 2452 812 2488 ex·
849 2441 1003 2503 interpretis
1015 2454 1066 2491 non
1080 2442 1134 2502 est,
1154 2442 1202 2491 sed
1214 2444 1368 2507 scriptorum

287 2586 407 2638 attribuit
423 2590 510 2651 poeta.
539 2588 577 2638 cl.
592 2588 658 2653 Epp.
671 2589 696 2649 2,
709 2589 735 2648 Ξ,
749 2588 808 2637 iili:
850 2590 967 2639 Franeliii
978 2588 1106 2641 Callinum
1115 2605 1142 2655 p.
1151 2592 1191 2642 nt.
1203 2591 1279 2645 lllriei
1289 2592 1366 2643 Gerul-

286 2660 409 2711 Adseineat
424 2675 491 2711 noun
508 2661 671 2725 (voeabula),
690 2674 756 2723 quun
771 2674 813 2725 pe-
849 2664 894 2711 der
909 2664 994 2713 bellan
1013 2664 1111 2714 Diebtit.
1131 2667 1161 2715 ii.
1180 2678 1207 2729 p.
1221 2668 1278 2716 252.
1302 2664 1367 2715 ilode

287 2733 355 2784 nittu
369 2736 520 2796 prodtneorit
535 2750 602 2785 nasus.
850 2737 880 2785 li.
900 2752 926 2801 p.
941 2738 988 2787 titi
1001 2740 1053 2787 eet.
1071 2766 1098 2775 -
1124 2740 1295 2803 querimonia]
1320 2751 1366 2788 nou

851 2810 884 2860 de
902 2812 998 2875 spretis
1014 2825 1028 2861 a
1041 2811 1135 2875 puellis
1147 2816 1288 2877 poetarum
1299 2824 1368 2863 amo-
1440 2860 1441 2873 ,

320 2884 409 2933 73-78.
436 2885 492 2933 ium
506 2885 632 2948 expositis
644 2884 812 2948 generalibus
851 2883 933 2945 ribus,
948 2884 996 2935 sed
1009 2884 1095 2936 luctus
1107 2889 1134 2936 et
1147 2898 1255 2937 maeror
1266 2887 1299 2937 de
1310 2886 1368 2937 umi-

288 2957 323 3007 de
345 2957 513 3018 inventione,
539 2958 726 3021 dispositione,
753 2958 813 3009 stilo
851 2960 889 3007 eis
906 2957 948 3008 vel
965 2958 1068 3009 civibus
1085 2961 1198 3023 egregiis
1215 2964 1300 3011 morte
1317 2974 1368 3011 ere

288 3031 814 3097 praceeptisvu.i3-8ti.praecipuapce-
850 3036 911 3099 ptis.
939 3030 1091 3103 Θρηνιόδη,
1118 3034 1272 3098 lugubrem,
1298 3038 1367 3099 igitur

288 3104 325 3153 sis
346 3116 443 3165 genera
467 3107 606 3154 enumerat
626 3120 658 3155 ae
675 3108 812 3170 describit,
851 3108 952 3172 putavit
967 3108 1049 3159 tuisse
1063 3108 1097 3158 ab
1110 3110 1182 3159 initio
1195 3109 1315 3173 elegiam,
1326 3122 1366 3159 se·

289 3188 398 3225 carmen
415 3178 536 3240 epicum,
555 3176 679 3241 elegiam,
698 3181 811 3243 iambos,
851 3184 942 3243 cutus,
962 3184 991 3231 ut
1007 3182 1125 3243 videtur,
1144 3187 1236 3235 notam
1248 3184 1315 3235 illam
1327 3196 1366 3232 ne

290 3250 471 3311 comoediam,
488 3251 666 3314 tragoediam,
680 3268 764 3316 genus
776 3256 815 3319 ly·
851 3258 978 3307 tationem
995 3258 1029 3308 ab
1047 3250 1092 3308 ’ἑῖ
1109 3258 1211 3324 λέγειν,
1231 3272 1310 3323 quam
1322 3270 1366 3307 nu-

289 3327 388 3384 mcum,
405 3325 506 3389 singula
517 3329 675 3389 praesertim
688 3329 723 3377 ab
735 3332 815 3394 aptis·
851 3344 901 3395 per
916 3331 1032 3382 firmavit
1048 3332 1154 3383 Godclr.
1169 3334 1332 3384 Hermannus
1342 3332 1365 3381 in

289 3399 358 3449 simo
375 3398 483 3463 singulis
498 3413 625 3451 versuum
648 3416 746 3465 genere
765 3405 814 3454 de·
852 3405 1079 3470 Extemporalibus
1104 3408 1253 3472 (Zaiuebrifi
1270 3410 1312 3471 pir
1333 3407 1366 3456 die

289 3474 406 3535 signans.
422 3500 448 3510 —
463 3476 599 3536 Quoscribi
608 3480 715 3540 pomeri]
723 3476 811 3529 Adde:
850 3480 1166 3545 Altertbumswtssmsebnst
1178 3484 1250 3533 ⁴836.
1268 3484 1297 3533 Ν.
1310 3482 1363 3541 titii:

290 3561 395 3609 «neque
412 3562 477 3598 uero
494 3548 544 3599 aiio
562 3550 642 3599 scribi
656 3551 813 3602 deberent.»
853 3554 984 3617 «lugendi
1002 3554 1113 3605 termula
1132 3558 1173 3607 est
1190 3550 1321 3624 ἒέλέγε,
1338 3568 1364 3604 er

291 3622 396 3670 Aristot.
416 3624 488 3672 Petit.
500 3624 542 3684 et,
555 3625 584 3674 8:
604 3621 645 3674 Τὸ
661 3623 693 3675 tt
707 3628 814 3697 μέτρον
853 3642 939 3693 eaque
957 3632 985 3678 et
1000 3630 1073 3693 origo
1091 3632 1216 3682 carminis
1228 3631 1331 3695 elegiaci
1339 3654 1365 3666 -·

290 3688 325 3742 τὸ
349 3689 476 3762 ἡρωϊκὸν
497 3691 557 3747 ἀπὸ
578 3696 629 3762 τῆς
647 3702 746 3770 πείρας
763 3694 815 3771 ἧρ-
853 3706 879 3752 et
902 3702 1042 3767 appellatio
1060 3703 1184 3768 explicari
1203 3709 1299 3770 potest.
1325 3704 1364 3751 Vir

290 3780 397 3831 μοκεν·
424 3770 452 3817 ei
473 3767 530 3840 γάρ
553 3786 596 3833 τις
618 3772 649 3823 ἐν
665 3768 743 3841 ἄλλῳ
761 3778 815 3826 τινὶ
853 3777 923 3826 enim
936 3775 1112 3827 dubitandum
1123 3778 1243 3841 videtur,
1258 3780 1316 3843 quin
1327 3790 1365 3826 nn-

290 3841 385 3909 μέτρῳ
396 3838 606 3910 <temporaneis
617 3850 742 3913 μίμησιν
751 3865 815 3900 ποι·
853 3851 993 3914 tiquissimi
1020 3850 1086 3900 iliius
1111 3850 1231 3915 lugubris
1254 3850 1364 3903 eurrninis

291 3918 355 3964 otto
380 3908 450 3980 ἢέν
471 3916 605 3982 πολλοῖς,
632 3918 757 3994 ἀπρεπὲς
778 3919 815 3973 ἂν
853 3938 884 3975 ea
902 3924 969 3974 ratio
988 3924 1077 3984 tuerit,
1101 3928 1130 3974 ut
1147 3929 1364 3990 pentametrumm

291 3990 436 4052 φαίνοιτο.
452 4020 478 4027 -
492 3996 604 4059 nmnero]
616 3997 642 4046 b.
656 3998 672 4048 i.
687 4000 815 4051 henume-
853 4000 986 4063 posterior
1001 4011 1064 4062 pars
1081 3998 1149 4049 haec
1162 4007 1250 4051 esset:
1269 3994 1284 4050 ἒ
1293 3994 1363 4062 iliy'

292 4065 348 4114 tris.
376 4066 414 4115 lle
432 4079 545 4117 numero
563 4070 617 4119 cie.
631 4070 664 4121 da
676 4072 720 4121 Or.
735 4073 759 4135 3,
772 4073 813 4135 ta,
852 4066 987 4139 ἓὲλέγε.
1021 4072 1057 4123 iiii
1081 4074 1158 4136 igitur
1184 4088 1276 4126 versus
1299 4074 1363 4123 reete

293 4139 355 4189 rso:
373 4140 499 4191 Nannenus
513 4142 540 4190 in
556 4144 741 4195 continuatione
757 4146 816 4195 nui-
853 4146 915 4198 dicti
927 4150 988 4198 suut
1000 4140 1117 4213 ileyotm
1140 4148 1196 4212 (nin
1214 4162 1282 4199 nunc
1293 4158 1364 4211 eupu-

294 4214 333 4262 iua
356 4220 406 4264 est:
431 4216 555 4266 distinctio
579 4222 602 4266 et
627 4218 772 4279 encomium
794 4226 817 4271 at
853 4220 907 4271 lant
918 4233 980 4271 eum
991 4236 1016 4273 v.
1026 4216 1124 4287 ἄλγος,
1138 4236 1202 4273 seue
1212 4234 1302 4287 purum
1313 4228 1363 4282 pru
