2925 4892
243 343 304 409 400
623 344 752 396 uonsrn
770 344 950 396 sannanim

280 501 342 581 Qui
364 499 455 567 locus
478 521 497 566 a
519 499 590 566 lorti
611 499 771 566 Diomede
794 509 845 566 est
865 498 1013 566 conditus
1034 498 1122 565 olim.

281 620 445 688 Flentibus
468 620 541 687 binc
562 621 676 688 Varius
698 620 839 687 discedit
859 631 1001 687 maestus
1024 620 1147 687 amicis.

280 742 359 808 lnde
380 740 491 808 Rubos
511 742 588 807 lessi
610 742 834 829 pervenimus,
858 752 970 829 utpote
991 742 1123 829 longum

280 864 458 950 carpentes
481 862 542 928 iter
562 873 596 929 et
616 862 735 929 lactum
756 863 941 949 corruptius
964 862 1067 929 imbri.
1285 864 1328 927 95

277 986 411 1050 Postera
432 992 608 1069 tempestas
631 982 760 1059 melior,
785 982 838 1049 via
859 983 952 1069 peior
973 982 1014 1049 ad
1037 1004 1143 1071 usque

184 1212 190 1221 ,
300 1161 341 1211 92.
355 1162 413 1225 Oet]
423 1161 470 1211 lssc
481 1172 505 1209 c.
520 1160 604 1223 (Hunc
616 1173 642 1209 v.
655 1158 766 1211 seclusit
777 1106 930 1223 bentleius.)
943 1188 966 1197 -
978 1160 1019 1209 93.
1033 1160 1090 1211 binc
1103 1160 1290 1227 bScdp‚l,Ctl·':

265 1236 305 1285 ιιισ
321 1248 337 1285 e
356 1235 441 1286 codd.
460 1232 561 1297 aliquot
586 1234 625 1297 (κ,
652 1234 758 1286 duobus
784 1233 841 1285 aliia
867 1236 936 1295 suls,
961 1234 1070 1286 duobus
1092 1238 1248 1288 Bersmanni
1265 1242 1293 1288 et

266 1307 476 1445 (Tuornrepfflpper)
506 1306 642 1358 Bentleius
668 1310 695 1359 et
719 1310 753 1360 ll.
783 1335 810 1347 -
838 1309 920 1359 Vana
945 1322 1013 1359 corr.
1041 1309 1067 1359 d.
1093 1336 1121 1347 —
1147 1312 1293 1363 discessits

233 1533 325 1581 autem
343 1531 378 1581 ad
402 1532 548 1582 Canusium
570 1532 758 1595 pervenirent,
795 1533 852 1583 binc
871 1532 972 1584 lucilius
993 1532 1032 1583 bic
1054 1532 1153 1585 lactum
1171 1546 1231 1584 esse
1248 1534 1329 1583 vide·

232 1605 305 1670 apud
321 1606 490 1656 mansionem
514 1604 594 1655 bodie
612 1606 757 1669 anienem,
796 1608 840 1657 tur
857 1620 939 1669 quam
956 1610 1057 1658 contra.
1092 1608 1135 1657 Sic
1155 1605 1237 1658 Plaut.
1257 1608 1327 1658 cist.

232 1682 276 1731 cul
301 1680 359 1730 ltin.
388 1677 518 1730 llierosol.
545 1679 638 1730 tribuit
661 1693 759 1731 nomen
796 1682 820 1740 t,
834 1681 859 1741 2,
874 1680 917 1729 te:
936 1681 1065 1745 biscttsss
1082 1682 1152 1731 abitt.
1168 1706 1196 1717 -
1216 1682 1327 1731 Canusii

231 1756 270 1806 Ad
288 1755 448 1806 undecim
465 1753 620 1815 (miliarium
637 1768 653 1805 a
670 1757 760 1806 Canu·
796 1756 887 1803 autem
910 1755 1060 1813 Horatium,
1091 1757 1140 1805 etsi
1165 1748 1326 1824 διαῤῥήθην

233 1830 291 1892 sio),
309 1830 432 1879 Horatius
449 1830 477 1877 et
493 1830 605 1879 comites
621 1844 715 1881 rursus
732 1832 758 1879 in
796 1841 849 1878 non
872 1827 948 1886 dicit,
975 1829 1149 1891 pernoctasse
1171 1829 1232 1878 ideo
1255 1841 1326 1879 con-

231 1904 302 1953 viam
311 1903 422 1967 Appiam
435 1902 547 1963 ingressi
558 1904 628 1952 sunt.
639 1930 666 1938 -
677 1916 760 1965 oquae
796 1902 955 1951 sentaneurn
972 1904 1023 1961 est,
1042 1900 1114 1965 quod
1126 1916 1141 1953 a
1154 1902 1248 1963 aubis,
1270 1903 1325 1953 bo-

232 1977 294 2040 cet]
318 1977 465 2027 construe:
496 1977 540 2037 qut
567 1977 636 2025 ιικιιι
658 1978 760 2039 (Canu-
796 1975 840 2025 dia
867 1977 950 2034 flacco,
978 1974 1095 2026 distabat
1119 1977 1152 2027 Μ.
1180 1979 1206 2026 Ρ.
1232 1978 1323 2029 xxiv.

233 2048 467 2112 studuissemus)
491 2054 559 2099 onte
583 2063 667 2111 oquae
684 2052 760 2100 ditior
797 2051 862 2111 (ltin.
875 2050 982 2113 Antcn.)
1000 2048 1043 2099 vel
1055 2050 1130 2099 xxx.
1151 2052 1216 2113 (ltin.
1230 2051 1327 2101 lllero·

232 2126 323 2187 (quam
346 2121 504 2186 oppidulum
529 2136 554 2172 v.
581 2124 632 2181 87.)
659 2138 677 2173 a
698 2126 760 2187 sorti
797 2122 866 2187 soll,
890 2124 918 2174 id
935 2123 1008 2187 quod
1024 2123 1114 2174 verius
1132 2126 1180 2174 cst.
1201 2123 1325 2187 (Walclr.)

232 2198 351 2248 Dimnede
379 2202 415 2246 eat
446 2197 575 2254 conditam
610 2201 640 2247 ut
666 2202 756 2261 recte,
799 2225 826 2233 -
846 2197 987 2261 Camelitas]
1006 2198 1154 2257 «amandu
1182 2198 1243 2262 quia
1263 2199 1340 2249 viae·

232 2268 362 2334 exemplis
385 2270 494 2331 additis,
520 2270 606 2321 verba
628 2272 760 2324 ordinavit
796 2270 915 2334 singulae
939 2274 1033 2335 partes
1050 2284 1102 2321 una
1127 2275 1188 2336 post
1210 2270 1327 2323 alteram

232 2347 286 2396 iam
298 2344 451 2395 Lambinus.
477 2344 572 2395 Strabo
584 2346 608 2406 6,
621 2344 646 2405 3,
660 2346 689 2395 9:
707 2346 760 2398 As'-
796 2344 910 2409 pedibus
927 2343 1009 2394 veluti
1025 2350 1179 2406 commem,
1203 2346 1234 2394 ut
1249 2345 1279 2395 lit
1295 2346 1327 2397 iu

233 2432 334 2486 γονται
349 2416 373 2467 δ’
385 2414 550 2488 ἀμφότεραι
563 2415 604 2481 (τό
616 2433 647 2468 τε
663 2418 760 2473 Κανύ-
796 2418 857 2469 lana
874 2421 902 2469 et
917 2417 971 2469 lino
989 2418 1087 2469 nendo.
1118 2418 1157 2469 Cl.
1172 2417 1220 2468 Od.
1233 2420 1258 2479 2,
1278 2420 1324 2481 tr,

233 2493 359 2544 σιονκαι
373 2487 626 2564 ἡἍργυριππα--
639 2489 759 2568 viiv'Ap-
797 2494 838 2543 ⁴2.
873 2493 938 2543 lnde
960 2494 1050 2542 autem
1072 2506 1086 2540 a
1111 2491 1225 2541 Canusio
1247 2494 1327 2543 certe

235 2568 293 2631 ποι)
313 2561 479 2633 Διομήδους
489 2569 634 2632 artoptam
645 2567 716 2631 κτλ.,
730 2572 760 2620 ut
797 2580 847 2630 per
862 2568 934 2616 uiam
951 2566 1088 2628 Egnatiam
1105 2566 1157 2614 lter
1176 2564 1325 2618 trabebant.

234 2642 759 2707 etiamllquustuticus.Serv.adAeu.8,
829 2639 918 2689 96-99,
945 2640 979 2687 od
999 2637 1085 2702 acque]
1108 2638 1147 2689 Cl.
1166 2638 1202 2688 ad
1219 2640 1272 2689 Sat.
1292 2640 1326 2703 l,

233 2719 258 2768 9,
274 2746 301 2755 -
315 2718 406 2781 aquae]
425 2718 572 2780 quostiam
584 2718 759 2770 hodieooret,
798 2716 825 2774 l,
849 2712 890 2763 et.
925 2713 967 2762 Sic
989 2712 1070 2764 etlam
1093 2714 1157 2763 stat.
1182 2713 1266 2764 Theb.
1290 2715 1325 2775 l,

234 2790 355 2855 (walch.)
368 2816 396 2826 -
411 2791 612 2856 Qatlocatacetl
626 2792 760 2843 Bentleius
799 2786 855 2837 let.
877 2811 904 2823 -
923 2786 1120 2852 Boii-piscosi]
1138 2788 1258 2848 Barium,
1277 2787 1331 2839 bo-

234 2866 286 2915 boc
301 2876 384 2915 versu
400 2864 457 2913 sine
469 2863 521 2914 ulla
538 2866 606 2915 iusta
619 2878 699 2916 causa
710 2866 761 2916 de·
797 2862 840 2911 die
856 2862 934 2923 Bari,
952 2861 1080 2926 oppidum
1091 2860 1201 2927 Apuliae
1218 2863 1329 2913 Peuce-

233 2938 288 2988 leto
312 2938 351 2986 sic
374 2936 557 2988 construebat:
588 2952 671 2999 aquae
692 2951 761 2988 omo
797 2937 864 2998 tiae,
883 2937 918 2987 ud
935 2948 1009 2987 mare
1027 2938 1121 2997 situm,
1148 2936 1263 2987 altubis
1281 2936 1329 2986 di-

236 3011 371 3075 (nominat.
397 3023 447 3074 pro
473 3011 590 3076 scopia»)
613 3026 664 3062 sos
685 3013 762 3061 ditior
797 3010 886 3061 stabat
895 3011 971 3061 llllll.
985 3010 1019 3061 M.
1030 3014 1058 3061 Ρ.
1077 3012 1234 3062 Etiamnunc
1245 3011 1329 3063 buius

235 3083 360 3150 (uberior)
379 3086 422 3135 est
438 3085 545 3136 Canusii
568 3098 650 3149 mam
666 3087 694 3136 in
711 3100 762 3150 op·
797 3084 888 3149 oppidi
910 3081 1013 3134 incolas
1037 3083 1156 3148 plerique
1176 3086 1329 3148 piscatores

234 3156 351 3224 pidulo.·
386 3158 434 3208 llic
460 3170 567 3222 quoque
592 3173 687 3211 versus
710 3172 761 3224 pa·
798 3162 868 3209 sunt.
894 3156 1014 3222 (Walck.)
1035 3186 1062 3195 -
1088 3158 1152 3223 dein]
1170 3159 1209 3209 De
1230 3156 1330 3208 conlu-

233 3231 326 3283 rodiue
354 3231 489 3282 Ennianus
522 3231 605 3283 babet
632 3233 759 3285 colorem.
797 3234 872 3284 sione
895 3234 974 3285 huius
993 3246 1018 3282 v.
1043 3245 1105 3283 cum
1127 3245 1153 3281 v.
1173 3233 1259 3283 debinc
1281 3233 1329 3283 iu-

235 3305 321 3357 Faclle
346 3310 439 3357 autem
464 3306 571 3357 Canusii
596 3310 761 3358 mentionem
797 3308 870 3371 spice
896 3307 973 3357 lland
998 3308 1072 3357 Ture.
1100 3307 1131 3355 ll.
1156 3318 1183 3369 p.
1208 3306 1265 3356 23⁴.
1293 3330 1325 3345 -

234 3380 323 3431 lacere
335 3381 422 3445 potnit
432 3380 544 3441 Ennius,
560 3382 687 3444 quoniam
699 3379 761 3431 illuc
798 3380 901 3445 θιαιια]
920 3381 1004 3431 lorma
1021 3378 1157 3444 popularis
1173 3392 1222 3444 pro
1234 3381 1328 3445 Epas-

233 3456 296 3520 post
317 3453 422 3505 cladem
445 3456 615 3506 Cannensem
637 3456 762 3519 fugerunt
797 3455 847 3516 tis,
874 3468 888 3503 a
912 3454 990 3505 Bario
1016 3453 1117 3503 distans
1143 3454 1265 3503 llllilVll.
1286 3456 1326 3506 ιιι.

234 3530 354 3581 Romani,
368 3530 423 3579 Liv.
434 3528 481 3590 ιι,
494 3529 526 3579 50
538 3531 566 3579 et
576 3530 616 3579 52.
632 3558 659 3567 -
673 3543 691 3579 a
700 3530 762 3592 sorti
797 3530 837 3589 P..
856 3527 935 3577 bodie
952 3528 1092 3589 Monoeci,
1120 3529 1150 3577 ut
1166 3528 1203 3577 eit
1224 3528 1329 3578 Roma-

233 3602 361 3665 Diomede]
390 3603 419 3652 lu
443 3599 663 3653 tramittere
680 3616 761 3653 num·
798 3599 905 3663 aeblus,
931 3602 961 3650 ut
984 3600 1173 3662 Walclrenaer‚
1203 3602 1279 3653 Totas
1297 3604 1326 3652 α’

234 3674 286 3725 mis
303 3675 439 3726 Diomedis
456 3676 557 3738 efligies
570 3689 698 3740 expressa
709 3679 758 3727 est.
796 3677 908 3726 Ancaeo.
931 3675 1084 3726 Secundum
1100 3675 1165 3725 alios
1182 3675 1261 3726 bodie
1273 3688 1329 3741 ap-

234 3747 367 3811 ltfflmgen
393 3749 593 3810 anlenotipue
616 3750 646 3799 de
674 3750 761 3800 losti-
796 3749 1028 3815 pellaturFaaorso.
1051 3749 1266 3800 Vidliultarcb.
1279 3752 1326 3802 lv.

235 3834 283 3885 que
307 3822 380 3872 ltctie
402 3834 428 3885 p.
448 3823 504 3872 452.
530 3850 558 3859 -
580 3822 706 3888 madiae]
731 3826 761 3873 ut
796 3838 823 3889 p.
845 3824 887 3874 87.
923 3825 1049 3875 Ceterum
1072 3823 1189 3874 GNATIA
1211 3825 1329 3875 vocabar

235 3896 330 3946 Graeci
342 3896 444 3958 κτίζειν
455 3890 566 3966 χώραν,
584 3893 688 3961 νῆσον,
703 3899 762 3949 stt
797 3900 879 3950 stiam
895 3900 923 3949 in
939 3901 1036 3949 luscrr.
1060 3898 1098 3949 ibi
1124 3899 1237 3949 effossis.
1267 3898 1326 3951 Clr.

235 3984 307 4034 στης
326 3965 431 4019 τόκων.
457 3997 485 4005 -
503 3968 568 4033 ltine]
590 3983 606 4020 a
629 3972 758 4033 Canusio,
796 3971 991 4023 Avellinoltall.
1005 3973 1112 4024 arcbeot.
1136 3972 1235 4023 Ottebte
1247 3972 1326 4025 tels.

235 4057 306 4106 non,
332 4047 363 4094 ut
379 4042 422 4093 alii
438 4041 543 4104 volunt,
573 4042 609 4094 ab
633 4045 760 4111 oppidulo
795 4047 867 4097 lnter
892 4046 942 4097 alia
968 4050 1091 4112 repertus
1117 4049 1159 4099 est
1182 4046 1219 4097 ibi
1238 4047 1329 4097 cadu-

234 4110 357 4190 ἀμέτρῳ.
385 4116 495 4182 optimis
507 4118 672 4169 meiscodd.
686 4120 761 4182 aqui-
796 4133 862 4172 oeus
896 4134 959 4173 cunr
997 4124 1080 4173 lusor.
1111 4119 1310 4173 ΓΝΑΘΙΝΩΝ
1318 4160 1325 4183 ,

235 4192 298 4243 dem
315 4192 514 4258 obtemperavi,
540 4192 622 4245 etiam
640 4193 702 4257 qnia
726 4206 760 4245 ex
796 4194 869 4245 unde
880 4194 928 4245 luit
939 4194 985 4259 qul
996 4194 1172 4247 contenderet
1187 4196 1214 4246 b.
1227 4194 1245 4245 l.
1259 4196 1328 4245 scri-
