2925 4892
537 402 598 452 sns
617 401 763 452 roanos.
1138 393 1194 461 roi

153 558 321 645 Signatum
343 565 515 645 praesente
537 564 612 621 note
633 554 816 643 producere
839 574 965 621 nomen.

152 678 193 746 lii
213 678 315 745 silvae
337 677 420 743 loliis
442 696 562 764 pronos
584 684 746 742 mutantur
768 675 799 740 in
826 694 942 753 annos,
1158 677 1199 741 60

152 799 261 865 Prima
282 799 417 865 cadunt:
441 799 485 864 ita
506 795 680 863 verborum
701 806 795 863 vetus
814 796 924 863 inierit
944 806 1047 873 eatae,

139 1026 272 1063 mnan
288 1015 330 1063 Fr.
348 1015 454 1065 beisino
472 1015 580 1063 auctore
598 1011 740 1063 Bentleius.
757 1039 783 1049 -
796 1012 836 1061 60.
858 1014 887 1062 ili
902 1012 965 1075 [otia
981 1014 1007 1061 in
1023 1012 1091 1062 simis
1103 1012 1164 1063 Dio-

141 1087 239 1138 medes
255 1100 283 1151 p.
302 1086 359 1139 aei.
377 1090 421 1147 P..
450 1089 480 1136 tlt
498 1086 567 1136 α’λοὶν
581 1087 644 1150 [otia
659 1088 747 1149 priam
763 1085 845 1136 ilenti.
864 1088 932 1137 coni.
952 1089 1093 1137 Praeterea
1110 1100 1166 1137 ma·

140 1160 216 1210 lebat
231 1162 372 1222 amantur,
389 1164 420 1211 ut
430 1160 575 1211 exhibebat
591 1174 660 1212 unus
675 1163 721 1211 Ge.
743 1159 868 1223 Fabricii,
887 1160 929 1211 vel
945 1162 1090 1211 viduantur.
1111 1160 1163 1211 Cir.

143 1233 280 1286 llerlland
297 1234 331 1284 ed
348 1236 412 1285 Stat.
425 1235 451 1295 t,
464 1235 489 1295 a,
501 1234 542 1285 at.
564 1262 591 1270 —
610 1234 650 1284 ai.
668 1236 745 1285 Prion
761 1235 884 1285 Bouhier.

104 1431 217 1492 amaea.)
242 1430 369 1479 Ceterum
380 1429 507 1491 frequens
518 1430 560 1479 est
570 1429 638 1479 ima·
675 1423 694 1493 ἡ
706 1426 761 1493 μὲν
772 1427 903 1497 τελευτᾷ,
916 1428 1000 1501 ἑτέρα
1012 1428 1043 1481 δὲ
1054 1428 1196 1497 γεννᾶται.

106 1518 151 1568 go.
171 1502 277 1562 Quintil.
293 1504 317 1563 t,
333 1503 358 1564 a,
372 1502 400 1553 3:
429 1504 550 1553 timeon
562 1502 639 1565 piane
676 1503 752 1564 (Mire
773 1508 802 1553 at
818 1504 910 1555 Gouod
934 1518 996 1556 cnm
1013 1505 1070 1556 aliis
1087 1507 1199 1570 quibus-

107 1590 225 1628 samem
237 1582 386 1637 mammo,
398 1576 638 1639 ndpnbticasonno
674 1575 737 1625 dam
754 1576 946 1641 interpretibus
963 1578 1088 1642 explicat:
1110 1592 1196 1641 «cum,

105 1650 357 1715 est.npul.lpolog.
369 1650 544 1714 c.38.p.t84.
556 1649 635 1700 onds
673 1650 817 1713 quandem)
838 1678 865 1687 —
880 1652 983 1713 monas]
1008 1666 1060 1704 non
1078 1656 1144 1714 tem,
1169 1656 1198 1704 ut

108 1727 140 1775 ln
157 1725 248 1786 quibos
264 1724 374 1787 (seriptis
388 1725 459 1789 mdo)
478 1725 638 1774 animadver-
673 1721 728 1773 volt
743 1727 825 1786 Acro,
845 1724 990 1777 evolubiles
1002 1729 1029 1777 et
1041 1729 1092 1777 cito
1107 1726 1198 1779 laben·

107 1800 309 1850 tes·-acmino
329 1800 406 1849 eliam
422 1800 540 1849 tiemonis
556 1799 637 1847 ineat
673 1800 714 1848 tes
739 1802 819 1863 atque
843 1800 1011 1861 instabilem»
1037 1814 1118 1865 quem
1145 1802 1197 1853 aad

106 1878 166 1924 tata
189 1878 214 1923 et
235 1874 262 1922 ia
278 1874 439 1932 hodiernum,
465 1873 532 1934 σασα
547 1873 635 1933 sciam
672 1871 753 1923 linem
772 1875 940 1936 vergentes»
958 1875 987 1923 ut
1007 1888 1103 1937 promo
1120 1876 1197 1927 Orion

105 1948 217 2009 insecta:
235 1945 636 1996 aeternennorntnalaboremeo
673 1946 719 1994 0d.
738 1946 766 2006 3,
787 1947 832 2007 at,
852 1947 906 2007 is.;
934 1961 998 2009 aper
1022 1951 1198 2000 auctmnnetia

107 2026 133 2071 et
150 2022 233 2070 dudio
249 2021 286 2069 ita
302 2021 332 2070 de
343 2020 447 2069 Graecis
453 2020 595 2080 pronatae,
607 2024 636 2068 ai
671 2023 816 2081 tenpora-
843 2020 914 2070 Harm
940 2022 1014 2071 turs.
1034 2023 1076 2072 lii.
1098 2038 1123 2087 p.
1138 2024 1195 2075 335.

107 2100 195 2143 tama
211 2095 303 2144 battua
321 2098 423 2144 moneta
440 2106 561 2155 permissa
575 2094 633 2142 aaut.
672 2092 846 2144 Coniecturae
869 2096 956 2155 priam
981 2098 1009 2146 et
1033 2110 1094 2147 mox
1119 2100 1196 2148 Μοα

107 2169 239 2219 Themist.
251 2168 295 2218 0r.
303 2168 344 2218 as.
358 2181 385 2231 p.
396 2166 454 2219 ait.
465 2166 552 2217 iliud:
563 2166 635 2217 inea
671 2166 713 2216 rel
740 2168 800 2218 ideo
831 2169 990 2219 reiiciendae
1015 2172 1094 2233 suut,
1123 2172 1197 2235 quod

106 2238 145 2306 δὴ
162 2238 217 2292 τοῦ
234 2234 379 2306 ὀνόματος
396 2238 563 2305 (σοφιστοῦ)
579 2232 635 2302 ὥς·
668 2243 746 2303 priva
762 2254 815 2293 non
833 2245 895 2293 sunt
911 2243 1066 2308 simpliciter
1084 2245 1194 2309 singule,

107 2330 161 2386 sep
183 2316 365 2381 νομίσματος
383 2316 538 2380 μετέπεσεν
554 2308 573 2379 ἡ
588 2310 635 2365 ‹iri-
670 2316 720 2366 sed
758 2330 826 2381 quae
861 2316 1025 2380 singulorum
1057 2319 1196 2371 bominum

106 2406 196 2455 ναμις
209 2385 284 2441 κατὰ
296 2387 365 2453 τοὺς
376 2382 499 2460 ὕστερον
509 2387 635 2460 χρόνους
671 2394 735 2441 snut
751 2393 847 2441 ceteris
859 2390 983 2443 omuibus
996 2394 1122 2456 exceptis.
1142 2396 1196 2445 lte-

107 2463 171 2515 κτλ.
672 2480 725 2529 que
741 2480 806 2516 vero
822 2466 963 2529 quisquam
979 2466 1104 2530 probabit
1118 2471 1197 2519 Prae-

139 2541 191 2588 Vv.
204 2540 293 2591 oti-'ia
307 2554 341 2590 ex
351 2540 409 2604 ipse
419 2538 634 2590 vitaehumanae
672 2541 767 2591 (licerii
785 2542 984 2590 commentum:
1003 2541 1096 2590 Prisca.
1115 2544 1197 2592 Bent-

109 2616 206 2664 uetnra
231 2614 302 2664 tinae
328 2614 473 2665 etcaduca
490 2615 637 2664 necessita·
672 2614 715 2664 leit
732 2616 822 2663 eutem
839 2614 989 2677 suspicione
1002 2614 1140 2665 viduantur
1156 2630 1197 2666 re-

109 2690 166 2738 tem
183 2687 289 2752 linguae
307 2702 415 2753 semper
431 2688 585 2749 navandae,
607 2689 637 2737 ut
672 2690 796 2738 movetur
806 2688 930 2750 primaria
942 2688 1087 2750 perpetuae
1098 2689 1196 2738 immu-

108 2761 258 2813 efficaciam
273 2765 448 2827 vigoremque
459 2776 540 2813 suum
553 2774 635 2825 quem
672 2762 777 2812 tadonis
795 2762 880 2821 notio,
899 2773 968 2824 quae
986 2760 1029 2809 hio
1043 2762 1194 2824 requiritur.

109 2834 260 2887 diutissime
279 2841 435 2897 conservet,
454 2848 551 2904 magne
574 2848 636 2885 cum
673 2836 840 2887 Manifestum
856 2846 920 2884 saue
938 2834 1069 2897 glossema
1087 2836 1130 2885 est
1146 2850 1197 2885 au-

108 2913 168 2961 erte
185 2910 365 2974 demonstrat,
384 2912 491 2963 insertis
508 2910 636 2974 elegenti-
672 2913 767 2961 ασαιαν
783 2910 848 2959 Cod.
863 2911 909 2958 Ge.
923 2908 1042 2959 Fabricii.
1058 2934 1086 2945 -
1101 2910 1195 2973 Peme]

109 2984 164 3036 bus
181 2986 293 3048 Augusti
311 2984 444 3035 laudibus.
672 2984 794 3047 Plerique
807 2982 949 3047 explicent:
963 2996 1047 3046 equae
1057 2985 1197 3047 priusger-

141 3060 243 3109 sii-as.
264 3060 382 3110 Utsitoae
394 3060 461 3123 foliis
473 3058 535 3123 cet]
553 3056 634 3107 ablat.
673 3059 853 3117 minaverunt,
868 3058 949 3107 etiam
960 3058 1194 3121 priusdeciduutp

110 3133 253 3192 instrum.;
272 3135 394 3197 proprie:
414 3131 510 3184 «ulvae
519 3130 636 3196 pertolia
673 3146 742 3198 quae
761 3130 900 3196 explicatio
912 3144 962 3181 nec
973 3144 1021 3195 per
1032 3144 1061 3181 se
1075 3131 1197 3182 loliorum

109 3208 254 3269 quotannis
274 3208 423 3258 decidentia
446 3206 512 3257 eliae
534 3206 635 3266 flunt,»
673 3206 767 3257 natura
779 3207 876 3267 nititur,
888 3206 1019 3269 siquidem
1029 3218 1111 3269 saepe
1123 3206 1196 3268 prius

109 3295 151 3331 an
161 3281 256 3331 Laeb.
275 3281 346 3344 virg.
360 3282 460 3342 nent,
474 3280 534 3330 309:
554 3282 638 3342 ouem
674 3281 801 3331 decidunt
822 3292 868 3337 aa,
896 3292 964 3341 quae
985 3280 1118 3342 posterius
1135 3280 1196 3330 nate

108 3355 192 3405 maim
206 3356 234 3403 ia
244 3355 312 3404 alab
322 3358 437 3405 ammisit
446 3356 542 3419 stipare
552 3355 637 3416 prino
673 3358 750 3415 sunt,
769 3366 857 3415 neque
875 3353 908 3401 ad
922 3353 1054 3416 poeticam
1066 3352 1195 3403 rationem

110 3430 196 3491 sepse
205 3431 300 3479 comest
309 3430 379 3492 lotia
400 3429 506 3480 Fundus
515 3429 638 3493 lrequen·
673 3429 821 3493 quidquem
832 3428 955 3475 attineret
966 3426 1032 3475 ordo
1044 3424 1194 3486 decidendi,

109 3505 144 3554 tis
166 3503 345 3554 similitudinis
370 3506 413 3555 eet
432 3503 505 3554 Iliad.
526 3514 554 3567 ς,
574 3502 635 3554 rte:
674 3514 756 3567 mem
779 3500 877 3550 statuit.
908 3500 1012 3561 Optime
1038 3500 1128 3547 contra
1155 3500 1197 3549 l'i-

110 3576 165 3643 Οἵη
177 3592 231 3648 περ
242 3576 359 3639 φύλλων
369 3574 467 3644 γενεή,
480 3574 577 3641 τοιήδε
587 3578 636 3627 καὶ
673 3579 800 3629 scherus:
820 3572 916 3633 «Folle,
936 3586 1004 3636 quae
1018 3574 1042 3622 in
1055 3572 1196 3625 arboribus

110 3646 232 3723 ἀνδρῶν.
264 3654 439 3703 Mimnermus
465 3651 536 3714 Eleg.
558 3654 583 3702 2.
610 3654 636 3701 in
673 3654 736 3705 sunt
753 3652 860 3700 ineunte
872 3660 950 3708 vere,
969 3646 1090 3699 detinent
1101 3652 1196 3698 auctu-

110 3727 276 3778 Scbueidew.
297 3724 354 3777 Del.
375 3740 402 3790 p.
425 3726 470 3775 ⁴3:
495 3719 593 3789 Ἡμεῖς
611 3724 635 3774 d'
674 3738 737 3776 mno
755 3726 901 3774 eumenio.»
928 3723 1112 3785 «Comparatio
1125 3723 1196 3771 enim

111 3795 161 3851 otei
187 3815 219 3850 se
243 3797 341 3861 φύλλα
363 3796 433 3861 φύει
457 3797 636 3861 πολυανθέος
673 3797 856 3863 sicprocedit:
876 3794 992 3855 Utlolie‚
1009 3794 1197 3857 primissim-

110 3868 172 3947 ὥρη
183 3868 291 3947 Ἕασσς
300 3902 315 3912 -
323 3904 339 3914 -
351 3876 419 3936 Τοῖς
429 3870 520 3923 ἴκελοι
531 3869 636 3937 πήχοι-
673 3888 734 3924 rum
745 3876 834 3930 tonos,
851 3871 964 3921 ennead
976 3872 1057 3921 linem
1070 3872 1196 3933 vergente

111 3964 146 3999 ον
161 3949 210 4001 ἐπὶ
226 3940 334 4021 χρόνον
350 3942 471 3999 ἄνθεσιν
485 3942 561 4013 ἥβης
572 3949 638 4018 Tep-
674 3948 811 4007 decidunt,
826 3947 858 3995 ita
872 3946 1000 4008 temporis
1008 3942 1196 4007 longinquitate

111 4023 238 4089 πόμεθα.
257 4023 390 4085 stracti,
405 4024 448 4073 ia:
463 4017 514 4084 Ὡς
525 4018 637 4083 φύλλον
672 4024 758 4086 prima
774 4020 918 4071 verborum
941 4016 1195 4077 admiserimus

113 4097 222 4149 θᾶλλον
245 4098 293 4150 ἐπὶ
314 4095 433 4169 δένδρον
455 4094 575 4159 δασέος,
599 4092 637 4145 τὰ
674 4097 820 4147 nascuntur
844 4092 940 4153 verbe,
967 4105 1048 4152 nova,
1076 4104 1144 4154 quae
1171 4093 1198 4142 et

112 4172 167 4235 μὲν
191 4170 378 4233 καταβάλλει,
404 4164 478 4221 ἄλλα
503 4168 535 4220 δὲ
557 4166 635 4231 φύσι,
675 4165 1196 4235 ipsaiurentaeritutlorentacvigeni.»

114 4240 206 4310 οὕτως
221 4242 306 4315 γενεὰ
322 4242 432 4319 σαρκὸς
443 4247 493 4297 καὶ
504 4245 636 4310 αἵματος,
675 4244 766 4294 Ossan.
782 4268 808 4277 —
826 4239 988 4303 vatem-oetas]
1007 4237 1104 4289 «verba
1122 4238 1198 4288 inve-
