2925 4892
617 336 747 389 llOllll'l'll
764 336 987 391 EPlSTOLARUM

593 781 859 846 mffou
882 780 1004 841 xm·

297 920 336 989 Ut
357 916 616 1005 proficiscentem
641 913 737 981 docui
759 923 791 979 te
813 932 914 999 saepe
936 910 1075 999 diuque,

296 1041 439 1127 Augusto
463 1036 582 1103 reddes
605 1036 728 1122 signata
750 1032 932 1109 volumina,
961 1032 1047 1109 Vini,

320 1220 368 1269 ΕΡ.
393 1216 458 1265 xiil.
494 1215 630 1277 inscriptio
654 1214 760 1264 Codicis
782 1214 818 1262 E:
845 1212 883 1261 Ad
903 1212 1018 1261 vomam
1033 1212 1142 1262 arctim
1158 1213 1214 1275 (sic)
1230 1220 1316 1264 nunu

286 1298 314 1341 ut
330 1291 448 1341 cannino
464 1290 567 1339 Caesari
583 1289 677 1337 trudat.
693 1316 720 1324 -
730 1290 755 1337 2.
769 1288 842 1336 Vinci
853 1286 973 1351 bSEcdp,
985 1287 1068 1337 neto.
1084 1288 1108 1349 (c
1119 1290 1210 1338 tamen
1226 1290 1254 1338 in
1272 1290 1315 1338 in·

287 1366 430 1430 scriptione
450 1364 561 1423 Vinium
588 1376 638 1413 uec
662 1375 727 1413 sane
756 1362 837 1411 Veneti
860 1363 1031 1425 reperiuntur
1055 1361 1128 1426 apud
1152 1364 1313 1421 Gruterum.

289 1439 455 1500 Fabrettum,
474 1436 553 1499 alios,
578 1450 687 1500 semper
706 1438 779 1486 l'tatt.
806 1439 909 1499 Atque,
932 1437 962 1486 ut
979 1449 1040 1494 nos,
1061 1436 1210 1498 Benueius,
1233 1438 1314 1498 ilis.)

287 1590 351 1641 lllll.
388 1588 482 1637 aHanc
507 1584 651 1651 Epistulam
676 1584 710 1633 ad
732 1585 781 1633 Vi·
818 1584 901 1633 refert
918 1584 952 1633 ad
964 1596 989 1634 a.
1002 1584 1059 1634 734.
1089 1586 1210 1635 imitatus
1221 1588 1264 1637 est
1273 1587 1349 1637 llar-

254 1665 328 1715 nium
345 1659 460 1712 Asellam
479 1660 528 1723 (vel
547 1660 655 1711 Asinam
671 1673 696 1708 v.
714 1659 779 1721 Μ),
817 1655 885 1707 tialis
902 1659 933 1716 a,
952 1659 976 1707 6,
1008 1659 1149 1709 Parthenio
1167 1658 1348 1721 demandans,

255 1736 375 1802 quisquis
387 1734 429 1785 ille
441 1736 501 1797 luit,
515 1735 626 1785 missam
638 1746 698 1783 esso
711 1746 781 1782 nun·
818 1732 955 1794 quomodo
989 1734 1213 1795 epigrammatum
1245 1732 1348 1785 librum

254 1824 336 1877 qinom
353 1810 472 1860 adducar
488 1810 519 1858 ut
535 1808 653 1859 credam.
682 1809 710 1857 ln
729 1811 782 1857 Au·
818 1807 960 1869 apportare
978 1806 1078 1856 debeat
1093 1808 1251 1857 Domitiano.

254 1887 323 1951 gusti
343 1885 432 1950 potius
455 1884 566 1946 gratiam
590 1885 686 1947 scripta
704 1882 781 1931 vide·
850 1882 906 1929 2-5.
940 1880 1051 1944 stpnoto]
1081 1881 1219 1944 obsignata
1244 1883 1349 1933 Horatii

253 1963 317 2021 tur,
341 1961 384 2010 oui
400 1961 479 2022 potita
495 1958 686 2009 verecundiam
703 1969 780 2007 suam
817 1954 911 2015 anulo,
949 1957 979 2005 ut
1012 1955 1127 2006 decebat
1154 1955 1214 2006 talia
1241 1959 1349 2021 potenti

253 2036 297 2085 vix
314 2036 419 2098 poterat
435 2033 626 2083 commendare
641 2032 778 2081 urbanius.
817 2029 912 2079 fautori
938 2031 1060 2079 mittere:
1096 2031 1218 2093 «integra
1249 2032 1347 2094 igitur,

255 2108 377 2159 Paratam
394 2105 490 2157 eadem
506 2106 623 2156 habebat
634 2106 781 2155 excusatio-
817 2106 847 2153 ut
864 2103 1010 2166 accepisti,
1033 2108 1062 2153 et
1081 2117 1097 2153 a
1115 2103 1186 2154 nullo
1203 2103 1254 2155 alio
1267 2118 1350 2169 aper-

254 2194 331 2241 nem,
350 2180 373 2230 si
388 2180 589 2243 rortepoemau
603 2182 779 2242 suahugusto
818 2182 844 2227 ta
869 2181 987 2240 Augusto
1017 2179 1053 2227 ita
1078 2178 1192 2237 reddes,
1223 2180 1246 2229 si
1277 2179 1349 2230 vali-

254 2254 288 2305 ab
322 2254 414 2305 amicis
444 2254 523 2303 nimis
553 2254 677 2303 officiosis
709 2251 779 2301 mele
817 2254 868 2303 dus
886 2254 962 2302 erit.»
982 2282 1010 2289 -
1028 2253 1165 2318 uotwttnu]
1188 2254 1265 2314 Quod
1288 2254 1349 2307 dis-

254 2331 345 2381 cssent
362 2327 457 2379 tradita
474 2330 520 2377 aut
534 2328 622 2378 minus
634 2328 694 2390 apte
707 2340 781 2377 com·
816 2329 911 2391 putant
927 2328 1103 2392 interpretes,
1131 2330 1220 2378 ulrum
1243 2329 1279 2378 de
1295 2331 1348 2379 Sa-

255 2404 407 2456 mandata.»
433 2405 529 2453 lacuna.
570 2403 673 2453 Festive
702 2402 781 2465 igitur
817 2402 872 2451 tiris
888 2415 924 2451 an
941 2400 975 2452 de
987 2401 1073 2453 tribus
1083 2404 1176 2466 primis
1188 2404 1348 2454 carminum

254 2476 360 2531 simulat
377 2490 406 2527 se
423 2478 531 2543 praeter
549 2475 688 2537 mandata,
710 2488 779 2539 quae
817 2473 904 2531 libris.
929 2489 962 2525 an
980 2476 1015 2525 de
1032 2477 1073 2527 his
1090 2478 1154 2541 ipsis
1171 2478 1264 2541 primis
1281 2479 1348 2542 Epi-

253 2552 327 2604 domi
361 2552 413 2601 iam
441 2565 524 2615 saepe
553 2551 651 2615 diuque
679 2550 780 2599 homini
816 2548 889 2599 stolis
907 2549 1107 2613 intelligendum
1124 2554 1171 2611 sit,
1194 2564 1279 2615 prope
1296 2564 1347 2603 su-

254 2628 340 2686 bnnn,
367 2624 415 2675 sed
437 2626 582 2689 pinguioris
599 2624 710 2687 ingenii,
738 2624 780 2673 iu·
816 2636 1014 2687 pervacaueum
1039 2626 1161 2686 videtur;
1194 2640 1243 2689 pro
1269 2631 1346 2677 certo

253 2699 378 2760 calcarit,
404 2712 438 2749 ne
464 2698 506 2749 illa
526 2700 579 2751 iam
596 2701 646 2749 iter
663 2699 777 2758 iaciens,
817 2698 888 2747 enim
907 2698 971 2747 nihil
987 2698 1038 2749 huc
1056 2697 1090 2748 de
1107 2700 1276 2750 realiirmari
1294 2713 1346 2765 po-

252 2776 338 2837 magis
363 2774 443 2823 etiam
468 2786 531 2823 cum
553 2774 579 2823 in
600 2772 698 2825 Urbem
715 2784 780 2836 per·
816 2774 876 2821 test.
912 2774 980 2823 Satis
998 2771 1136 2836 probabile
1154 2777 1209 2835 est,
1234 2778 1346 2837 poetam

252 2848 369 2908 venerit,
388 2845 570 2906 obliviscatur,
590 2846 779 2896 eademetiam
816 2844 886 2908 loqui
913 2844 947 2895 de
972 2846 1058 2897 tribus
1084 2848 1240 2898 carminum
1269 2845 1345 2900 libris

253 2920 345 2971 litteris
374 2920 547 2981 consignare,
577 2920 679 2983 hasque
708 2918 780 2968 litte-
817 2922 880 2969 tunc
903 2920 992 2982 ipsum
1015 2921 1101 2972 editis.
1127 2950 1154 2958 -
1182 2922 1210 2970 st
1234 2922 1344 2986 emman]

252 3005 311 3053 ras,
330 3005 398 3055 quas
415 2990 516 3051 asella,
534 2995 564 3041 ut
575 2992 713 3055 probabile
727 2995 777 3054 est,
817 2994 869 3043 «Eo
888 2996 1010 3057 tempore
1026 3008 1109 3060 saepe
1127 2996 1282 3059 aegrotabat
1293 2999 1346 3047 Au-

253 3078 391 3129 nuuquam
402 3064 480 3125 vidit,
498 3067 559 3129 post
570 3066 626 3116 eius
639 3066 780 3129 proiectio-
816 3069 921 3129 gustus,
940 3082 994 3118 non
1010 3068 1097 3119 solum
1115 3072 1141 3119 in
1155 3071 1282 3134 Hispania
1294 3072 1345 3120 sed

252 3152 315 3189 nem
333 3152 366 3189 ex
377 3137 487 3205 praedio
499 3138 595 3189 Sabino
610 3153 659 3203 per
672 3138 779 3190 tabella·
816 3143 897 3191 etiam
929 3144 1030 3194 Romae
1062 3146 1219 3207 gravissimo
1246 3145 1344 3195 morbo

252 3214 323 3264 rium
346 3213 461 3263 mittere.
507 3212 565 3262 Fuit
588 3216 678 3263 autem
708 3214 779 3277 (nam
816 3220 982 3280 correptus.»
1008 3220 1108 3269 Fiam
1126 3218 1143 3269 Ι.
1160 3218 1178 3271 l.
1218 3220 1344 3271 Martialis

252 3301 368 3354 persona
385 3288 442 3351 ipsa
459 3300 523 3337 vera
541 3289 594 3349 est,
621 3291 648 3337 et
665 3288 778 3339 tortasse
815 3289 832 3339 l.
850 3289 868 3340 l.
884 3305 910 3340 v.
927 3293 951 3341 9.
970 3291 1005 3341 ad
1026 3295 1197 3345 Parthenium
1223 3293 1344 3345 libellum

252 3366 331 3414 notus
357 3362 438 3412 homo
461 3364 519 3411 erat
535 3364 659 3425 Augusto)
678 3361 720 3413 vel
738 3364 779 3413 vi·
815 3365 971 3429 imperatori
997 3364 1154 3419 allaturum:
1182 3368 1253 3418 Nosti
1277 3372 1344 3417 tern-

252 3440 327 3489 ciuus
352 3438 464 3497 Horatii,
499 3435 541 3486 vel
566 3450 635 3487 unus
660 3438 778 3501 quinque
810 3452 881 3499 poro
897 3443 925 3488 tu
940 3440 1006 3490 locta
1021 3442 1110 3491 serem.
1131 3470 1159 3478 -
1173 3440 1268 3505 pecces]
1295 3442 1343 3491 «in

251 3512 357 3564 illorum
373 3510 507 3562 bonorum
523 3512 645 3575 patrum,
669 3510 779 3561 colono—
816 3510 921 3576 culpam
950 3528 983 3564 ac
1010 3517 1248 3579 reprehensionem
1274 3518 1344 3566 inci-

251 3598 312 3635 rum
329 3586 517 3649 partiariorum
543 3586 569 3634 in
587 3586 644 3635 eius
662 3585 776 3635 Sabino:
815 3586 890 3636 das.»
909 3612 937 3623 -
959 3589 1052 3653 οάὁιιιη]
1074 3591 1242 3649 illuminem»
1267 3593 1300 3640 ut
1314 3604 1341 3641 ιι.

252 3669 346 3709 servus
370 3662 443 3709 certe
467 3657 620 3710 tabellarius
643 3659 777 3729 nonfuit,
814 3661 893 3709 odim
917 3660 1057 3727 aliquoties
1081 3665 1204 3714 Horatius
1229 3668 1344 3729 usurpat

252 3742 315 3780 cum
337 3732 386 3780 tria
408 3732 515 3781 nomina
536 3734 626 3783 Latina
644 3732 776 3795 habuerit,
815 3738 1286 3798 promeruercmtctttaideukonncn.
1301 3739 1343 3788 «Si

253 3805 282 3854 C.
306 3804 397 3854 Vinius
426 3806 521 3853 Fronto
547 3804 589 3855 vel
614 3804 714 3867 Asella,
749 3808 780 3856 ut
815 3808 1343 3876 iorteoffendeshugustum,tieripotest

252 3878 326 3927 aiunt
343 3876 512 3927 scholiastae.
548 3880 650 3943 Scripta
672 3881 779 3931 videtur
815 3884 845 3931 ut
860 3881 1075 3946 indignabundus
1086 3886 1198 3949 accipiat
1209 3898 1272 3935 mea
1284 3898 1343 3936 car-

253 3948 367 4014 Epistola
385 3950 553 4002 Lachmanno
570 3951 613 4003 vel
630 3954 739 4005 ineunte
751 3968 775 4005 a.
815 3957 919 4006 mina.»
943 3984 970 3994 -
991 3959 1097 4009 Sardus
1117 3959 1180 4023 cet]
1203 3961 1341 4010 «minister

252 4024 309 4073 73⁰.
329 4022 371 4073 vel
389 4026 450 4073 ante
467 4025 584 4076 hiemem
599 4041 622 4077 ιι.
636 4028 709 4088 rana
728 4041 778 4092 per
815 4030 898 4081 nimio
914 4032 1002 4082 studio
1018 4033 1213 4098 importunus·
1232 4034 1272 4085 Cf.
1284 4037 1339 4085 sat.

249 4098 369 4149 medium
388 4098 458 4148 enim
472 4100 578 4163 tempus
590 4104 663 4151 extra
677 4101 777 4153 ltaliam
814 4105 839 4163 2,
853 4106 877 4165 a,
890 4104 935 4155 89:
954 4106 1021 4170 Epp.
1033 4107 1063 4168 2,
1079 4108 1104 4167 t,
1121 4108 1187 4157 260:
1212 4108 1341 4159 &dubios

251 4172 320 4234 degit
339 4173 479 4235 augustus.
500 4174 600 4223 l'ranle
611 4176 637 4225 F.
653 4177 681 4225 H.
698 4190 722 4239 p.
735 4178 776 4226 68.
814 4184 898 4229 omem
914 4180 1000 4241 stulto,
1019 4194 1091 4241 quan
1107 4181 1201 4244 dtttptt,
1213 4189 1296 4247 urpct.
1310 4212 1338 4219 -
