2925 4892
252 347 314 414 632
609 352 738 403 nonulli!
755 351 975 407 Enisronlnuir

297 505 458 572 Fabellam
480 503 589 570 surdo.
628 507 707 572 Nam
730 527 816 593 quae
838 507 1028 593 pervincere
1050 527 1149 574 voces
1279 509 1343 572 20⁰

294 624 450 692 Evalucrc
473 645 601 702 sonum,
626 625 768 693 referunt
789 648 887 714 quem
909 637 1019 694 nostra
1041 627 1188 696 theatra?

294 747 476 834 Garganum
494 747 620 834 mugire
642 757 737 834 putes
759 768 874 814 nemus
895 759 951 816 aut
972 769 1063 816 mure
1084 751 1241 825 Tuscum,

293 869 392 934 Tanto
414 887 488 934 cum
510 867 644 954 strepitu
667 866 734 933 ludi
756 879 942 956 spectantur
963 879 996 936 ct
1017 878 1104 936 artes

294 989 496 1077 Divitiaeque
519 988 724 1076 peregrinae,
748 988 868 1077 quibus
890 988 1009 1056 oblitus
1030 1000 1121 1058 actor

294 1110 374 1176 Cum
395 1110 482 1176 stetit
502 1109 535 1173 in
557 1129 670 1186 scena,
695 1110 859 1177 concurrit
879 1110 1012 1178 dextera
1034 1109 1156 1178 laevae.
1281 1112 1345 1177 205

295 1230 380 1295 Dixit
402 1229 507 1296 adhuc
530 1229 676 1317 aliquid?
697 1228 746 1296 Nil
768 1251 857 1298 saue.
902 1230 988 1310 Quid
1009 1231 1114 1318 placet
1135 1233 1242 1318 orgo?

294 1351 380 1416 Lana
402 1350 571 1416 Tarentino
593 1348 693 1416 violas
717 1351 837 1416 imitata
862 1371 997 1417 veneno.

294 1475 338 1537 Ac
360 1491 401 1536 ne
423 1470 503 1536 forte
526 1479 620 1557 putes
641 1491 709 1546 me,
734 1491 820 1558 quac
842 1471 948 1540 iacere
971 1472 1042 1558 ipse
1063 1494 1231 1545 recusem.

319 1631 376 1681 208.
394 1631 426 1682 At
442 1629 664 1694 Guelferbytanus
680 1631 806 1682 Schmidii
832 1659 857 1668 -
871 1631 929 1682 209.
948 1631 1018 1693 Ουηι]
1037 1633 1107 1694 Quas
1123 1630 1140 1681 b
1159 1636 1187 1682 et
1203 1636 1313 1697 primus

285 1751 329 1801 aoi
345 1752 427 1802 -aon
459 1753 777 1816 pervincere-rmum]
813 1754 866 1803 noo
887 1754 1016 1817 temporis
1033 1754 1187 1817 pineum.»
1208 1781 1237 1789 -
1262 1755 1345 1817 ιω]
1452 1736 1453 1749 ³

254 1827 342 1886 «Quae
354 1839 435 1877 voces
450 1829 589 1889 tantopere
600 1825 702 1876 validae
715 1839 776 1878 esse
813 1825 922 1878 biarcibi
945 1830 973 1876 et
994 1825 1137 1878 Marklaudi
1160 1827 1229 1876 coni.
1253 1828 1346 1888 hm,

252 1904 372 1964 possunt,
384 1903 413 1950 ut
424 1901 580 1965 pervincunt
588 1913 684 1950 sonum
693 1902 775 1950 ceti·
813 1898 920 1960 χλαῖνα
944 1913 1032 1964 neque
1054 1899 1089 1950 ab
1105 1898 1160 1950 ullo
1176 1900 1283 1951 Codice
1299 1903 1348 1951 iir-

252 1975 294 2024 Sic
311 1975 578 2036 lurg.nan.7,idd:
605 1989 656 2024 aon
672 1975 777 2024 Darde·
814 1977 904 2024 matur
927 1976 956 2024 et
980 1975 1095 2024 maxima
1116 1975 1265 2038 propterea
1282 1977 1348 2025 reii-

252 2049 311 2098 nlue
327 2050 482 2099 medicari
499 2049 607 2110 aspidis
617 2049 694 2098 totum
704 2051 778 2099 an·
814 2048 910 2098 cienda
927 2049 980 2108 est,
999 2047 1072 2111 quod
1088 2049 1115 2097 iu
1127 2045 1212 2096 verbo
1224 2048 1293 2097 lanu
1308 2051 1346 2110 (ra

252 2123 323 2171 tuit.
338 2149 365 2157 -
384 2121 489 2185 mantra]
511 2135 549 2172 is.
562 2121 713 2186 spectacula
730 2124 779 2172 ho-
813 2134 863 2185 per
880 2135 910 2173 ae
927 2121 1073 2172 admodum
1089 2119 1148 2183 vili)
1166 2119 1256 2184 lepida
1276 2124 1348 2173 inest

253 2193 369 2245 minibus
382 2195 504 2258 inquietis
516 2197 542 2244 et
555 2195 711 2248 turbulentis
722 2195 778 2261 ple-
814 2196 911 2257 ironia,
938 2207 1008 2258 quae
1032 2193 1130 2244 tollitur
1152 2199 1266 2258 recepto
1285 2209 1345 2245 voc.

253 2281 300 2328 na,
313 2268 409 2330 verbo,
429 2270 478 2332 ipsi
491 2273 656 2332 spectatores
667 2273 780 2334 referret
813 2272 929 2334 proprio.
944 2295 971 2306 -
983 2269 1063 2318 odolen
1073 2268 1181 2332 imitato}
1193 2270 1344 2329 «immina,

254 2343 385 2406 (reddunt)
411 2357 508 2394 sonum
531 2345 566 2394 ita
583 2343 775 2405 turbulentum,
814 2343 932 2394 violacea
949 2345 1065 2393 vestis.»
1085 2370 1112 2378 -
1132 2344 1346 2395 Tarentino-w-

253 2431 335 2481 quem
362 2419 470 2470 vincere
499 2421 667 2470 scenicorum
696 2432 777 2469 voces
813 2419 893 2484 neno]
919 2412 1100 2487 «φαρμάκῳ,
1126 2416 1344 2479 medicamento,

256 2503 312 2543 non
328 2497 466 2557 possunt.»
485 2496 560 2544 Gasa.
584 2493 659 2546 Conl.
675 2493 728 2543 Cic.
742 2491 776 2542 dc
814 2495 841 2548 id
854 2498 896 2546 eat
906 2497 933 2546 h.
947 2493 975 2555 l.‚
989 2494 1181 2553 muriciaauco,
1194 2507 1345 2560 purpura,-

253 2569 324 2617 Oral.
338 2567 416 2628 ddi),
431 2567 492 2616 ⁴96:
511 2569 609 2618 thoaba
626 2572 679 2617 tcta
694 2567 778 2616 reclu-
813 2573 845 2620 ut
860 2570 932 2632 Virg.
947 2567 1108 2628 constes:
1126 2567 1190 2618 Albo
1204 2571 1346 2630 nequedu-
1453 2608 1454 2621 i

252 2647 330 2692 munt.
347 2670 373 2679 -
394 2641 553 2706 Gorpunum]
571 2644 689 2692 montem
704 2645 777 2704 Apu·
813 2645 882 2705 aprio
898 2644 1001 2707 [Μαίων
1016 2643 1194 2692 lunonem.
1214 2642 1344 2703 odas,
1453 2640 1454 2653 ¹

252 2715 303 2766 liae
316 2714 452 2766 silvosam.
471 2715 509 2765 Cl.
524 2715 571 2766 Od.
585 2717 610 2776 2,
623 2716 647 2778 9,
659 2717 688 2766 6:
701 2715 779 2776 Apul-
813 2719 859 2769 28:
877 2718 1091 2768 imminuam
1103 2717 1169 2779 [aco.
1188 2715 1253 2766 Plin.
1268 2719 1303 2768 ll.
1313 2720 1343 2768 Ν.

252 2790 348 2840 ionibus
372 2791 493 2852 Querceto
513 2790 629 2853 Gurpuai
651 2790 775 2840 coeam.
814 2793 839 2853 9,
852 2791 893 2852 39,
907 2791 952 2842 dd:
971 2792 1053 2853 Nepos
1069 2790 1211 2855 deradito,
1229 2792 1289 2854 Hc,
1307 2793 1345 2841 iu-

253 2866 350 2914 Lucan.
365 2866 389 2923 5,
404 2863 464 2912 ³79:
484 2863 640 2924 Calabroque
656 2865 779 2914 ennomus
815 2867 881 2927 quit,
901 2867 988 2916 lunare
1003 2865 1153 2914 violacea
1165 2878 1290 2926 mrem
1304 2867 1346 2915 oi-

252 2941 342 2990 Aantro
358 2938 470 3000 Appulus
485 2939 627 2988 Hadriacos
642 2939 695 2988 suit
708 2941 778 2989 Gar·
814 2939 901 3004 pabut,
927 2940 999 2990 cotan
1022 2939 1088 2988 libra
1113 2939 1224 2988 denariis
1243 2945 1345 2989 centn

252 3025 335 3076 panor
350 3013 377 3060 lu
392 3011 481 3060 αηάαε.
505 3039 531 3047 -
554 3013 614 3076 lude]
642 3027 777 3077 «pompae
814 3013 925 3075 ceam,
949 3027 995 3063 erc
1010 3013 1089 3062 multo
1101 3017 1158 3074 post
1173 3013 1277 3063 rubra
1295 3015 1344 3063 Tu-

254 3088 281 3135 et
297 3097 400 3146 pugnae
418 3082 536 3155 ludicrae
552 3099 583 3134 ac
599 3085 738 3136 simulatae
750 3087 777 3135 iu
814 3088 923 3137 reatina.
936 3087 1001 3137 Huic
1011 3085 1244 3148 suoeoeatddoptu
1254 3088 1342 3148 iuria.

253 3155 356 3208 fabulas
373 3158 516 3231 iptrusac.»
537 3185 564 3194 -
586 3158 661 3222 artes]
680 3171 777 3222 «opera
847 3159 969 3210 accain.
986 3161 1064 3210 Aona
1077 3160 1141 3223 lorto
1152 3161 1216 3220 cet]
1234 3161 1303 3223 Epp.
1318 3159 1341 3218 l,

253 3233 330 3294 artis,
357 3235 472 3294 suinae,
498 3245 561 3282 vasa
580 3231 693 3294 caelata,
713 3235 777 3283 item
816 3236 844 3294 l,
864 3233 909 3282 ⁴3:
935 3234 1105 3296 decoloria
1126 3245 1201 3297 rupes
1216 3237 1271 3283 cet.
1301 3233 1341 3282 Cl.

254 3307 423 3366 Corinthia·
442 3307 470 3355 ut
487 3305 534 3355 Od.
548 3305 576 3365 l.
590 3307 614 3367 8,
628 3309 652 3357 5.
671 3307 737 3372 Epp.
752 3309 775 3369 i,
815 3307 891 3359 iland
907 3309 982 3357 Turs.
1001 3308 1021 3357 1.
1041 3321 1067 3371 p.
1085 3306 1143 3358 ini.
1170 3307 1229 3356 «Ne
1251 3308 1342 3356 umen

253 3382 278 3443 6,
293 3383 343 3444 ti..
363 3395 429 3442 non,
443 3383 473 3430 ut
484 3379 699 3432 volt·Comment.
714 3383 778 3433 Cru-
814 3382 937 3432 videatur
954 3382 1040 3432 artem
1055 3382 1192 3432 scenicam
1208 3383 1287 3445 parvi
1298 3394 1344 3431 ae·

254 3457 322 3521 quii,
348 3459 438 3506 «artos
460 3455 618 3505 histrionum
636 3458 663 3505 et
680 3458 778 3506 mimn—
814 3456 924 3507 anmare
946 3453 988 3505 vel
1011 3467 1071 3505 eam
1094 3455 1129 3505 ob
1147 3467 1258 3506 causam
1274 3459 1343 3518 pod-

252 3545 338 3582 rum‚a
350 3527 778 3596 -DlviiiueJmesiimeulaspien-
814 3533 856 3580 tas
882 3530 1016 3579 Romanos
1040 3542 1121 3593 parce
1138 3527 1249 3579 laudare
1266 3530 1342 3578 vilia-

253 3605 329 3665 dida,
349 3617 413 3654 auro
431 3605 513 3669 picta,
535 3603 569 3654 ab
587 3605 693 3666 antiqua
712 3606 778 3655 sim·
815 3617 867 3668 que
894 3603 1012 3655 indicare
1030 3605 1057 3653 et
1074 3600 1244 3654 difficultates
1261 3615 1341 3653 enar-

254 3677 368 3742 plicitute
381 3680 498 3728 Romana
510 3678 621 3728 alienu.»
637 3707 663 3714 -
681 3678 777 3743 oblitus]
814 3691 889 3737 rare,
912 3677 1011 3741 quibus
1028 3679 1083 3727 tola
1100 3689 1145 3726 res
1162 3677 1271 3728 scenica
1288 3679 1341 3727 llo-

255 3753 413 3813 «cooperlus
438 3764 469 3800 ac
495 3765 578 3816 prope
599 3753 676 3804 nimis
697 3766 777 3803 orna·
814 3764 875 3802 mae
898 3751 1085 3814 premebatur.
1111 3750 1184 3814 quod
1206 3763 1260 3800 non
1277 3763 1294 3800 e
1311 3763 1341 3800 rc

253 3827 326 3884 tus,·
345 3823 529 3884 tiberiades,
549 3839 616 3886 non,
636 3830 664 3875 ut
680 3825 721 3876 alii
734 3840 779 3878 cr·
814 3837 863 3875 sua
880 3824 985 3874 duxerit
1001 3826 1203 3885 eam⁹tructare,
1225 3823 1341 3874 affirmat

252 3897 364 3961 plicant:
391 3898 634 3960 acommaculutus,
655 3902 777 3963 inquina·
814 3897 866 3948 sibi
891 3900 918 3948 in
938 3911 1045 3950 summo
1067 3900 1131 3948 artis
1148 3897 1252 3961 fastigio
1268 3901 1340 3948 stare

255 3973 322 4020 tuan
346 3997 372 4006 -
399 3973 527 4021 edocuisti
549 3974 653 4023 derina
677 3973 776 4039 ὶαωω]
813 3972 912 4031 videri,
931 3973 1083 4036 quicunque
1095 3972 1174 4022 buius
1185 3969 1340 4035 pencrisle·

254 4045 404 4096 «maximus
422 4043 530 4108 plausus
548 4047 682 4111 extemplo
694 4049 779 4098 oritur
814 4047 892 4110 gibus
910 4060 941 4097 ac
957 4047 1095 4111 proposito
1112 4059 1145 4096 ex
1161 4049 1218 4096 toto
1234 4043 1338 4097 satiate-

252 4121 362 4185 propter
378 4119 525 4183 pretiosum
544 4123 570 4170 et
587 4119 718 4185 splendidi
730 4135 777 4172 co·
815 4123 906 4172 ceriti
925 4123 1029 4171 ilicum.
1050 4149 1077 4157 -
1097 4121 1215 4185 roccum]
1233 4121 1338 4184 propria

253 4193 316 4246 loris
334 4207 451 4258 syrma.»
467 4221 493 4229 -
512 4195 601 4256 adbuc]
625 4208 725 4259 iusque
743 4196 777 4246 ad
814 4195 1005 4261 significatione
1018 4193 1339 4260 (atctatrdudeamei-
