2925 4892
561 348 622 398 ARS
638 348 784 398 Paesici.

175 502 239 582 Qui
262 499 372 568 studet
392 510 533 588 optatam
555 520 653 568 cursu
675 501 861 590 contingere
882 512 1015 580 metam,

174 621 274 688 linita
295 621 366 688 tulit
387 621 527 709 fecitque
548 643 646 708 puer,
669 622 798 714 sudavit
819 633 850 688 et
873 623 960 700 alsit,

173 743 335 810 Abstinuit
355 763 475 810 venere
497 743 643 822 cisino,
666 744 722 830 qui
743 742 859 831 Pythia
880 752 985 812 cantat

174 863 323 940 Tibicen,
348 862 460 930 didicit
481 864 572 950 prius
594 863 804 950 extimuitque
826 864 1022 951 magistrum.
1160 866 1221 930 iis

174 985 243 1051 Nec
267 984 345 1051 satis
367 994 417 1052 est
438 983 574 1052 dixisse:
599 985 667 1070 Ego
688 984 770 1050 mira
791 991 940 1071 po‘e'maia
963 1005 1087 1076 pango,

198 1189 257 1240 iti.
277 1193 302 1239 et
320 1189 418 1239 Baccho
438 1189 570 1252 Excerpta
590 1189 775 1251 Frisingensia.
797 1216 823 1226 -
846 1188 904 1240 iit.
923 1191 979 1241 Non
996 1193 1028 1254 ii,
1054 1209 1073 1257 η
1092 1191 1187 1258 aliique

163 1264 238 1328 apud
250 1263 408 1323 Gouodium,
426 1263 500 1312 Nunc
511 1263 595 1324 h'i'he,
609 1263 703 1324 Lctl'i,
718 1262 803 1314 Codd.
816 1263 933 1316 Menace.
948 1267 975 1316 et
986 1267 1102 1317 Poitierii
1112 1279 1189 1331 prae-

165 1340 311 1388 teronem
327 1349 434 1397 omnes,
453 1338 521 1386 Novo
532 1337 599 1387 cod.
611 1335 753 1388 Melitensis
769 1339 828 1388 Sec.
841 1338 872 1388 ii.
892 1339 932 1400 iili
942 1352 1004 1400 nos,
1018 1340 1063 1400 Sd,
1082 1344 1141 1403 uo.)
1157 1367 1183 1378 -

162 1412 261 1477 nasso]
277 1413 346 1476 taso
362 1425 390 1476 n·

130 1591 192 1642 riat.
220 1587 433 1650 hipaidprosit,
452 1581 660 1650 τιᾶνῶφελοτ,
697 1587 809 1653 plicant,
833 1591 893 1653 aqui
913 1591 939 1640 in
957 1590 1026 1642 ludis
1043 1593 1143 1655 pythiis
1159 1607 1221 1645 cum

131 1665 224 1715 minas
235 1664 278 1713 est
287 1660 479 1725 humiliusque,
495 1674 577 1725 quem
588 1663 661 1726 qaod
697 1662 755 1716 aliis
764 1663 915 1716 tibicinihus
927 1669 1038 1716 certat·
1056 1667 1149 1718 Obstat
1160 1669 1222 1718 sim·

131 1737 222 1804 poscit
237 1737 378 1786 sententia.
405 1737 472 1786 Nam
489 1737 517 1785 et
528 1734 660 1798 Choeriio,
698 1736 759 1800 pisx
771 1751 795 1787 v.
809 1743 910 1800 comat,
928 1739 1001 1802 quod
1014 1753 1076 1790 eum
1085 1741 1222 1804 perfectiori

131 1825 198 1864 oum
217 1810 325 1862 incultis
340 1808 465 1860 versibus
484 1821 581 1860 aureos
599 1810 662 1860 Phi-
698 1811 835 1862 tibicinam
861 1825 921 1864 esse
947 1813 1091 1876 significat,
1117 1817 1144 1866 st
1168 1815 1222 1867 iam

130 1886 221 1951 lippos
230 1883 386 1943 abstulerat,
395 1883 493 1946 pressu
501 1883 662 1946 quidemm-
698 1887 760 1936 anie
778 1884 855 1938 iudos
872 1887 907 1938 ita
925 1889 1115 1948 exercitatum,
1135 1892 1164 1940 ut
1175 1903 1222 1940 ex·

133 1960 171 2011 de
183 1958 333 2022 ingenium
351 1956 508 2020 quantillum
519 1970 583 2006 sero
595 1959 661 2016 erat,
699 1959 770 2022 plodi
788 1959 822 2010 ab
834 1961 986 2012 auditorum
997 1975 1095 2012 corona
1107 1975 1160 2012 non
1173 1975 1222 2026 pe-

132 2032 209 2097 quod
221 2032 317 2094 potuit,
335 2029 401 2081 vidit
411 2032 509 2095 optima
523 2029 604 2080 iudex
614 2033 662 2082 Po·
697 2033 836 2084 riciitetur.
850 2062 878 2071 -
892 2035 977 2086 didicit
990 2035 1064 2098 prins
1080 2036 1141 2100 eet]
1160 2037 1224 2086 Vao

132 2107 268 2159 steriles.»
287 2104 326 2156 Ci.
339 2105 387 2157 od.
400 2104 429 2166 i,
448 2103 479 2165 t,
497 2105 530 2154 ss
550 2117 610 2168 sqq.
631 2129 659 2140 -
697 2121 729 2157 ro
741 2121 783 2172 sp.
797 2109 911 2160 Nonium
922 2111 948 2160 in
960 2124 985 2160 v.
998 2112 1122 2162 swelce:
1139 2111 1222 2160 Prias-

134 2181 255 2232 cosiarot
270 2179 358 2243 nonies]
376 2179 552 2242 Frequentius
563 2179 663 2228 hacsi-
697 2195 776 2244 quam
799 2183 827 2234 io
852 2183 979 2234 orchestra
1001 2184 1131 2246 pullotslss
1155 2185 1223 2248 tonsi

133 2255 304 2320 gnificatione
321 2257 364 2304 est
372 2267 400 2303 v.
411 2254 559 2315 conspirare
574 2251 608 2302 ad
620 2253 662 2304 in·
697 2257 783 2318 hiim,
809 2258 877 2308 dorm
896 2271 957 2308 suos
972 2259 1079 2310 ramices
1094 2259 1171 2321 sopit.
1193 2287 1220 2296 -

133 2332 229 2381 tiniam
241 2328 446 2379 consensionem
457 2330 486 2378 et
496 2327 662 2379 coniunctio·
696 2332 749 2381 Nec
766 2329 828 2394 cet]
847 2333 962 2383 Tametsi
979 2333 1134 2384 auctoritate
1145 2345 1222 2397 prae-

132 2416 199 2456 nem
216 2401 426 2466 exprimendam.
445 2401 473 2451 in
486 2403 599 2464 utroque
612 2414 661 2450 au·
698 2407 791 2468 gravat
807 2403 885 2456 lectio
896 2406 978 2466 Nunc,
997 2408 1086 2458 tamen
1104 2406 1221 2471 proiecta

133 2475 662 2538 temserboetcooiarotetomicsegre-
698 2479 804 2530 videtur
827 2479 862 2529 ah
889 2479 1010 2539 homine,
1037 2482 1083 2543 qui
1100 2481 1164 2531 satis
1181 2482 1223 2530 io-

132 2554 177 2616 gia
197 2551 392 2615 prosopopoeia
407 2551 503 2612 utitur,
529 2549 565 2599 de
580 2551 661 2600 sudio
698 2554 856 2617 tempestive
878 2551 929 2604 loci
952 2554 1097 2623 εἰρωνείαν
1123 2565 1221 2616 augere

133 2630 162 2678 et
178 2627 214 2677 de
229 2626 330 2690 mesto
347 2625 424 2689 quasi
441 2624 476 2675 de
489 2623 662 2688 personisio·
697 2626 820 2678 voluerit.
852 2627 884 2676 Et
900 2628 926 2677 in
943 2629 1024 2678 salira
1041 2627 1152 2690 quidem
1168 2625 1223 2676 ior·

135 2703 224 2752 entus.
697 2704 770 2752 tasse
793 2703 866 2752 essct
884 2702 962 2765 apia;
989 2702 1038 2751 sed
1056 2701 1078 2750 si
1095 2700 1121 2750 h.
1140 2698 1157 2750 i.
1176 2713 1223 2750 ao·

166 2774 290 2827 tls-tis.
320 2775 369 2837 (Μ
382 2775 465 2825 eadsi
481 2774 544 2835 cet]
567 2774 661 2826 Paucis
698 2776 815 2827 curatius
840 2775 1003 2838 inspexeris,
1030 2773 1134 2825 videbis
1160 2772 1222 2824 nihii

133 2848 227 2900 verbis
239 2849 338 2900 ednod
353 2850 488 2912 poetam
502 2848 600 2898 tenena
610 2861 662 2898 un·
698 2863 763 2900 sane
780 2849 898 2914 potuisse
916 2849 1039 2900 rusticius
1055 2847 1108 2898 dici
1124 2849 1151 2898 in
1169 2847 1224 2910 epi-

132 2922 262 2988 gniculis,
280 2925 311 2972 ui
326 2925 461 2973 oratorem
479 2921 660 2982 Quintilianus.
698 2923 781 2975 stola:
801 2923 884 2986 «Ergo
897 2924 1023 2986 quomam
1035 2936 1106 2974 nunc
1117 2923 1169 2972 hoc
1181 2921 1222 2971 di-

133 3001 313 3057 «accurata»
330 2997 430 3060 iuquit,
444 2997 617 3048 «educatione
630 3009 662 3046 ac
697 2999 769 3050 xisse
787 2997 897 3060 suflicit,
923 3000 952 3048 tu
974 3010 1096 3062 quoque,
1123 2998 1223 3061 optime

132 3072 339 3138 praeparatione
357 3084 425 3135 opus
442 3073 485 3122 est
500 3071 588 3122 innuo
599 3076 662 3135 po'e·
698 3073 771 3135 Piso,
790 3073 829 3123 sic
846 3071 952 3124 dicito.»
976 3075 1077 3135 Atque,
1103 3073 1133 3122 ut
1150 3072 1223 3122 recte

132 3149 178 3198 tae
187 3165 212 3208 ,ι
230 3158 314 3209 quem
328 3158 391 3196 cum
402 3158 513 3196 cursore
525 3145 662 3209 Olympico
698 3146 834 3198 Bentleius
846 3145 984 3211 significat,
997 3147 1019 3196 si
1031 3145 1146 3208 antiquis
1158 3147 1224 3196 tem·

133 3223 225 3287 petius
237 3233 334 3283 quam
346 3223 377 3270 ut
387 3217 480 3270 volunt
488 3219 661 3282 scholiastae,
698 3221 809 3286 poribus
817 3235 866 3272 sua
875 3233 1011 3285 opponere
1020 3219 1155 3278 voluisset,
1166 3231 1225 3268 ver-

134 3309 199 3347 oum
222 3293 322 3345 athleta
338 3296 485 3357 comparat.
512 3295 552 3344 De
569 3293 610 3344 his
626 3294 659 3344 ci.
698 3296 734 3345 bo
743 3295 839 3346 saitem
850 3307 960 3345 monere
973 3292 1125 3344 debuisset:
1141 3291 1223 3342 «oiim

133 3368 326 3420 Tertullianum
342 3367 384 3419 Ad
401 3369 535 3430 martyres
553 3368 617 3432 Cap.
631 3367 659 3417 3:
699 3371 745 3433 qni
761 3370 812 3420 acti
829 3367 968 3428 studebat,
980 3365 1108 3417 --muita
1120 3365 1224 3415 terebat

133 3445 230 3506 Nesope
254 3443 320 3492 min
335 3442 483 3492 et·oihletoe
498 3447 663 3506 acyronense
698 3456 778 3508 puer:
793 3456 865 3492 nunc
876 3443 967 3492 contra
979 3444 1044 3491 est.»
1063 3437 1223 3502 (Diiieohur-

134 3519 170 3568 ud
184 3515 519 3578 mmmdcctplioom
536 3515 662 3567 sarcion·
698 3530 746 3581 ger
769 3517 880 3580 quidem
903 3515 1027 3580 praetulit
1042 3515 1127 3574 Nono,
1155 3513 1222 3564 haec

133 3593 292 3657 mititem
306 3596 411 3651 vocent,
428 3590 586 3642 continentur
596 3605 614 3640 a
625 3591 663 3640 la·
698 3594 842 3642 annotans:
863 3591 945 3640 «sotis
963 3592 1005 3640 est
1019 3588 1115 3638 nostris
1126 3587 1221 3650 postis,

132 3667 230 3727 wia,
256 3679 275 3715 a
298 3665 359 3715 ethis
383 3665 543 3726 hudonem,
569 3671 663 3727 apoto
699 3669 729 3717 ut
745 3665 859 3716 dicant.»
878 3666 961 3715 Coss.
976 3665 1069 3724 cauo,
1088 3662 1223 3726 quemvi-

132 3741 297 3798 nomem
312 3741 664 3804 mammos-sciam&
699 3740 748 3792 dee
770 3739 865 3803 legisse
888 3741 915 3790 in
936 3751 985 3790 suo
1007 3737 1130 3802 exemplo
1146 3751 1221 3799 nunc,

133 3817 264 3881 tpw;
282 3820 376 3876 munio
389 3815 448 3877 pias
463 3815 663 3866 henedictio-
699 3827 753 3866 non
769 3827 829 3874 oec;
855 3826 943 3877 neque
966 3811 1042 3864 aliter
1061 3817 1144 3862 Acro:
1174 3814 1222 3862 «iu

132 3891 208 3942 eliu
222 3890 408 3951 monem,
427 3895 498 3940 tosto
511 3889 570 3951 plus
581 3891 612 3940 da
625 3891 663 3940 oi-
698 3889 746 3939 lac
763 3889 838 3952 copia
861 3888 1045 3952 imperitorum
1061 3885 1158 3938 scilicit
1175 3885 1222 3936 aii-

132 3965 219 4016 clorio
234 3969 345 4026 peon.
359 3991 387 4002 ν
401 3964 445 4026 qui
460 3963 551 4024 Petisia
567 3963 661 4028 canui]
700 3965 742 4013 cui
760 3975 821 4014 sess
839 3963 963 4014 iactare.»
992 3959 1154 4024 Comprobat
1175 3972 1223 4010 co-

134 4038 297 4097 certamina,
325 4033 514 4102 «Πυθαύλης,
533 4039 555 4087 is
573 4039 619 4101 qui
636 4039 662 4088 in
699 4038 790 4088 dicum
801 4037 944 4087 auotoritas
956 4037 983 4086 et
995 4037 1074 4086 totius
1084 4032 1134 4084 ioci
1145 4047 1223 4083 acer-

134 4111 371 4176 Pythtisipoiiiois
380 4114 517 4163 certamen
529 4123 592 4162 cum
604 4113 663 4162 dra-
699 4111 794 4162 bites.»
826 4111 888 4162 hiihi
913 4112 986 4161 carte
1011 4121 1065 4160 noo
1090 4107 1224 4171 persuasit

135 4199 206 4236 cone
223 4186 318 4249 Pythio
340 4186 404 4238 tibia
427 4186 523 4237 cauit.»
549 4184 597 4238 Alii
614 4200 663 4238 ex·
699 4183 838 4238 laudabilis
847 4185 1004 4249 ceteroquin
1012 4182 1162 4246 interpres.)
1174 4182 1224 4232 iic-
