2925 4892
264 397 324 460 452
625 383 753 435 ilouaill
776 377 996 432 aristolaum

307 549 466 636 Prodigus
490 556 521 610 et
544 542 659 609 stultus
682 539 797 613 donat,
821 554 908 622 quae
930 529 1054 620 spernit
1076 539 1109 594 et
1130 527 1216 605 odit3
1319 526 1360 589 20

308 676 395 740 liaeo
417 689 513 756 seges
537 665 678 752 ingratos
702 659 773 726 tulit
793 668 827 724 et
848 657 930 722 ieret
951 651 1102 720 omnibus
1125 649 1227 715 annis.

308 792 488 863 virbonus
511 797 544 855 et
566 772 698 872 sapiens
721 778 827 867 dignis
850 778 894 844 ait
915 795 990 842 esse
1012 782 1160 862 paratus,

332 975 373 1024 al,
387 973 489 1034 iuprutn
501 971 572 1028 (cum
585 963 618 1027 gl.
630 961 738 1023 murino)
752 961 781 1009 E.
795 983 821 992 -
835 958 876 1007 22.
890 955 999 1018 sapiens]
1006 954 1118 1016 pmuens
1127 965 1155 1016 p.
1167 979 1194 987 -
1204 955 1329 1014 paratura

299 1047 386 1106 bedE,
406 1047 469 1095 item
487 1044 504 1092 S
523 1038 623 1106 (sedin
641 1037 693 1086 hoc
712 1046 847 1098 superscr.
860 1031 900 1080 vei
912 1030 1042 1092 parutis),
1060 1028 1200 1092 praeterea
1212 1028 1252 1077 Li.
1266 1024 1329 1088 (pu-

268 1209 351 1272 megis
374 1199 535 1268 reprebendi
553 1210 568 1246 a
585 1196 657 1246 buno
679 1192 723 1244 illo
742 1194 794 1242 Ce—
832 1191 910 1241 sint.»
930 1216 957 1225 -
981 1191 1019 1238 uit
1042 1201 1093 1238 esse
1113 1183 1234 1249 wetere]
1258 1186 1362 1233 Graeca

266 1283 342 1334 labro
368 1277 479 1341 hospitis
507 1271 617 1323 ltomeni
646 1271 672 1318 in
699 1267 794 1316 vicinia
832 1265 995 1315 constructio
1013 1257 1042 1326 (ὁ
1058 1255 1172 1328 ἀγαθὸς
1187 1259 1239 1309 καὶ
1255 1253 1364 1329 φρόνι-

267 1351 419 1406 rusticantis
437 1347 579 1399 fastidium.
830 1353 888 1405 μσς
903 1343 965 1400 τοῖς
982 1331 1076 1401 ἀξίοις
1092 1335 1184 1402 φησὶν
1202 1328 1278 1383 εἶναι
1289 1326 1364 1383 ἕτοι-

300 1427 389 1480 20·2³.
418 1427 495 1474 donat
518 1419 581 1483 cet]
601 1416 706 1467 «abiicit
722 1411 795 1464 velut
831 1413 898 1477 μος)
922 1413 994 1462 baud
1010 1425 1070 1462 rara
1087 1410 1159 1475 apud
1177 1412 1272 1474 politas
1290 1409 1365 1458 Laii-

268 1505 294 1554 in
312 1500 470 1553 barathrum
487 1509 533 1555 ea,
559 1505 627 1556 quae
646 1491 703 1554 ipse
721 1486 794 1538 iasti—
831 1489 902 1538 tinus
918 1490 979 1552 post
995 1485 1080 1536 verba
1091 1484 1243 1536 atiirmandi
1261 1487 1290 1533 et
1301 1496 1365 1534 sen·

268 1577 332 1628 dit.»
350 1574 453 1638 ingrata
465 1569 578 1621 eliorum
589 1567 631 1616 est
645 1562 793 1614 distinctio:
832 1561 930 1621 tiendi;
949 1559 997 1611 0d.
1011 1561 1039 1620 3,
1052 1560 1101 1620 27,
1119 1559 1165 1608 73:
1188 1559 1260 1607 Uxor
1274 1559 1365 1607 inpleti

267 1651 389 1714 Prodipus
399 1653 422 1698 et
432 1645 534 1704 stultus,
548 1643 625 1692 dunat
636 1651 714 1701 quae,
727 1648 797 1698 spor·
830 1637 896 1686 Iouis
911 1635 1059 1686 seem.
1090 1631 1183 1684 Catuli.
1197 1631 1226 1693 l,
1246 1633 1275 1680 l:
1299 1632 1365 1681 Pin

267 1729 305 1776 nit
321 1730 344 1775 et
355 1723 418 1782 odit,
437 1721 580 1781 minusque
592 1714 722 1764 concinne
735 1724 795 1762 sen·
831 1711 895 1761 seties
919 1709 960 1759 itte
976 1735 990 1746 -
1006 1735 1020 1745 ·
1035 1709 1078 1758 Ait
1100 1707 1176 1771 (uisse
1197 1707 1303 1755 neuim
1324 1719 1365 1756 ee·

269 1801 364 1859 tentia,
388 1809 450 1847 cum
471 1795 560 1843 nostra
578 1789 680 1840 ratione
698 1785 795 1837 clarius
831 1784 957 1835 terrim.
984 1783 1173 1845 inplent,
1192 1779 1253 1830 372:
1272 1781 1318 1842 qui
1334 1793 1363 1830 se

269 1875 443 1940 significetur,
463 1868 584 1918 uddone
601 1862 721 1914 iacienda
733 1859 796 1911 stul·
832 1859 956 1920 Bebvseia
970 1857 1070 1906 renuas
1083 1855 1170 1917 Amyci
1186 1855 1217 1904 de
1232 1859 1307 1918 peste
1323 1854 1366 1916 [e-

270 1953 326 2000 tum
345 1947 458 1998 maxime
480 1939 579 2004 impelli
596 1937 752 2000 contemptu
769 1935 797 1984 et
832 1934 911 1983 rebat.
942 1931 1106 1996 Propertt,
1125 1931 1156 1991 9,
1174 1930 1204 1979 7:
1231 1930 1366 1979 iisreruet

269 2022 372 2074 fastidio
389 2029 480 2069 rerum
498 2014 548 2064 sibi
566 2015 619 2062 iam
637 2025 690 2060 non
704 2021 797 2059 neces·
833 2009 947 2070 quomis
971 2019 1102 2068 uunquam
1128 2009 1242 2072 sperqret
1272 2004 1366 2054 Uitru

269 2097 409 2148 seriarum.
440 2087 657 2140 inuenientium
676 2083 796 2146 cir.Epi·
833 2086 885 2132 eet.
914 2079 1092 2142 id.i,5,39.
1112 2081 1224 2142 utraque
1236 2081 1366 2128 constru-

269 2172 411 2220 rburmum
423 2166 450 2214 in
463 2163 541 2214 Grotii
554 2163 616 2210 Exc.
630 2173 656 2223 p.
671 2159 734 2209 liii:
753 2151 793 2206 os
833 2158 922 2207 ctione
939 2155 1094 2206 coniuncta:
1113 2155 1154 2204 lie
1170 2165 1268 2215 quoque
1278 2153 1366 2201 causi-

269 2238 476 2310 φιλάνθρωπος
496 2232 533 2286 σύ
555 2237 580 2301 γ’
599 2233 677 2285 ἐσσὶ·
704 2229 795 2282 νόσον
833 2232 886 2280 miii
897 2230 1042 2292 impositum
1053 2228 1194 2289 torquerier
1203 2227 1258 2290 ipsi
1268 2226 1366 2275 lurntn

268 2311 359 2378 ἵκεις·
388 2314 498 2383 χαίρεις
520 2305 625 2371 διδούς.
659 2310 720 2358 Seu.
745 2308 793 2370 Ep.
833 2311 857 2357 et
877 2305 914 2354 bis
934 2317 980 2354 sen
1001 2305 1099 2366 suuper
1120 2301 1245 2351 essem
1275 2301 1365 2350 Etiam

270 2393 332 2452 iau,
352 2392 381 2440 9:
400 2388 553 2446 Muttisuut,
573 2384 616 2446 qui
627 2396 678 2432 nou
690 2382 794 2441 donant,
833 2379 905 2445 apud
923 2378 1042 2429 Tacitum
1054 2378 1121 2426 Anu.
1135 2376 1179 2436 ti,
1199 2375 1228 2424 9:
1242 2375 1367 2438 pepipere

268 2469 311 2520 sed
332 2464 476 2530 proliciunt.
504 2488 531 2496 -
557 2458 632 2522 sepes]
658 2455 795 2507 Proverbii
832 2454 949 2518 fraudem
976 2452 1137 2501 inimieorum
1168 2449 1255 2500 utetoet
1286 2455 1367 2511 atquo

201 2595 203 2602 ,
268 2543 388 2608 speciem
399 2537 483 2589 babet
493 2533 557 2585 illud
569 2535 602 2584 bl.
617 2531 712 2582 Pinarii
724 2530 796 2594 apud
832 2530 881 2591 ipsi
896 2527 962 2576 inter
978 2540 1004 2576 ss
1019 2527 1160 2576 maeotim.
1187 2523 1296 2584 ilisti,
1315 2525 1363 2574 es:

269 2618 324 2668 Cic.
338 2614 372 2664 de
390 2612 478 2671 Ort,
497 2611 542 2670 dii,
560 2607 624 2657 ael:
654 2607 683 2654 Ut
700 2617 797 2654 semen-
832 2601 1023 2664 ipse---bostis
1036 2599 1367 2662 popusituquoensoeius

268 2698 317 2743 tem
332 2689 432 2754 smel-is,
456 2686 495 2734 ita
516 2687 599 2733 metes.
626 2707 652 2716 -
672 2678 795 2743 ineratus]
834 2677 958 2737 iactabat,
977 2673 1024 2725 ubi
1036 2688 1062 2724 v.
1072 2673 1184 2723 iactabat
1196 2671 1289 2724 delens
1301 2685 1367 2722 sen-

269 2766 301 2816 Et
317 2764 378 2827 quia
397 2760 456 2810 talia
474 2759 545 2808 dona
565 2755 725 2821 plerumque
748 2765 796 2816 pe·
834 2753 946 2802 tentiam
971 2750 1070 2799 misere
1096 2745 1244 2797 debilitavit
1268 2747 1364 2796 liitter.

268 2851 329 2889 rum
342 2835 454 2899 accepta
471 2833 534 2882 sunt
551 2831 582 2880 iis
601 2829 679 2892 ipsis,
698 2825 796 2890 quibus
835 2828 873 2877 De
901 2826 952 2875 bac
979 2822 1052 2873 band
1080 2822 1249 2885 infrequente
1277 2823 1364 2870 attra-

270 2911 457 2977 proiiciuntur‚
485 2908 512 2955 et
534 2905 595 2968 quia
613 2900 797 2952 adulatoribus
835 2901 936 2960 ctione,
966 2899 1042 2948 cuius
1071 2895 1210 2960 complura
1238 2894 1366 2959 exempla

269 2983 382 3047 indignis
404 2977 498 3032 nevel
521 2979 663 3042 propterea
687 2976 796 3040 ingratis
834 2972 920 3026 attuit
943 2972 1006 3022 lebn
1025 2970 1060 3021 ad
1082 2972 1153 3034 virg.
1170 2973 1236 3020 Aen.
1254 2970 1284 3030 2,
1303 2969 1364 3020 sm.

269 3055 423 3108 bominibus
432 3052 519 3104 solent
531 3051 621 3101 lavere
631 3048 711 3100 stulti.
729 3051 798 3100 Con·
836 3050 882 3100 Ed.
896 3050 938 3099 il.:
958 3048 1032 3098 seruit
1049 3046 1142 3096 modim
1153 3044 1367 3106 maneto-

270 3133 311 3181 tra
328 3130 424 3180 deuius
442 3126 513 3191 apud
530 3124 613 3175 Bothe
631 3125 703 3174 Poet.
721 3136 795 3174 scen.
834 3129 893 3183 stes,
921 3121 947 3170 h.
967 3119 985 3170 l.
1003 3134 1052 3184 pro
1071 3118 1126 3170 his:
1158 3119 1235 3181 «quia
1253 3120 1365 3181 paratus

270 3219 297 3270 p.
311 3205 373 3254 lit:
402 3202 472 3266 Quod
483 3199 625 3264 nauscam
641 3198 709 3247 baud
719 3197 798 3247 sterili
835 3202 891 3258 est,
916 3196 1001 3259 dignis
1019 3196 1056 3245 ait
1075 3207 1105 3245 se
1127 3194 1252 3257 paratum
1269 3204 1365 3254 esse„

272 3282 300 3330 iu
312 3283 403 3342 sepeio,
418 3291 481 3337 rex,
501 3280 524 3325 te
534 3275 626 3324 obsesso
638 3272 795 3336 (obsevisse)
828 3275 883 3326 ¹uir.
902 3273 984 3324 etiam
1007 3272 1095 3333 lieisig
1110 3271 1167 3320 but.
1186 3269 1319 3332 Spruciiw.
1335 3282 1364 3333 p,

272 3353 400 3416 intetiepis.
430 3350 513 3402 Plaut.
534 3349 608 3412 Capi.
628 3349 659 3408 b,
678 3347 706 3408 2,
732 3347 796 3396 tus:
835 3350 892 3400 79⁴.
923 3349 968 3398 Est
979 3347 1070 3409 igitur:
1090 3346 1148 3395 «Ait
1158 3358 1188 3395 se
1201 3358 1262 3396 esse
1273 3358 1367 3408 prom-

272 3430 343 3493 Quod
359 3427 428 3477 bouis
439 3426 524 3489 derepit
536 3423 692 3488 beneficium,
710 3422 799 3486 pratia
835 3426 911 3488 ptum
928 3421 963 3472 ad
980 3420 1112 3471 beneficia
1123 3419 1303 3484 impertienda
1314 3419 1367 3470 bo-

271 3518 303 3555 en
318 3503 451 3568 prevideat
468 3499 544 3548 bons.
566 3523 593 3532 —
612 3497 668 3546 tulit
684 3501 707 3546 et
725 3496 797 3559 feret]
835 3497 952 3549 minibus
969 3495 1031 3545 talia
1048 3494 1215 3546 merentibus
1230 3497 1363 3556 ettamen,

182 3611 185 3620 ,
272 3575 348 3628 ilaud
365 3575 520 3638 infrequens
538 3573 579 3622 est
602 3571 670 3621 haec
687 3568 799 3632 perlecti
836 3571 1007 3635 quantumvis
1024 3569 1102 3619 bonus
1118 3570 1145 3618 et
1160 3567 1304 3618 beneficus
1319 3569 1364 3630 sit,

247 3647 300 3702 *et
325 3650 404 3700 iuturi
429 3646 589 3700 coniunctio.
625 3644 673 3694 ud.
695 3645 725 3704 ἲ,
751 3643 797 3704 43,
836 3650 947 3711 propter
963 3645 991 3694 id
1007 3645 1096 3708 ipsum
1113 3643 1186 3708 quod
1201 3645 1304 3705 sapiens
1313 3646 1364 3704 est,

273 3719 801 3784 ⁴9:1mpr0vrsauuuurapuirrapeu
837 3719 935 3770 eudem
960 3721 1083 3782 tempore
1108 3717 1219 3767 minime
1245 3718 1364 3780 ignorat,

272 3811 320 3859 que
335 3801 427 3860 pestes.
442 3817 469 3830 —
484 3794 573 3858 dipsis]
592 3797 621 3844 ut
637 3805 735 3857 saepe,
754 3793 800 3842 nb-
837 3792 1069 3857 quemadmodum
1113 3792 1236 3854 ignorare
1278 3790 1367 3842 solent

273 3870 368 3924 solute.
399 3867 506 3918 Publius
526 3868 624 3930 (Syrus)
643 3867 714 3930 apud
734 3865 797 3916 Geli.
837 3865 1122 3927 stultebeneiici,puid
1132 3867 1229 3927 distent,
1243 3867 1365 3926 utaiunt,

274 3948 318 4007 ii,
343 3945 386 3996 li:
413 3943 562 4007 Beneficium
585 3943 668 3992 dando
691 3942 798 4003 accepit,
837 3955 901 3992 uera
916 3941 1021 4003 lupinis,
1040 3939 1068 3989 id
1085 3942 1140 4001 est,
1159 3939 1254 4002 dignm
1271 3939 1307 3990 ab
1325 3942 1367 3990 in-

274 4021 317 4085 qui
334 4019 408 4083 dipno
425 4018 499 4068 dedit.
531 4017 577 4066 Est
593 4018 683 4066 autem
695 4015 800 4068 dativus
837 4016 923 4079 dignis
951 4014 1100 4079 prudenter
1127 4013 1279 4077 distinguit;
1308 4013 1367 4065 illus

274 4094 307 4144 de
325 4093 460 4158 personis,
485 4103 553 4148 non,
579 4092 608 4139 ut
627 4088 670 4139 alii
688 4089 800 4153 opinan-
837 4087 960 4139 sublevat
980 4090 1009 4138 et
1030 4089 1157 4148 honorat,
1183 4087 1234 4138 bos
1252 4087 1368 4152 despicit

275 4172 331 4229 tur,
359 4166 502 4218 ablativus:
537 4162 592 4212 «ad
619 4176 650 4213 ea
676 4162 799 4213 donanda
838 4162 1172 4212 acsinedonisdimittii.»
1196 4159 1245 4211 Alii
1256 4173 1367 4213 versum

274 4243 395 4307 paratus,
415 4251 483 4302 quae
497 4237 574 4300 digna
587 4238 614 4286 et
631 4249 660 4285 se
674 4237 702 4284 et
713 4236 800 4285 amieo
838 4235 878 4286 23.
898 4236 937 4285 sie
948 4234 1093 4299 explicant:
1113 4233 1215 4284 «Probe
1227 4236 1366 4299 perspicit,
