2925 4892
543 369 604 422 LlB.
622 371 642 420 i.
678 371 746 420 sil.
765 369 796 421 X.
1156 366 1217 432 487

117 530 219 580 sotim
234 541 372 578 4444444444
387 527 487 592 criptae
502 533 578 590 atque
589 541 740 593 progressu,
759 527 850 578 Ziiiov.
871 527 944 580 4849.
975 527 1056 592 (iabn.
1075 527 1176 578 lnlrbb.
1194 529 1213 592 s.

115 613 199 662 Piiiol.
219 611 281 663 Vol,
302 612 348 662 48.
369 625 397 676 p.
418 610 486 672 444.)

179 696 205 758 4)
223 697 339 746 Primus
356 695 393 745 de
409 695 495 744 Ennio
511 693 538 742 b.
557 692 575 743 Ι,
595 692 722 744 intellexit
745 695 824 745 lanus
842 694 930 744 bouea
948 695 974 744 iu
993 694 1217 746 Commentarlolo

116 793 142 843 p.
160 779 220 830 444.
239 779 292 829 Ed.
314 779 401 841 Cruq.
421 777 502 827 itti:
533 777 627 838 «Esto,
652 777 746 838 tuerit,
771 779 897 842 inquam,
921 776 1035 828 Lucilius
1053 778 1172 830 urbenue
1190 781 1217 830 et

115 864 213 920 comis3
241 862 349 912 demus
375 861 456 910 etiam
482 857 657 921 limatiorem,
683 861 710 910 id
737 861 790 922 eet,
817 860 959 912 tersiorem
984 865 1064 925 atque
1087 862 1217 913 emenda·

119 947 213 996 tiorem
237 943 339 1003 inisse,
366 955 449 1008 quam
472 943 586 993 Ennium
609 945 748 1004 nostrum,
775 943 892 1008 primum
917 943 990 996 illum
1013 944 1087 996 rudia
1116 947 1217 996 8444444

119 1031 303 1089 inventorem,
333 1027 483 1078 autetiam
505 1027 628 1078 44444444
649 1027 800 1087 seniorum,
822 1027 874 1078 boc
891 1029 945 1086 444,
972 1027 1152 1092 antiquiorum
1168 1029 1218 1079 Lu·

121 1112 176 1164 cilio
193 1115 345 1177 poetarum
369 1109 493 1170 turbam,
518 1107 581 1160 nibil
599 1111 689 1160 444444
707 1109 742 1159 44
763 1107 935 1172 munditiem,
962 1110 1063 1162 cultum
1083 1113 1129 1162 aut
1152 1109 1218 1176 poli-

120 1201 205 1246 turam
222 1194 312 1245 444444
331 1193 444 1243 nostri.»
478 1194 533 1242 iem
550 1193 668 1244 44444444
685 1191 811 1257 permulti
828 1193 913 1244 secuti
928 1195 991 1246 suni
1003 1196 1059 1257 (cir.
1072 1195 1216 1246 llermauni

121 1283 209 1343 progr.
228 1291 257 1342 p.
277 1277 316 1340 Ἰ.)
336 1279 419 1340 atque
435 1277 566 1340 imprimis
583 1277 679 1339 dignus
691 1278 745 1336 eet,
764 1277 810 1340 qui
827 1275 942 1340 legatur,
960 1278 1130 1330 Weicbertue
1142 1279 1214 1330 Polli.

122 1365 174 1413 lai.
192 1375 221 1426 p.
239 1362 293 1411 279
311 1373 374 1424 sqq.
393 1373 443 1425 pro
459 1361 511 1411 bae
534 1360 666 1412 unientis
690 1371 871 1424 propugnans.
906 1361 1007 1412 Verum
1030 1361 1083 1412 dno
1108 1361 1216 1426 potissi-

123 1459 196 1497 mum
212 1444 340 1496 obstant:
365 1444 495 1509 primum,
519 1443 593 1506 quod
609 1443 750 1494 mauilaeto
768 1446 917 1508 repugnant
933 1457 959 1494 4.
979 1443 1020 1496 48.
1040 1445 1167 1506 laomor,
1186 1444 1213 1494 b.

123 1530 139 1580 i.
155 1534 263 1588 mutor,
290 1525 393 1591 quibus
411 1525 549 1578 vocabulis
566 1527 589 1578 ei
607 1526 729 1577 diversos
745 1529 840 1589 poetas
852 1527 999 1590 siguificare
1015 1527 1145 1579 voluisset
1161 1529 1215 1578 llo-

124 1614 219 1673 ratins,
237 1609 391 1660 admodum
408 1609 519 1660 contuse
536 1611 617 1674 etque
634 1608 751 1660 obscure
769 1607 873 1660 locutus
890 1613 974 1668 esaet;
1002 1611 1102 1662 etenim
1119 1611 1215 1662 discri-

123 1707 199 1757 men,
218 1693 296 1758 quod
312 1692 432 1744 nonnulli
448 1694 519 1742 inter
534 1694 679 1756 utrumque
696 1695 814 1743 statuere
833 1693 919 1742 consti
939 1696 1002 1744 sunt
1018 1693 1163 1756 (tvainbert
1185 1708 1213 1759 p.

123 1778 201 1840 44444,
227 1778 340 1828 omnino
364 1775 473 1841 probari
498 1777 598 1839 nequit.
632 1777 717 1828 unus
733 1777 788 1836 eet,
815 1775 889 1840 quod
912 1777 996 1826 tottam
1013 1789 1097 1839 genus
1114 1777 1215 1828 8444444

123 1861 275 1922 Ennianos,
300 1859 407 1924 dequo
424 1859 530 1922 egregie
548 1859 692 1924 disputavit
713 1859 883 1910 Hermannus
900 1872 927 1924 p.
946 1860 974 1908 44
997 1871 1084 1924 seqq,
1103 1873 1214 1924 prorsus

123 1945 262 1994 diversum
280 1943 328 1993 inii
345 1957 360 1991 4
378 1941 469 1994 Lucilii
485 1943 593 1994 Satiris:
623 1955 699 2004 nam,
725 1945 756 1992 ut
777 1943 803 1992 in
825 1943 877 1992 hoc
894 1941 1088 2004 subsistamus,
1115 1943 1215 1994 Ennius

123 2029 149 2078 in
165 2042 221 2078 una
238 2026 392 2090 eademque
409 2027 495 2076 Satira
510 2027 592 2078 444444
609 2028 715 2088 metris,
735 2029 763 2076 44
778 2026 891 2078 licenter
908 2026 1029 2092 quidem,
1052 2028 1081 2076 ut
1098 2027 1211 2088 videtur,

123 2124 187 2162 usus
198 2111 258 2170 est;
277 2107 392 2160 Lucilius
407 2112 462 2160 tota
475 2111 595 2162 carmina
605 2112 652 2162 ant
668 2110 831 2162 hexametris
843 2112 889 2162 aut
906 2111 1040 2162 uoonseis
1052 2111 1211 2176 composuit,

123 2209 204 2259 porro
222 2193 267 2244 ilie
285 2194 386 2256 verine,
405 2193 638 2256 quemadmodum
653 2207 726 2244 nuuc
743 2193 862 2246 divinare
878 2207 1035 2258 possumus,
1058 2195 1127 2244 44444
1145 2207 1214 2258 quo-

122 2279 241 2328 tidianae
265 2279 385 2328 notiones
407 2278 525 2328 imitatus
546 2281 601 2338 est,
627 2279 697 2328 adeo
713 2279 743 2328 ut
764 2277 964 2328 similitudinem
986 2277 1081 2328 saltem
1097 2277 1213 2342 aliquam

122 2362 238 2412 tortasse
258 2360 393 2412 baberent
413 2373 478 2412 cum
494 2359 652 2424 ednotus<
672 2364 754 2425 atque
769 2355 1002 2425 Ἄδωνιαζούσαις
1025 2362 1171 2423 Theocriti,
1197 2375 1214 2412 4

123 2445 251 2508 personis
268 2446 359 2494 autem
377 2445 524 2496 etiamtunc
539 2447 607 2496 44444
624 2444 796 2496 traducendie
807 2447 930 2510 vitiisque
950 2445 1073 2498 humanis
1084 2443 1154 2497 44444
1166 2459 1215 2495 ex-

122 2528 255 2592 agitandis
265 2527 403 2590 abstinuit,
423 2529 469 2591 qui
485 2529 627 2593 primarius
639 2531 681 2580 444
697 2525 847 2600 χαρακτὴρ
859 2530 960 2579 Satiroe
972 2527 1131 2579 Lucilianae.
1154 2531 1214 2592 (Pro

122 2613 207 2662 Ennio
233 2614 325 2662 contra
348 2613 378 2663 C.
397 2613 425 2663 F.
444 2613 626 2663 Hermannum
651 2626 745 2663 misus
771 2613 975 2676 disputaverunt
1000 2613 1160 2662 Petermann
1185 2615 1215 2662 de

120 2698 219 2746 4444444
235 2697 364 2746 aemonae
380 2701 483 2746 auctore
498 2697 599 2760 4444444
614 2697 753 2760 invertere,
775 2695 897 2750 llirsobb,
919 2693 991 2744 i8l6.
1010 2694 1069 2744 vid.
1088 2695 1162 2744 lahn.
1180 2697 1212 2745 N.

120 2780 210 2830 1444444.
234 2781 254 2843 s.
277 2781 364 2831 Piaiol.
389 2778 446 2830 Vol.
471 2779 513 2831 49.
536 2794 563 2845 p.
586 2779 635 2832 :too
656 2793 698 2844 eq.
721 2777 864 2830 Paldamus
888 2777 1032 2828 Horatiano
1052 2790 1079 2842 p.
1099 2777 1130 2829 44
1152 2791 1212 2842 sqq.

121 2864 182 2914 illd.
194 2865 272 2914 iabn.
284 2865 317 2913 Ν.
330 2865 353 2914 l.
365 2864 386 2927 s.
397 2863 441 2914 Pit.
454 2862 512 2914 Vol.
525 2865 567 2914 aa.
580 2877 607 2928 p.
620 2863 668 2914 227
680 2875 722 2927 sq.
755 2862 912 2926 Bernhardy
930 2861 1066 2914 Gnmdrt'es
1082 2863 1127 2914 der
1143 2863 1213 2914 44444.

121 2949 182 2998 tiu.
202 2947 260 3011 (Ed.
281 2946 336 3009 ait.)
352 2959 380 3010 p.
399 2945 448 2998 497
465 2948 517 3010 sq.)

187 3032 215 3093 4)
233 3030 404 3081 «Concedam
420 3028 550 3081 Lucilium
566 3043 628 3081 4444
644 3030 804 3082 limatiorem
821 3030 904 3082 Ennio
922 3033 950 3082 et
965 3029 1022 3081 44444
1038 3029 1214 3094 scriptoribus

122 3113 333 3179 antiquioribus;
359 3113 409 3165 444
432 3115 544 3176 Ennius,
562 3114 586 3165 44
603 3116 693 3164 nostra
710 3115 798 3164 aetate
816 3115 931 3175 4444444,
951 3125 1017 3173 non,
1036 3115 1067 3164 ut
1082 3113 1212 3176 Lucilius,

122 3195 224 3258 multa,
241 3211 313 3261 qnae
330 3195 445 3248 tollenda
463 3199 566 3259 essent,
589 3195 768 3261 relinqueret,
791 3196 840 3248 444
857 3197 994 3248 detereret
1010 3199 1090 3262 atque
1108 3197 1214 3248 recide·

122 3285 177 3343 ret,
205 3293 273 3342 neo,
300 3283 371 3332 44444
386 3279 512 3342 Lucilius,
539 3279 616 3332 brevi
633 3281 761 3346 temporis
778 3282 864 3346 spatio
882 3281 981 3332 multos
997 3293 1093 3331 versus
1110 3282 1213 3332 temore

123 3364 291 3426 effunderet,
314 3365 364 3415 444
380 3377 513 3416 summam
532 3377 626 3416 curam
643 3367 670 3415 ei
686 3363 847 3428 diligentiam
865 3365 891 3414 in
909 3363 1074 3429 expoliendis
1091 3363 1214 3414 versibus

123 3451 267 3512 poneret.»
304 3449 428 3499 Dosuno.
467 3447 520 3498 Sed
536 3461 668 3512 4444444,
687 3461 802 3512 quaeso,
820 3449 946 3501 instinctu
969 3447 1057 3498 divino
1074 3459 1123 3510 pro
1140 3448 1214 3496 certo

123 3535 193 3583 sciro
216 3534 324 3596 poterat
346 3533 486 3594 liomtiue,
512 3533 642 3594 Ennium,
667 3533 690 3584 si
707 3533 842 3583 Octaviani
868 3535 989 3596 tempore
1006 3530 1127 3590 vixisset,
1152 3541 1214 3580 cor-

123 3620 263 3668 recturum
287 3616 369 3667 444444
391 3629 440 3667 sua
462 3617 539 3676 vitia,
571 3615 700 3668 Lucilium
722 3631 777 3668 non
801 3617 888 3668 item‘i
922 3617 1064 3666 Praeterea
1091 3613 1214 3664 lloratius

123 3703 197 3750 44444
214 3713 271 3750 444
287 3698 405 3764 loquitur
415 3699 450 3750 de
467 3701 542 3752 Ennii
558 3699 718 3762 Annalibus,
737 3703 767 3751 ut
777 3699 833 3751 volt
849 3699 922 3752 idem
938 3702 1092 3764 interpres:
1111 3697 1215 3748 Graecis

124 3785 195 3834 enim
213 3785 339 3834 4444444444
353 3797 432 3848 pmue
448 3784 500 3834 boo
517 3785 569 3834 diei
586 3797 640 3836 non
655 3787 772 3850 poterat,
795 3797 857 3836 cum
874 3782 909 3835 ilii
927 3784 1059 3834 haberent
1076 3779 1215 3834 choeriloe

125 3870 152 3916 ei
168 3868 286 3918 44444444
302 3881 376 3918 suos.

189 3951 225 4014 4.)
244 3949 390 4002 «luctuum
414 3950 497 4002 multo
520 3951 733 4004 emendatiorem
756 3965 915 4018 essequam
939 3965 1014 4014 eum,
1041 3950 1086 4015 qui
1111 3951 1214 4016 primus

126 4035 229 4085 satirica
255 4034 366 4095 fuderit,
395 4033 525 4086 concedit.
569 4037 633 4096 Quis
657 4049 722 4087 vero
746 4037 850 4101 primus
876 4035 936 4088 talin
960 4035 1078 4088 carmina
1103 4033 1211 4092 iecerit,

127 4117 253 4180 ignorat·
287 4121 419 4170 Diinrzrn.

573 4233 782 4260 π
