2925 4892
276 332 319 397 86
660 333 790 385 Hounru
807 330 989 385 snrlunuun
1017 403 1025 424 ἱ

319 490 450 557 Lividus
473 498 505 556 et
526 487 661 557 mordax
683 488 797 556 videor
819 487 900 555 tibi?
923 488 1040 555 Montio
1063 485 1089 553 si
1113 508 1179 575 qua

318 614 367 680 De
391 610 560 699 Capitolini
583 609 674 676 hirtis
699 610 816 677 iniecta
838 608 940 677 Petilli

319 735 363 799 Te
384 752 495 799 coram
518 731 627 808 luerit,
652 729 829 805 defendas,
853 739 888 794 ut
908 737 984 796 tuus
1007 740 1058 796 est
1079 749 1164 795 mos:
1327 730 1368 792 95

320 854 371 920 lle
395 852 592 940 Capitolinus
614 851 800 919 convictore
822 871 902 916 usus
924 850 1096 937 amicoque

320 978 346 1041 Α
367 996 470 1061 puero
493 984 543 1041 est
565 992 731 1059 causaque
754 992 828 1039 mea
849 969 1008 1058 permulta
1030 978 1161 1057 rogatus

319 1096 423 1172 Fecit,
448 1105 481 1161 et
502 1094 672 1161 incolumis
696 1092 799 1159 laetor
820 1091 909 1180 quod
933 1091 1009 1156 vivit
1031 1091 1062 1157 in
1085 1090 1182 1171 urbe;

320 1214 386 1283 Sed
407 1225 515 1282 tamen
537 1213 696 1290 admiror,
721 1233 787 1302 quo
811 1222 905 1300 pacto
927 1212 1083 1278 iudicium
1106 1210 1184 1277 illud
1255 1234 1257 1239 ’

320 1336 458 1423 Fugerit.
503 1334 563 1400 Hic
585 1334 698 1421 nigrae
720 1354 820 1400 sucus
841 1332 995 1420 loliginis,
1025 1332 1107 1401 haec
1129 1342 1178 1400 est
1307 1333 1368 1399 luo

320 1459 448 1543 Aerugo
470 1475 570 1521 mera.
614 1453 710 1535 Quod
731 1454 843 1521 vitium
866 1452 980 1541 procul
1002 1452 1090 1520 aiore
1112 1452 1247 1530 chariin,

319 1578 422 1665 Atque
444 1576 551 1642 animo
572 1575 681 1664 prius,
704 1583 741 1641 ut
761 1576 788 1641 si
811 1576 892 1664 quid
912 1576 1100 1663 promittere
1122 1575 1165 1643 de
1180 1582 1239 1641 ‘mo

319 1701 457 1765 Possum
479 1695 569 1763 aliud
590 1716 685 1775 vere,
709 1682 873 1784 promitto
914 1695 1063 1764 Liberius
1086 1697 1113 1763 si

318 1820 437 1886 Dixero
459 1818 557 1906 quid,
582 1818 611 1883 si
632 1817 714 1885 sorte
737 1818 893 1896 iocosius
917 1817 979 1885 hoo
1001 1817 1078 1884 mihi
1101 1818 1179 1884 iuris

342 2025 383 2075 95.
402 2022 516 2087 dorm
532 2023 558 2072 S.
580 2047 608 2059 ·-
627 2024 685 2074 too.
702 2023 776 2087 salom
795 2037 827 2076 ex
844 2038 897 2075 uno
916 2023 1014 2076 Codice
1033 2025 1060 2086 F,
1078 2037 1165 2075 suono
1181 2038 1206 2089 p.
1229 2053 1255 2061 —
1277 2026 1332 2078 lot.

308 2103 336 2148 ut
352 2110 489 2162 superscr.
508 2102 532 2148 et
548 2098 575 2147 S.
596 2123 625 2133 -
644 2097 701 2148 ⁴03.
720 2099 799 2163 aliud]
819 2100 879 2161 quid
895 2098 922 2149 d.

276 2248 347 2298 hauc
363 2246 445 2297 edila.
465 2272 494 2282 ·-
512 2245 697 2308 capturini„
713 2246 801 2312 Petilli]
838 2246 954 2298 tiuuoulu
988 2248 1079 2299 nescio
1114 2247 1186 2299 undo
1220 2248 1364 2313 desumpta

277 2321 367 2371 Gentis
383 2318 500 2371 Petillios
528 2332 677 2383 cognomen
702 2320 802 2384 Cupito
839 2323 920 2387 (certe
936 2323 1076 2387 antiquum
1086 2322 1205 2375 colorem
1220 2322 1309 2381 habeti
1323 2326 1366 2375 est

275 2396 343 2445 uuor
369 2397 482 2459 apparet
514 2394 596 2444 etiam
627 2407 661 2444 ex
691 2393 801 2446 Morellii
838 2397 910 2461 apud
937 2398 1065 2447 loannem
1093 2399 1192 2449 Sarisb.
1219 2398 1253 2448 du
1281 2398 1362 2460 Nugis

277 2469 355 2519 Thes.
380 2471 400 2518 1.
425 2481 452 2532 p.
477 2467 534 2518 tlt.
557 2468 645 2518 Riocio
666 2469 703 2519 Μ.
724 2469 753 2518 F.
772 2470 801 2518 ll.
839 2471 902 2521 Cur.
916 2471 940 2532 7,
959 2470 1004 2521 it:
1029 2471 1087 2521 Tale
1101 2478 1136 2522 est
1152 2473 1215 2521 illud
1231 2473 1367 2523 oratoris:

276 2557 303 2608 p.
322 2544 379 2593 loc.
399 2542 498 2604 «Fingit
514 2556 544 2593 se
555 2540 627 2606 loqui
639 2555 703 2592 cum
714 2544 802 2593 amico
840 2544 946 2593 «lullum
973 2544 1140 2595 Fortunotum
1166 2546 1249 2610 fateor
1279 2546 1366 2595 υίνωη

276 2616 368 2668 Petillii
390 2615 541 2681 Capitolini,
568 2617 614 2679 qui
636 2629 699 2667 curn
721 2630 803 2681 praa·
837 2619 929 2682 sortem
945 2622 968 2668 st
985 2624 1165 2680 quamoptime
1180 2620 1367 2684 rtrmrwegissc

277 2694 351 2743 esset
374 2689 517 2755 Capitolio,
546 2690 619 2741 unde
641 2689 803 2756 Capitolinus
840 2692 1128 2755 quamplurimum
1142 2699 1225 2745 tanim
1237 2695 1369 2756 pacuiu-

276 2770 363 2821 dielus
375 2771 428 2830 est,
447 2770 589 2820 accusatus
602 2772 657 2831 est,
675 2768 747 2833 quod
760 2781 804 2818 co-
839 2766 932 2815 aluum
956 2768 1154 2828 repetundarum
1179 2770 1248 2831 opud
1275 2769 1368 2819 ludum

275 2856 371 2894 ronam
396 2842 464 2893 lovis
490 2842 629 2906 Capitolini
651 2843 801 2905 rapuisset,
839 2840 916 2889 iustos
932 2841 1051 2903 eraserit,
1075 2843 1186 2893 mirarer
1207 2842 1321 2904 quiden,
1344 2844 1367 2892 si

276 2930 360 2981 quare
383 2917 440 2979 ipse
463 2914 585 2966 sublatae
603 2929 719 2966 coronae
738 2928 803 2965 cau·
838 2916 877 2964 uis
899 2915 990 2975 emonii
1014 2916 1067 2965 σίω
1086 2916 1147 2966 milli
1168 2922 1228 2967 osset
1250 2917 1366 2981 incopul-

276 3004 336 3042 sam
353 2990 418 3040 dixit
437 2991 465 3038 et
486 2988 625 3040 absolutus
642 2992 685 3039 est
700 3004 716 3038 u
732 2988 803 3039 iudi·
838 2994 895 3038 to.»
922 2988 975 3038 Hoc
990 3002 1202 3040 conneummum
1218 2990 1270 3040 ort?
1283 3017 1310 3027 -
1323 3004 1368 3039 su-

277 3063 354 3113 eibus
378 3064 404 3111 in
429 3063 541 3124 gratiam
569 3063 698 3125 Augusti,
727 3064 802 3113 euius
839 3063 890 3127 cus]
913 3064 939 3113 iu
956 3074 1037 3127 prosa
1054 3077 1094 3113 or.
1113 3064 1198 3124 virus,
1222 3064 1279 3115 sine
1297 3064 1368 3115 ima-

277 3138 380 3187 amicus
401 3137 485 3185 erat.»
514 3136 699 3192 conuerso.
728 3135 804 3199 (uilis
840 3138 915 3200 gine,
934 3136 1081 3200 malignitas
1100 3150 1131 3186 ac
1149 3136 1223 3187 livor.
1244 3164 1271 3173 —
1284 3137 1368 3201 loligi-

276 3212 383 3262 Nolim
400 3211 442 3260 des
459 3211 542 3260 Acron
560 3210 613 3259 und
629 3209 710 3261 Sclol.
724 3211 801 3273 coo.
839 3209 886 3274 uls]
906 3209 1009 3273 «Loligo
1026 3223 1110 3275 genus
1123 3213 1165 3261 est
1179 3211 1260 3275 piscis
1271 3213 1368 3261 marini

276 3284 338 3335 iiber
353 3285 400 3334 dos
416 3285 556 3348 Gopuomen
569 3284 611 3333 des
625 3282 736 3333 Petillios
750 3284 804 3333 wid
841 3296 935 3335 sucum
946 3284 1050 3335 habeus
1062 3286 1166 3348 nigrum
1179 3288 1206 3335 et
1217 3287 1368 3337 atramento

276 3357 585 3424 diopmsdnpobeuom
596 3356 724 3407 chbstoil
734 3358 804 3407 nm
840 3356 985 3408 similem.»
1026 3358 1110 3409 Curru.
1138 3359 1217 3417 Cnuo.
1255 3361 1368 3424 «sepia,

275 3448 374 3486 corona
392 3434 442 3497 aus
453 3435 509 3484 dem
523 3433 623 3496 Capitol
637 3434 669 3483 ist
685 3433 803 3483 erdicltet
838 3430 1000 3493 Bluoltflsrl.»
1013 3431 1171 3482 Pseudovid.
1184 3431 1295 3483 Halieul.
1307 3433 1368 3486 tw:

274 3511 340 3560 noel
355 3508 438 3559 Plaul.
462 3509 533 3559 Triu.
552 3510 583 3568 l,
601 3509 630 3569 2,
649 3507 682 3558 ill
698 3507 726 3557 ff.
750 3507 803 3556 uod
837 3505 871 3554 El
885 3505 988 3567 ulpium
1003 3506 1075 3555 nmen
1096 3512 1202 3569 portans
1218 3508 1244 3556 in
1261 3520 1371 3569 corpore

275 3583 440 3635 Monaesum.
459 3583 488 3643 5,
507 3583 538 3643 ll,
557 3581 608 3642 38.¹
634 3581 714 3631 wolei
739 3594 801 3631 man
837 3579 908 3628 uino
931 3578 1026 3642 Lollgo
1054 3578 1101 3642 (sio
1125 3581 1152 3631 iu
1175 3580 1223 3631 Ed.
1242 3582 1370 3646 Hauptiit.

275 3658 325 3719 uus
342 3657 390 3705 den
404 3655 510 3704 wutron
525 3654 590 3703 Sino
611 3656 656 3704 cler
677 3655 802 3705 munni-
838 3651 905 3703 Plut.
923 3653 949 3701 S.
968 3653 999 3702 N.
1013 3653 1043 3703 V.
1062 3667 1090 3718 p.
1102 3654 1163 3705 sot:
1183 3652 1330 3706 κακόνοια
1347 3654 1371 3705 ὁ·

274 3730 347 3780 solon
363 3729 453 3779 Stollm
470 3728 541 3778 lecim
552 3728 681 3777 llilclttlelt
696 3729 799 3779 natm.»
837 3722 947 3777 ἐνοῦσα
963 3724 1008 3797 (τῇ
1032 3726 1128 3799 ψυχῇ)
1150 3726 1224 3794 μετὰ
1247 3726 1370 3793 φθόνου

275 3804 305 3853 0.
322 3802 392 3852 Jahn
409 3802 453 3851 lit.
466 3802 533 3851 llus.
546 3801 579 3850 N.
591 3801 619 3850 F.
633 3802 675 3851 Vl.
692 3814 719 3865 p.
731 3802 799 3865 590.)
837 3800 918 3850 τουτὶ
935 3796 969 3849 τὸ
987 3798 1068 3865 ἰῶδες
1084 3803 1134 3853 nol
1152 3796 1290 3867 ὕπουλον,
1311 3799 1374 3857 ὥσ-

276 3875 328 3927 Cir.
347 3876 400 3924 Sat.
421 3876 449 3935 l,
469 3875 514 3933 tu,
532 3873 580 3923 26:
598 3886 656 3923 mun
670 3874 801 3924 Durotill
838 3888 890 3946 περ
907 3874 940 3923 αἱ
950 3878 1053 3942 σηπίαι
1065 3872 1098 3928 τὸ
1109 3876 1210 3943 μέλαν,
1229 3874 1371 3946 ἀφίησιν.

271 3948 419 4012 parapanda
433 3950 474 3998 ret·
487 3947 703 3998 sucessorem.
719 3977 747 3985 -
761 3949 802 3999 de-
840 3976 867 3985 -
887 3949 994 4014 Ampe]
1013 3953 1055 4002 Sic
1072 3952 1182 4005 Murtiul.
1201 3955 1247 4017 lt,
1266 3954 1317 4017 33,
1337 3958 1373 4007 tt:

272 4021 370 4086 feuda]
393 4033 447 4070 uon
465 4033 529 4084 «por
550 4032 595 4070 me
616 4020 745 4072 delendas
768 4020 800 4071 li·
837 4022 1255 4091 vinctunclosaeruqtnemrsos,
1275 4028 1374 4089 idest,

274 4098 352 4155 cet,·
378 4094 428 4146 sed
445 4094 608 4156 «defendes,
634 4096 749 4145 credo.»
769 4122 797 4132 —
839 4095 993 4149 maledicos.
1028 4099 1145 4163 idemi,
1164 4102 1210 4163 6t,
1229 4101 1253 4153 l.
1272 4100 1378 4153 ‹leho-

273 4172 314 4222 lls
334 4169 488 4233 Gupltoltnus
510 4168 572 4229 cet]
589 4167 685 4220 Similis
705 4183 801 4224 uerru-
839 4173 910 4223 mine
929 4171 1076 4224 maledico:
1102 4176 1378 4240 ustoqueustoque
