2925 4892
259 363 320 426 llil
619 363 748 414 nonam
765 362 987 414 srrsromnnu

611 697 878 780 mrem
901 711 998 777 vn.

302 863 453 949 Quinque
476 859 546 926 dies
570 857 625 924 tibi
648 856 810 946 pollicitus
832 877 884 923 me
906 877 987 923 rure
1008 857 1164 932 laturum,

303 983 455 1052 Sextilem
479 991 580 1048 totum
601 977 740 1046 mendax
762 975 945 1046 desiderum
988 981 1084 1067 Atqui

303 1107 336 1172 Si
359 1125 411 1172 me
434 1105 545 1169 vivere
566 1101 616 1168 vis
639 1121 754 1166 sanum
776 1113 932 1188 recteque
954 1100 1130 1176 valentem,

311 1263 359 1317 ΕΡ.
368 1267 421 1318 Vll.
434 1265 460 1313 ἢ.
469 1263 553 1326 Atqui]
562 1268 626 1312 atta
635 1262 661 1312 d.
675 1288 702 1298 -
713 1261 737 1311 3.
747 1261 786 1310 vis
795 1274 887 1311 tonum
896 1268 1010 1323 recupuo
1019 1263 1143 1312 adesum
1153 1261 1319 1326 bscdplct,

293 1339 427 1392 Bentleius
446 1339 473 1388 et
492 1339 524 1387 0:
540 1337 579 1387 ais
596 1336 804 1398 rectoqueotaere
815 1337 939 1386 calentem
950 1337 979 1394 Ε,
992 1337 1095 1399 {scum
1113 1335 1170 1386 aliis
1180 1338 1321 1395 vetustis,-

294 1415 493 1543 tArggezrgtitsierii,
513 1427 546 1464 ex
563 1413 619 1464 aliis
639 1414 697 1474 ΡΜ,
714 1413 753 1462 vis
768 1417 882 1474 recteque
899 1412 985 1475 cipere
1002 1412 1125 1461 calestem
1141 1409 1277 1461 Bentleius
1293 1412 1321 1460 in

293 1634 348 1682 Vll.
380 1632 418 1681 De
444 1629 522 1680 buius
547 1627 680 1694 Epistulae
706 1640 788 1691 argn-
823 1626 916 1677 oioerc.
945 1627 1086 1684 Baccbi,
1103 1627 1133 1687 ἱ,
1153 1628 1202 1676 ll:
1223 1627 1355 1675 Vwitoeet

262 1709 353 1759 manto
370 1705 432 1755 vido
449 1705 607 1755 Excursnm.
823 1701 986 1752 coletilbid.
998 1716 1024 1752 v.
1038 1701 1085 1752 tl:
1102 1701 1283 1751 civitetvalet.
1303 1702 1354 1750 Te·

289 1783 341 1833 l-li.
353 1782 465 1844 Quinam
474 1779 533 1841 dios]
546 1781 576 1828 ut
585 1791 634 1830 nos
644 1779 701 1829 aciat
711 1779 786 1841 lopo,
825 1779 893 1826 rent.
913 1775 1047 1836 liconti,
1067 1776 1095 1837 l,
1114 1776 1161 1825 al:
1189 1776 1259 1825 Volet
1274 1781 1354 1837 atquo

262 1869 392 1909 numerus
409 1855 540 1915 infinitus,
568 1867 622 1905 non
640 1855 718 1904 nimis
741 1865 788 1901 ac·
824 1850 894 1900 vivit.
925 1850 1219 1909 Cic.llcad.i‚7‚l9:
1238 1850 1355 1912 Silsen-

262 1935 354 1982 curate
372 1929 518 1992 mondus.
548 1928 623 1979 Conl.
645 1929 699 1978 Sat.
718 1929 742 1985 l,
761 1926 785 1983 3,
826 1925 881 1987 sus)
904 1926 960 1974 soni
981 1929 1039 1974 sum
1060 1938 1092 1974 cc
1110 1925 1228 1974 odontes.
1258 1923 1355 1975 Celsus

262 2003 472 2069 lose-raro]
492 2001 718 2060 inSabinomeo‚
737 2013 789 2064 po·
827 2001 855 2060 l,
875 1999 903 2048 l:
930 2000 1030 2049 Sanus
1055 1999 1140 2058 boma,
1167 2000 1211 2059 qui
1232 2005 1256 2048 et
1279 1999 1357 2049 bose

262 2081 315 2130 lius
335 2091 431 2141 quam,
456 2078 486 2126 ul
506 2074 550 2126 alii
571 2079 683 2140 propter
704 2089 730 2124 v.
745 2074 786 2125 lo.
824 2075 911 2123 colet
935 2079 958 2124 et
978 2087 1040 2124 suos
1055 2075 1150 2136 spontis
1165 2078 1212 2134 est,
1237 2074 1316 2123 sulib
1330 2087 1358 2123 se

263 2152 437 2212 arbitrantur,
455 2151 482 2200 iu
499 2151 578 2200 amici
598 2148 709 2200 alicuius
727 2147 788 2198 vllla
826 2149 938 2213 obltpore
954 2149 1048 2214 lepibau
1063 2148 1138 2199 deba.
1169 2149 1245 2198 llart.
1258 2148 1288 2208 a,
1307 2150 1355 2210 ao,

263 2226 407 2277 Tiburtina.
433 2252 460 2261 —
483 2224 611 2288 Sectilen]
637 2227 712 2274 Anno
738 2224 788 2275 de·
827 2225 872 2274 to:
898 2224 956 2273 Noa
972 2229 1008 2274 sat
1026 2225 1110 2273 cinam
1126 2223 1169 2272 sed
1187 2223 1274 2273 volere
1289 2225 1354 2273 vita.

264 2313 339 2351 mum
350 2314 377 2350 u.
389 2313 412 2350 o.
423 2298 480 2350 alo.
499 2299 543 2349 bic
555 2299 655 2349 mensis
663 2300 790 2362 Anacutas
826 2296 937 2348 Bentleii
954 2300 1026 2349 coni.
1045 2298 1079 2361 (in
1098 2297 1175 2348 Curis
1192 2298 1355 2359 nouissimis)

264 2376 416 2428 nominatus
428 2376 478 2426 est.
506 2374 555 2424 Dio
568 2375 642 2424 Cass.
656 2373 701 2434 55,
721 2374 745 2423 6.
759 2399 787 2408 -
826 2376 941 2434 recteque
955 2373 1041 2436 cipere
1058 2372 1180 2422 vdmtem
1196 2373 1286 2422 Latina
1299 2385 1355 2423 non

262 2451 374 2502 suadac
401 2449 535 2514 desidem]
566 2449 659 2500 Dedita
689 2461 787 2512 opera,
827 2448 942 2498 videtur.
963 2476 991 2483 -
1009 2447 1117 2511 veniam]
1136 2449 1181 2496 «ut
1197 2446 1285 2497 absim
1304 2447 1357 2496 boc

264 2539 318 2590 quo
329 2524 431 2575 facilius
442 2525 583 2576 Maecenas
596 2523 646 2574 sibi
658 2523 787 2586 ignoscat,
828 2537 936 2584 mense,
955 2536 1009 2587 quo
1026 2521 1131 2573 calores
1145 2523 1256 2572 austrini
1274 2523 1354 2586 (virg.

264 2607 319 2653 tam
336 2602 513 2652 vehementer
533 2601 591 2664 ipse
613 2611 642 2650 se
664 2600 787 2657 accusat¹
828 2600 874 2647 Ge.
887 2599 916 2658 2,
929 2597 999 2657 270„
1012 2598 1040 2647 lo
1057 2596 1223 2658 Scir-ocem
1235 2595 1263 2645 in
1275 2609 1357 2647 causa

263 2691 318 2728 non
330 2675 415 2740 quod,
428 2677 458 2725 ut
468 2672 585 2725 nonnulli
596 2672 701 2733 volunt,
715 2686 791 2722 men·
827 2673 905 2731 sunt,
923 2673 953 2720 ut
970 2670 1045 2720 multi
1061 2671 1185 2720 homines
1197 2671 1356 2725 moriantur.

264 2751 333 2802 dacii
350 2749 456 2814 culpam
473 2749 560 2800 amico
581 2747 711 2798 obiecerit
731 2747 790 2796 lau·
827 2746 953 2808 quocirca
969 2745 1069 2808 ubique
1087 2746 1112 2794 in
1134 2744 1262 2796 funebres
1278 2758 1357 2808 pom-

264 2830 316 2878 tor.
331 2853 359 2862 -
376 2824 460 2888 Atqui]
478 2825 528 2874 καί
544 2837 600 2873 τοι.
628 2821 787 2873 «Οουίίιοοτῑ
827 2832 876 2885 pes
902 2820 1089 2870 incurrimus.»
1118 2843 1145 2854 -
1173 2821 1236 2883 picas
1257 2820 1356 2883 primu]

264 2901 397 2957 ettamen,
422 2911 484 2947 cum
501 2898 555 2947 boc
572 2898 611 2948 sic
628 2910 658 2948 se
675 2895 788 2954 babeat,
828 2907 938 2944 «mense
955 2893 1044 2944 sextili
1056 2897 1084 2944 et
1094 2894 1246 2958 Septembri
1265 2897 1358 2944 matu-

265 2972 343 3023 dubis
359 2970 494 3021 licentiam
513 2973 582 3021 cet.»
597 2997 624 3006 —
637 2971 664 3020 Si
675 2983 715 3020 ma
726 2970 789 3034 cet]
827 2982 937 3020 rescens
960 2970 1048 3033 ipsum
1068 2982 1149 3032 grave
1170 2971 1310 3019 auctumni
1327 2969 1354 3018 d.

265 3045 377 3097 Restitui
403 3043 545 3095 lectionem
571 3057 586 3093 a
612 3043 697 3094 tribus
722 3045 790 3094 meis
828 3046 870 3094 ill.
896 3057 932 3094 m.
957 3046 1023 3107 Aug.
1052 3045 1202 3108 incipientis
1225 3045 1302 3106 (Voss
1320 3044 1356 3094 ad

265 3117 503 3183 compluribusque
523 3117 580 3169 aliis
598 3117 681 3168 Codd.
700 3119 790 3169 denuo
826 3119 898 3182 virg.
909 3120 954 3168 Ge.
966 3118 994 3179 3,
1008 3117 1075 3180 478.)
1088 3123 1194 3183 tempus
1203 3118 1354 3181 designata

265 3193 408 3243 firmatam.
445 3193 547 3242 Etenim
571 3205 633 3242 cum
656 3191 697 3242 vel
724 3192 789 3244 lelso
828 3193 1153 3252 Ossan.Cl.sat.i‚6‚l9.
1172 3194 1353 3249 llinusrecte.

265 3279 314 3333 pro
331 3265 474 3330 tautologia
491 3266 624 3318 heberent
639 3280 683 3317 vv.
700 3281 791 3317 sonam
827 3266 870 3316 alii
888 3279 934 3318 eas
951 3266 1093 3330 significari
1109 3269 1216 3331 putant.
1236 3281 1308 3331 qnae
1321 3267 1355 3316 ab

266 3345 294 3393 et
309 3347 375 3394 recte
389 3343 524 3403 valenton,
544 3340 585 3392 vel
603 3355 664 3392 cum
682 3342 790 3392 iorluito
827 3341 898 3391 Italis
917 3342 976 3404 ficii
996 3343 1055 3406 flori
1076 3340 1246 3405 appellantur
1266 3345 1307 3400 et.
1334 3343 1358 3392 si

265 3417 402 3468 turbatum
424 3420 497 3469 esset
520 3417 546 3467 in
565 3416 617 3467 boc
638 3430 719 3468 versu
742 3431 790 3468 ex·
827 3415 971 3466 immodice
997 3419 1185 3477 assumuntur,
1212 3413 1289 3466 lacile
1315 3416 1357 3466 le-

265 3491 422 3552 scribendo,
441 3495 471 3543 ut
487 3493 591 3542 constat
608 3505 641 3541 er
656 3491 704 3542 Ed.
722 3493 788 3543 ven.
827 3491 892 3541 bres
914 3491 1035 3553 gignunt,
1062 3492 1226 3554 posteriores
1253 3490 1357 3542 auctus

266 3566 345 3618 list:
364 3567 392 3616 Si
402 3581 448 3630 *ote
463 3567 546 3617 uivere
560 3567 599 3616 vis
614 3572 727 3628 recteque
746 3581 791 3618 so-
828 3567 870 3616 lici
892 3565 993 3617 biferae
1016 3579 1079 3616 cum
1099 3568 1152 3618 sint
1174 3565 1355 3618 saluberrimi.

265 3654 326 3690 num
336 3641 467 3703 udonem,
481 3643 508 3691 et
520 3641 647 3692 Schmidii
658 3641 788 3692 secundo:
828 3641 882 3692 Cir.
896 3642 1063 3691 Pherecratis
1079 3654 1175 3692 versus
1193 3641 1266 3706 apud
1290 3643 1358 3692 blei-

265 3716 792 3780 Simsotsrsctcaiverepasvidareoa-
828 3716 888 3766 nelr.
913 3716 1016 3778 Fragm.
1036 3717 1111 3766 Com.
1131 3717 1162 3766 ll.
1184 3729 1210 3780 p.
1228 3717 1294 3767 287:
1321 3707 1357 3766 'st

265 3791 368 3852 testem,
391 3793 430 3842 sic
453 3796 606 3844 correctum
623 3794 677 3844 est:
707 3793 736 3842 Si
751 3806 792 3843 ote
828 3786 976 3855 δαιμόνιε,
995 3787 1114 3859 πύρεττε
1130 3787 1223 3856 μηδὲν
1239 3793 1358 3862 φροντί-

264 3866 348 3915 niuerc
368 3867 407 3915 uis
422 3871 535 3929 recteque
554 3869 638 3918 cium
658 3868 789 3918 adcelera.
828 3881 898 3928 σας,
928 3865 984 3915 liat
1011 3862 1068 3915 τῶν
1092 3861 1241 3927 φιβάλεων
1267 3864 1357 3935 τρῶγε

266 3941 361 3990 Nostra
377 3952 443 3990 vero
459 3939 538 3992 lectio
556 3943 688 3993 sermonis
706 3943 792 4006 quoti·
828 3937 926 3990 σύκων
942 3936 995 3990 τοῦ
1013 3940 1126 4009 θέρους,
1146 3933 1358 4004 Κάμκιπλάμε·

266 4013 337 4062 diani
346 4013 790 4081 lormuleestreperiturqueetiam
827 4030 879 4078 νος
889 4009 1013 4065 κάθευδε
1023 4011 1075 4077 τὰς
1085 4013 1286 4087 μσημβρὶας,
1300 4007 1357 4066 lici·

266 4088 333 4151 Epp.
353 4089 381 4148 i,
407 4089 452 4150 iii,
475 4089 517 4139 il.
547 4091 600 4138 Sat.
619 4091 648 4150 2,
672 4091 700 4152 5,
725 4090 788 4140 ltu:
829 4104 865 4138 τα
888 4088 1043 4153 σφακέὴζε
1067 4091 1118 4140 καὶ
1145 4093 1281 4160 πέπρησο
1306 4093 1355 4140 καὶ

269 4162 453 4224 Vtaovalspae.
484 4163 566 4214 Plauti
577 4165 647 4213 Trin.
663 4165 734 4225 t,2,
751 4164 788 4215 tt:
827 4159 897 4225 βόα.
927 4164 1353 4229 rucophouapndltben.3‚lsz

266 4237 331 4286 Bene
352 4237 432 4288 barcis
453 4242 487 4288 est
510 4237 580 4287 ittam
603 4238 647 4287 libi
666 4239 751 4288 volere
767 4245 790 4289 st
826 4233 893 4289 'licis
909 4236 940 4290 δέ
957 4241 981 4305 γ’
995 4232 1078 4304 ἡμῶν
1090 4235 1166 4290 σῦκα
1178 4235 1231 4304 τῆς
1241 4253 1355 4304 μεσημ-
