2925 4892
661 346 790 398 lionam
807 345 988 397 sarmatia

665 804 990 869 flmm-

286 947 444 1017 Omnibus
466 948 529 1016 hoc
553 948 666 1015 vitium
687 957 737 1015 est
758 947 960 1024 cantoribus,
984 947 1066 1015 inter
1086 947 1209 1014 amieos

285 1070 324 1139 Ut
345 1089 509 1158 nunquam
531 1068 684 1136 inducant
706 1069 847 1135 animum
868 1077 998 1135 cantare
1021 1068 1140 1155 rogati,

285 1192 402 1257 lninssi
425 1210 591 1277 nunquam
612 1189 778 1256 desistant.
822 1188 945 1255 Sardus
966 1188 1108 1255 habebat

350 1333 418 1383 SAT.
438 1332 481 1381 lll.
517 1332 541 1380 i.
560 1336 596 1381 eat
612 1342 665 1380 om.
684 1343 711 1393 p.

318 1454 361 1503 111.
380 1452 542 1515 Praecipuus
562 1450 640 1500 huius
660 1452 757 1501 satirae
776 1448 810 1499 fl·
846 1450 920 1510 116,
947 1448 1091 1501 Grotetend
1115 1463 1141 1501 a.
1165 1451 1222 1501 716.
1245 1452 1381 1515 scriptam

286 1526 326 1576 nis
339 1528 392 1587 est,
411 1528 441 1576 ut
452 1526 602 1576 communis
616 1522 659 1573 illa
671 1523 810 1573 hominum
846 1525 940 1587 putat.)

285 1600 448 1663 peruersitas
465 1600 624 1661 exagitetur,
647 1610 700 1661 qua
718 1598 809 1647 nostra
880 1597 935 1647 t-8.
954 1599 1057 1649 Festive
1069 1599 1143 1650 miris
1155 1598 1253 1663 Tigellii
1264 1599 1307 1662 (de
1320 1612 1381 1663 quo

286 1670 503 1735 malaautplane
517 1672 812 1735 ignoramusautsum-
847 1684 873 1721 v.
900 1673 977 1723 satir.
1004 1672 1131 1737 praeced.
1157 1674 1223 1735 init.)
1252 1673 1380 1725 moribus

285 1760 329 1797 ma
352 1744 513 1809 indulgentia
537 1746 672 1806 levemus,
699 1745 726 1795 in
743 1743 811 1794 elio-
847 1749 927 1809 atque
939 1746 1116 1798 inconstantia
1128 1745 1186 1808 illa,
1199 1760 1253 1811 qua
1263 1760 1382 1812 semper

284 1832 346 1870 rum
358 1821 464 1879 contra,
478 1820 506 1869 et
517 1831 648 1883 persaepe
660 1818 809 1867 amicorum
847 1820 873 1868 in
885 1818 992 1869 diversa
1004 1820 1131 1871 aberrare
1143 1819 1260 1882 solebat,
1279 1822 1317 1870 ita
1329 1821 1383 1871 de-

284 1894 428 1958 imprimis‚
452 1893 514 1941 vitia
536 1891 630 1943 sedulo
652 1892 810 1955 inquirimus
847 1894 965 1957 seriptis,
993 1897 1132 1957 umquam
1153 1894 1176 1945 ei
1198 1894 1233 1944 de
1250 1895 1302 1944 hoc
1320 1908 1381 1945 uno

285 1978 372 2028 eaque
381 1964 554 2015 acerbissima
566 1966 707 2015 severitate
719 1977 812 2028 repre-
847 1968 910 2017 vitio
927 1967 1060 2018 disserere
1077 1966 1170 2029 vellet,
1189 1963 1266 2037 παρὰ
1281 1981 1381 2038 κροσ-

285 2038 437 2089 hendimus.
452 2039 533 2089 Cuius
544 2039 681 2102 pravitatis
695 2050 812 2088 cumen·
847 2038 948 2091 dexter
965 2040 1046 2091 alium
1067 2042 1169 2092 inducit
1183 2056 1210 2092 v.
1230 2042 1271 2091 19.
1289 2043 1381 2092 inter-

285 2112 387 2163 cusatio
396 2111 491 2163 saitem
500 2110 587 2177 aliqua
596 2112 717 2175 depromi
727 2111 812 2175 possit
847 2116 999 2178 rogantem:
1026 2116 1092 2177 Quid
1107 2114 1155 2165 tu?
1175 2116 1284 2166 Nullane
1298 2116 1382 2168 bobes

285 2201 317 2237 ex
347 2186 497 2237 Stoicorum
524 2186 668 2248 sententia,
699 2184 810 2235 «omnia
846 2188 930 2239 611161
956 2212 984 2225 -
1011 2190 1121 2252 Sordes]
1146 2191 1219 2239 inest
1242 2190 1382 2260 εἰρωνεία

283 2259 525 2326 peccataaequalia
535 2272 622 2323 esse»,
636 2260 669 2324 iv.
679 2259 731 2323 16.)
741 2259 811 2308 hanc
847 2262 981 2326 quaedam
997 2264 1024 2313 in
1041 2263 1093 2313 hac
1109 2264 1210 2327 patriae
1229 2264 1286 2313 eius
1298 2276 1383 2316 men·

285 2336 435 2399 impugnat,
462 2336 592 2385 contraria
616 2335 809 2398 Epicureorum
846 2338 928 2387 tione.
959 2336 1136 2388 Proverbium
1151 2340 1220 2387 erat:
1239 2338 1318 2387 Sardi
1333 2353 1382 2391 oo-

286 2408 406 2459 doctrina
424 2410 554 2474 opposita.
570 2408 750 2474 (1698411.)
768 2406 809 2457 Ab
846 2411 928 2470 66166,
945 2412 1011 2461 alter
1026 2411 1106 2461 oltero
1122 2412 1243 2473 mercior,
1262 2415 1290 2462 61
1305 2414 1381 2463 Por-

285 2481 328 2533 illo
345 2478 498 2554 παραδόξῳ
510 2484 544 2534 66
556 2482 627 2533 aliud
638 2481 761 2533 eiusdem
772 2481 811 2531 di-
846 2484 943 2548 pbym'o
951 2484 1068 2535 servavit
1080 2485 1170 2535 Licinii
1178 2484 1250 2535 calvi
1261 2486 1288 2535 in
1299 2486 1380 2537 hunc

286 2555 412 2620 sciplinae
429 2557 464 2608 do
484 2557 605 2620 perfecie
621 2557 743 2621 sapiente
760 2555 811 2606 de-
847 2556 1042 2609 modulatorem
1049 2560 1189 2616 scazonta;
1200 2559 1381 2623 Sordtrrpeili

285 2630 429 2681 ridendum
445 2632 553 2693 transit,
577 2633 606 2680 et
625 2630 735 2695 quidem
752 2630 809 2680 sine
843 2632 961 2694 putidum
981 2637 1057 2694 repat
1081 2632 1162 2693 osuin
1190 2631 1263 2696 quud
1283 2633 1380 2697 ipsum

285 2704 338 2756 ulla
363 2706 390 2755 in
413 2708 500 2756 certas
524 2704 655 2770 quasdam
678 2716 810 2768 personas
845 2706 1375 2768 HipponoetrornproocooiomvooatCie.

284 2778 436 2841 virulentia,
461 2792 542 2843 mrum
563 2791 643 2843 supra
661 2778 810 2828 damnave-
847 2779 882 2831 ad
898 2782 969 2831 Fam.
988 2780 1018 2840 1,
1036 2779 1082 2841 si,
1103 2780 1126 2829 1.
1147 2806 1175 2815 -
1193 2780 1244 2844 lite]
1267 2781 1375 2833 61861.

284 2855 339 2913 rat,
358 2854 394 2903 ita
412 2855 441 2902 ut
452 2851 533 2903 alacri
546 2854 572 2902 et
586 2852 680 2903 festiva
692 2850 809 2902 clausula
847 2855 874 2915 1,
893 2854 921 2916 1,
940 2855 982 2903 itit.
1001 2854 1097 2913 :Quasi
1108 2852 1143 2904 de
1155 2855 1218 2904 noto
1229 2854 1378 2905 61111616.»

285 2939 375 2976 sermo
392 2926 506 2975 finiatur.
528 2953 555 2961 —
574 2925 676 2975 Franlre
693 2925 721 2974 F.
735 2926 766 2975 11.
780 2938 807 2989 p.
846 2929 938 2977 Senon.
959 2955 988 2964 —
1005 2927 1119 2993 babebat]
1136 2941 1169 2978 er
1188 2928 1272 2978 latta
1288 2927 1380 2979 dieas

285 2998 329 3049 89:
357 2999 436 3049 «Post
456 2997 665 3062 praecedentem
682 2999 809 3062 scriptam
846 3015 883 3051 on
899 3002 977 3062 sicli,
999 3003 1030 3051 ut
1050 3002 1105 3052 Cic.
1125 3000 1189 3052 Phil.
1208 3002 1240 3063 2,
1258 3002 1304 3062 31,
1323 3002 1376 3051 78:

285 3084 347 3122 esse
364 3084 427 3122 cum
443 3072 505 3123 inde
522 3070 647 3132 efficitur,
672 3070 745 3136 quod
766 3073 809 3121 Ti·
845 3075 956 3125 Habebat
971 3076 1017 3125 boc
1032 3077 1134 3126 omuino
1151 3076 1253 3126 Caesar
1269 3102 1296 3114 -
1309 3074 1380 3126 Coe-

285 3143 344 3209 gelli
352 3146 451 3207 pridem
462 3145 571 3209 66166611
582 3146 681 3196 mentio
694 3146 731 3205 111,
749 3147 808 3195 tum
844 3148 898 3213 sor]
914 3150 944 3199 ln
961 3150 1002 3199 bis
1019 3148 1090 3200 nulla
1102 3150 1237 3201 Octaviani
1250 3150 1321 3199 inest
1330 3162 1379 3200 re·

285 3219 358 3282 quod
374 3221 453 3283 poeta
464 3220 610 3273 Maecenati
623 3220 677 3269 iam
688 3220 808 3282 cognitus
844 3222 1003 3287 prehensio,
1026 3225 1057 3273 ut
1075 3226 1150 3274 ratus
1167 3225 1209 3274 est
1225 3235 1375 3274 nonnemo.

284 3292 345 3353 luit,
363 3294 393 3343 nt
408 3294 482 3357 patet
498 3306 514 3343 e
531 3306 556 3343 v.
571 3293 602 3343 63
620 3306 660 3356 sq.
695 3293 752 3342 Nec
764 3291 810 3342 ial-
846 3297 915 3357 Quid
932 3298 1003 3347 enim
1024 3298 1167 3361 propterea
1185 3298 1259 3363 carpi
1279 3308 1379 3347 mere-

284 3365 375 3429 limur‚
394 3368 500 3431 opinor,
519 3368 541 3417 si
558 3366 677 3429 eclogam
690 3366 810 3428 proeime
846 3368 936 3430 batur,
964 3371 988 3421 si
1007 3372 1128 3420 veterem
1148 3371 1232 3435 patris
1253 3368 1379 3433 adoptivi

283 3442 344 3506 post
360 3442 390 3491 11.
409 3454 461 3491 nac
477 3442 512 3492 ita
523 3439 606 3491 multo
618 3444 680 3505 post
692 3441 808 3504 primam
845 3444 962 3493 amicum
978 3444 1170 3507 patientissime
1185 3441 1317 3494 tractabat
1330 3445 1379 3493 at-

284 3528 347 3566 cum
364 3516 517 3567 Maecenate
534 3516 752 3579 congressionem
764 3526 809 3563 ex·
846 3530 899 3582 que
920 3519 1067 3569 morositati
1092 3517 1258 3580 ignoscebat,
1284 3517 1379 3569 artem

283 3590 385 3639 aratam
400 3602 460 3641 esse
473 3589 612 3641 dicimus.»
641 3589 701 3653 (Gir.
716 3591 808 3639 nmen
844 3589 1169 3643 simuleinsadmiratusi
1189 3619 1217 3627 -
1235 3590 1263 3640 st
1275 3595 1380 3652 peterat

284 3675 333 3713 nos
350 3663 384 3711 ad
401 3676 425 3711 v.
440 3662 491 3724 63.)
508 3687 548 3698 --
563 3688 575 3699 -
592 3664 663 3713 ulam
681 3676 745 3713 cum
757 3664 809 3713 Ho-
844 3666 1032 3731 --proptcereq
1060 3665 1102 3715 «si
1126 3665 1235 3729 quando
1255 3662 1299 3714 illo
1321 3679 1379 3716 no-

283 3735 365 3785 ratius
382 3738 429 3785 aut
445 3748 469 3783 a.
488 3735 544 3784 116.
564 3738 679 3785 exeunte
696 3739 742 3785 aut
761 3738 809 3792 ini·
844 3738 915 3788 lente
933 3740 1056 3803 petebat,
1076 3738 1139 3789 nibil
1157 3751 1276 3803 unquam
1287 3738 1380 3801 proii-

284 3808 320 3858 tio
337 3809 474 3870 sequentis
490 3811 673 3861 Maecenatem
689 3810 808 3873 primum
845 3812 959 3863 ciebat.»
993 3814 1173 3865 Coniunctivis
1192 3814 1314 3877 tempora
1330 3811 1379 3863 lo-

284 3883 452 3943 convenerit,
470 3881 610 3947 probabile
628 3884 670 3945 tit,
694 3885 807 3935 satiram
845 3898 930 3950 caque
949 3887 1063 3949 infinita,
1083 3887 1180 3952 quibus
1197 3884 1261 3936 illud
1277 3884 1376 3950 flebat,

284 3957 325 4006 ill.
356 3954 398 4005 illo
424 3957 529 4007 circiter
557 3958 692 4021 tempore,
726 3958 752 4008 b.
780 3972 804 4010 e.
844 3960 1034 4023 significantur.
1069 3962 1176 4011 l'erent.
1200 3957 1313 4023 Adelph.
1340 3960 1376 4021 1,

283 4029 373 4081 hieme
395 4044 456 4081 ann,
474 4031 531 4080 716.
551 4031 652 4081 61716.
672 4034 807 4096 composi·
843 4035 875 4096 1,
893 4033 940 4085 at:
967 4040 995 4084 tu
1010 4048 1077 4084 6666
1093 4034 1137 4084 tibi
1153 4036 1182 4084 ld
1198 4034 1269 4084 laudi
1283 4035 1377 4097 66666,

285 4108 437 4155 tamesse.»
473 4105 611 4168 (Mirchner
622 4109 735 4158 exeunte
747 4108 804 4157 716,
844 4108 910 4170 quod
925 4112 979 4158 tom
992 4108 1189 4171 teetstiinopio?
1205 4108 1377 4158 lnioriwnst:

284 4179 329 4229 aut
340 4179 412 4230 initio
424 4180 570 4243 sequentis,
589 4180 690 4233 Weber
703 4181 768 4233 item
780 4195 804 4231 a.
842 4195 905 4234 omn
915 4184 936 4234 si
946 4187 1018 4244 earet,
1031 4184 1096 4234 6666
1110 4184 1195 4247 ilerd,
1209 4182 1373 4234 Faceremrra.
