<?xml version="1.0" encoding="UTF-8"?>
<!DOCTYPE html PUBLIC "-//W3C//DTD XHTML 1.0 Transitional//EN"
    "http://www.w3.org/TR/xhtml1/DTD/xhtml1-transitional.dtd">
<html xmlns="http://www.w3.org/1999/xhtml" xml:lang="en" lang="en">
 <head>
  <title>
</title>
<meta http-equiv="Content-Type" content="text/html;charset=utf-8" />
  <meta name='ocr-system' content='tesseract 3.04.00' />
  <meta name='ocr-capabilities' content='ocr_page ocr_carea ocr_par ocr_line ocrx_word'/>
</head>
<body>
  <div class='ocr_page' id='page_1' title='image "./qhoratiusflaccu03baitgoog/qhoratiusflaccu03baitgoog_0607.png"; bbox 0 0 2925 4892; ppageno 0'>
   <div class='ocr_carea' id='block_1_1' title="bbox 508 397 788 450">
    <p class='ocr_par' dir='ltr' id='par_1_1' title="bbox 508 397 788 450">
     <span class='ocr_line' id='line_1_1' title="bbox 508 397 788 450; baseline 0.014 -4"><span class='ocrx_word' id='word_1_1' title='bbox 508 397 567 448; x_wconf 76' lang='grc' dir='ltr'><strong>ΗΒ.</strong></span> <span class='ocrx_word' id='word_1_2' title='bbox 587 398 616 446; x_wconf 89' lang='grc'><strong>44.</strong></span> <span class='ocrx_word' id='word_1_3' title='bbox 652 398 750 450; x_wconf 83' lang='lat' dir='ltr'><strong>EPlS&#39;l.</strong></span> <span class='ocrx_word' id='word_1_4' title='bbox 768 400 788 450; x_wconf 94' lang='lat' dir='ltr'><strong>l.</strong></span> 
     </span>
    </p>
   </div>
   <div class='ocr_carea' id='block_1_2' title="bbox 139 549 1189 1126">
    <p class='ocr_par' dir='ltr' id='par_1_2' title="bbox 143 549 974 641">
     <span class='ocr_line' id='line_1_2' title="bbox 143 549 974 641; baseline 0.002 -23"><span class='ocrx_word' id='word_1_5' title='bbox 143 553 212 618; x_wconf 89' lang='lat' dir='ltr'><strong>Hoc</strong></span> <span class='ocrx_word' id='word_1_6' title='bbox 237 571 338 638; x_wconf 82' lang='lat' dir='ltr'><strong>paces</strong></span> <span class='ocrx_word' id='word_1_7' title='bbox 359 549 504 618; x_wconf 88' lang='lat' dir='ltr'><strong>habuere</strong></span> <span class='ocrx_word' id='word_1_8' title='bbox 525 551 632 619; x_wconf 90' lang='lat' dir='ltr'><strong>bonae</strong></span> <span class='ocrx_word' id='word_1_9' title='bbox 654 553 807 641; x_wconf 88' lang='lat' dir='ltr'><strong>ventique</strong></span> <span class='ocrx_word' id='word_1_10' title='bbox 829 555 974 622; x_wconf 87' lang='lat' dir='ltr'><strong>secundi.</strong></span> 
     </span>
    </p>

    <p class='ocr_par' dir='ltr' id='par_1_3' title="bbox 141 669 920 742">
     <span class='ocr_line' id='line_1_3' title="bbox 141 669 920 742; baseline 0.004 -3"><span class='ocrx_word' id='word_1_11' title='bbox 141 675 263 740; x_wconf 84' lang='lat' dir='ltr'><strong>Romae</strong></span> <span class='ocrx_word' id='word_1_12' title='bbox 284 669 381 738; x_wconf 82' lang='lat' dir='ltr'>dulce</span> <span class='ocrx_word' id='word_1_13' title='bbox 403 670 458 737; x_wconf 90' lang='lat' dir='ltr'><strong>diu</strong></span> <span class='ocrx_word' id='word_1_14' title='bbox 481 671 538 738; x_wconf 89' lang='lat' dir='ltr'><strong>luit</strong></span> <span class='ocrx_word' id='word_1_15' title='bbox 559 683 592 739; x_wconf 91' lang='lat' dir='ltr'><strong>et</strong></span> <span class='ocrx_word' id='word_1_16' title='bbox 612 673 769 742; x_wconf 87' lang='lat' dir='ltr'><strong>sollemne</strong></span> <span class='ocrx_word' id='word_1_17' title='bbox 791 674 920 742; x_wconf 85' lang='lat' dir='ltr'><strong>reclusa</strong></span> 
     </span>
    </p>

    <p class='ocr_par' dir='ltr' id='par_1_4' title="bbox 140 792 935 882">
     <span class='ocr_line' id='line_1_4' title="bbox 140 792 935 882; baseline 0.005 -23"><span class='ocrx_word' id='word_1_18' title='bbox 140 795 235 860; x_wconf 83' lang='lat' dir='ltr'><strong>blane</strong></span> <span class='ocrx_word' id='word_1_19' title='bbox 257 793 354 859; x_wconf 89' lang='lat' dir='ltr'><strong>domo</strong></span> <span class='ocrx_word' id='word_1_20' title='bbox 377 792 524 880; x_wconf 80' lang='lat' dir='ltr'><strong>vigilare,</strong></span> <span class='ocrx_word' id='word_1_21' title='bbox 548 793 654 862; x_wconf 90' lang='lat' dir='ltr'><strong>clienti</strong></span> <span class='ocrx_word' id='word_1_22' title='bbox 677 815 828 882; x_wconf 82' lang='lat' dir='ltr'><strong>promere</strong></span> <span class='ocrx_word' id='word_1_23' title='bbox 850 797 935 874; x_wconf 88' lang='lat' dir='ltr'><strong>iura,</strong></span> 
     </span>
    </p>

    <p class='ocr_par' dir='ltr' id='par_1_5' title="bbox 139 913 1189 1126">
     <span class='ocr_line' id='line_1_5' title="bbox 142 913 1189 1003; baseline 0.006 -22"><span class='ocrx_word' id='word_1_24' title='bbox 142 915 263 982; x_wconf 87' lang='lat' dir='ltr'><strong>Cautus</strong></span> <span class='ocrx_word' id='word_1_25' title='bbox 284 913 467 981; x_wconf 86' lang='lat' dir='ltr'>nominibus</span> <span class='ocrx_word' id='word_1_26' title='bbox 491 914 587 982; x_wconf 89' lang='lat' dir='ltr'><strong>rectis</strong></span> <span class='ocrx_word' id='word_1_27' title='bbox 610 915 796 1003; x_wconf 83' lang='lat' dir='ltr'><strong>expendere</strong></span> <span class='ocrx_word' id='word_1_28' title='bbox 819 938 981 995; x_wconf 92' lang='lat' dir='ltr'><strong>nummos,</strong></span> <span class='ocrx_word' id='word_1_29' title='bbox 1063 965 1067 972; x_wconf 86' lang='lat'><em>-</em></span> <span class='ocrx_word' id='word_1_30' title='bbox 1128 920 1189 987; x_wconf 82' lang='grc'><strong>405</strong></span> 
     </span>
     <span class='ocr_line' id='line_1_6' title="bbox 139 1033 908 1126; baseline 0.004 -24"><span class='ocrx_word' id='word_1_31' title='bbox 139 1035 280 1102; x_wconf 79' lang='lat' dir='ltr'>Maiores</span> <span class='ocrx_word' id='word_1_32' title='bbox 302 1033 431 1112; x_wconf 88' lang='lat' dir='ltr'><strong>audire,</strong></span> <span class='ocrx_word' id='word_1_33' title='bbox 454 1034 568 1101; x_wconf 91' lang='lat' dir='ltr'><strong>minori</strong></span> <span class='ocrx_word' id='word_1_34' title='bbox 591 1034 716 1112; x_wconf 87' lang='lat' dir='ltr'><strong>dicere,</strong></span> <span class='ocrx_word' id='word_1_35' title='bbox 741 1057 802 1124; x_wconf 88' lang='lat' dir='ltr'><strong>per</strong></span> <span class='ocrx_word' id='word_1_36' title='bbox 822 1059 908 1126; x_wconf 86' lang='lat' dir='ltr'><strong>quae</strong></span> 
     </span>
    </p>
   </div>
   <div class='ocr_carea' id='block_1_3' title="bbox 129 1204 1157 1420">
    <p class='ocr_par' dir='ltr' id='par_1_6' title="bbox 129 1204 1157 1420">
     <span class='ocr_line' id='line_1_7' title="bbox 130 1204 1155 1271; baseline 0.005 -14"><span class='ocrx_word' id='word_1_37' title='bbox 130 1207 213 1258; x_wconf 81' lang='lat' dir='ltr'><strong>Canto</strong></span> <span class='ocrx_word' id='word_1_38' title='bbox 229 1204 348 1256; x_wconf 86' lang='lat' dir='ltr'><strong>malebat</strong></span> <span class='ocrx_word' id='word_1_39' title='bbox 364 1206 502 1256; x_wconf 84' lang='lat' dir='ltr'><strong>Schiitzius</strong></span> <span class='ocrx_word' id='word_1_40' title='bbox 514 1206 626 1270; x_wconf 89' lang='lat' dir='ltr'><strong>Opuscc.</strong></span> <span class='ocrx_word' id='word_1_41' title='bbox 639 1219 667 1269; x_wconf 92' lang='lat' dir='ltr'><strong>p.</strong></span> <span class='ocrx_word' id='word_1_42' title='bbox 680 1205 738 1258; x_wconf 82' lang='lat' dir='ltr'><strong>ata.</strong></span> <span class='ocrx_word' id='word_1_43' title='bbox 754 1234 781 1246; x_wconf 85' lang='lat'><strong>--</strong></span> <span class='ocrx_word' id='word_1_44' title='bbox 794 1210 868 1258; x_wconf 82' lang='lat' dir='ltr'><strong>certis</strong></span> <span class='ocrx_word' id='word_1_45' title='bbox 884 1213 1009 1271; x_wconf 82' lang='lat' dir='ltr'><strong>quattuor</strong></span> <span class='ocrx_word' id='word_1_46' title='bbox 1030 1212 1155 1270; x_wconf 83' lang='lat' dir='ltr'><strong>Pottierii,</strong></span> 
     </span>
     <span class='ocr_line' id='line_1_8' title="bbox 129 1281 1157 1344; baseline 0.006 -14"><span class='ocrx_word' id='word_1_47' title='bbox 129 1283 170 1331; x_wconf 82' lang='lat' dir='ltr'><strong>ht.</strong></span> <span class='ocrx_word' id='word_1_48' title='bbox 192 1305 220 1317; x_wconf 93' lang='lat'>-</span> <span class='ocrx_word' id='word_1_49' title='bbox 238 1294 364 1342; x_wconf 68' lang='lat' dir='ltr'><strong>apponere</strong></span> <span class='ocrx_word' id='word_1_50' title='bbox 380 1281 482 1344; x_wconf 76' lang='lat' dir='ltr'><strong>Fragm.</strong></span> <span class='ocrx_word' id='word_1_51' title='bbox 502 1281 700 1331; x_wconf 85' lang='lat' dir='ltr'><strong>Dommerichii.</strong></span> <span class='ocrx_word' id='word_1_52' title='bbox 721 1281 824 1342; x_wconf 82' lang='lat' dir='ltr'><strong>(Totum</strong></span> <span class='ocrx_word' id='word_1_53' title='bbox 841 1296 967 1343; x_wconf 82' lang='lat' dir='ltr'><strong>versum,</strong></span> <span class='ocrx_word' id='word_1_54' title='bbox 984 1287 1015 1334; x_wconf 91' lang='lat' dir='ltr'><strong>ut</strong></span> <span class='ocrx_word' id='word_1_55' title='bbox 1030 1298 1093 1344; x_wconf 88' lang='lat' dir='ltr'><strong>nos,</strong></span> <span class='ocrx_word' id='word_1_56' title='bbox 1111 1299 1157 1336; x_wconf 84' lang='lat' dir='ltr'><strong>ex·</strong></span> 
     </span>
     <span class='ocr_line' id='line_1_9' title="bbox 130 1354 984 1420; baseline 0.004 -16"><span class='ocrx_word' id='word_1_57' title='bbox 130 1355 225 1406; x_wconf 79' lang='lat' dir='ltr'><strong>hibent</strong></span> <span class='ocrx_word' id='word_1_58' title='bbox 242 1355 348 1420; x_wconf 86' lang='lat' dir='ltr'><strong>bSEcp;</strong></span> <span class='ocrx_word' id='word_1_59' title='bbox 366 1355 441 1405; x_wconf 82' lang='grc'><strong>444444</strong></span> <span class='ocrx_word' id='word_1_60' title='bbox 455 1354 538 1404; x_wconf 89' lang='lat' dir='ltr'><strong>habet</strong></span> <span class='ocrx_word' id='word_1_61' title='bbox 554 1355 635 1405; x_wconf 87' lang='lat' dir='ltr'><strong>etiam</strong></span> <span class='ocrx_word' id='word_1_62' title='bbox 653 1355 755 1417; x_wconf 83' lang='lat' dir='ltr'><strong>Fragm.</strong></span> <span class='ocrx_word' id='word_1_63' title='bbox 774 1356 984 1419; x_wconf 89' lang='lat' dir='ltr'><strong>Dommerichii.)</strong></span> 
     </span>
    </p>
   </div>
   <div class='ocr_carea' id='block_1_4' title="bbox 97 1492 1190 1706">
    <p class='ocr_par' dir='ltr' id='par_1_7' title="bbox 97 1492 1190 1706">
     <span class='ocr_line' id='line_1_10' title="bbox 97 1492 1190 1564; baseline 0.005 -19"><span class='ocrx_word' id='word_1_64' title='bbox 97 1508 127 1546; x_wconf 91' lang='lat' dir='ltr'><strong>re</strong></span> <span class='ocrx_word' id='word_1_65' title='bbox 145 1493 233 1545; x_wconf 84' lang='lat' dir='ltr'><strong>navali</strong></span> <span class='ocrx_word' id='word_1_66' title='bbox 251 1493 406 1558; x_wconf 78' lang='lat' dir='ltr'><strong>frequenter</strong></span> <span class='ocrx_word' id='word_1_67' title='bbox 419 1493 532 1558; x_wconf 87' lang='lat' dir='ltr'><strong>repetita</strong></span> <span class='ocrx_word' id='word_1_68' title='bbox 544 1494 625 1544; x_wconf 87' lang='lat' dir='ltr'><strong>etiam</strong></span> <span class='ocrx_word' id='word_1_69' title='bbox 664 1494 721 1543; x_wconf 89' lang='lat' dir='ltr'><strong>nori</strong></span> <span class='ocrx_word' id='word_1_70' title='bbox 738 1492 811 1557; x_wconf 77' lang='lat' dir='ltr'><strong>dare)</strong></span> <span class='ocrx_word' id='word_1_71' title='bbox 830 1497 910 1559; x_wconf 90' lang='lat' dir='ltr'><strong>atque</strong></span> <span class='ocrx_word' id='word_1_72' title='bbox 927 1499 1065 1560; x_wconf 68' lang='lat' dir='ltr'><strong>expendere</strong></span> <span class='ocrx_word' id='word_1_73' title='bbox 1083 1500 1190 1564; x_wconf 82' lang='lat' dir='ltr'><strong>(expen-</strong></span> 
     </span>
     <span class='ocr_line' id='line_1_11' title="bbox 97 1568 1190 1638; baseline 0.005 -19"><span class='ocrx_word' id='word_1_74' title='bbox 97 1568 170 1633; x_wconf 87' lang='lat' dir='ltr'><strong>apud</strong></span> <span class='ocrx_word' id='word_1_75' title='bbox 196 1581 293 1632; x_wconf 79' lang='lat' dir='ltr'><strong>prosae</strong></span> <span class='ocrx_word' id='word_1_76' title='bbox 321 1569 447 1618; x_wconf 87' lang='lat' dir='ltr'><strong>orationis</strong></span> <span class='ocrx_word' id='word_1_77' title='bbox 469 1568 624 1632; x_wconf 78' lang='lat' dir='ltr'><strong>scriptores.</strong></span> <span class='ocrx_word' id='word_1_78' title='bbox 663 1581 721 1619; x_wconf 89' lang='lat' dir='ltr'><strong>sam</strong></span> <span class='ocrx_word' id='word_1_79' title='bbox 739 1568 845 1633; x_wconf 75' lang='lat' dir='ltr'><strong>terrei.»</strong></span> <span class='ocrx_word' id='word_1_80' title='bbox 873 1573 981 1631; x_wconf 80' lang='lat' dir='ltr'><strong>Quoties</strong></span> <span class='ocrx_word' id='word_1_81' title='bbox 994 1574 1190 1638; x_wconf 85' lang='lat' dir='ltr'><strong>enimpecunia</strong></span> 
     </span>
     <span class='ocr_line' id='line_1_12' title="bbox 97 1643 1189 1706; baseline 0.005 -12"><span class='ocrx_word' id='word_1_82' title='bbox 97 1645 154 1694; x_wconf 87' lang='lat' dir='ltr'><strong>Cio.</strong></span> <span class='ocrx_word' id='word_1_83' title='bbox 167 1643 203 1694; x_wconf 91' lang='lat' dir='ltr'><strong>ad</strong></span> <span class='ocrx_word' id='word_1_84' title='bbox 214 1643 266 1693; x_wconf 83' lang='grc'><strong>444.</strong></span> <span class='ocrx_word' id='word_1_85' title='bbox 280 1643 311 1703; x_wconf 77' lang='grc'><strong>4,</strong></span> <span class='ocrx_word' id='word_1_86' title='bbox 325 1645 353 1704; x_wconf 99' lang='grc'><strong>4,</strong></span> <span class='ocrx_word' id='word_1_87' title='bbox 367 1643 395 1691; x_wconf 83' lang='lat'><strong>6:</strong></span> <span class='ocrx_word' id='word_1_88' title='bbox 415 1643 493 1705; x_wconf 81' lang='lat' dir='ltr'><strong>Quid,</strong></span> <span class='ocrx_word' id='word_1_89' title='bbox 512 1645 533 1691; x_wconf 81' lang='lat' dir='ltr'><strong>n·</strong></span> <span class='ocrx_word' id='word_1_90' title='bbox 550 1643 626 1692; x_wconf 85' lang='lat' dir='ltr'><strong>etium</strong></span> <span class='ocrx_word' id='word_1_91' title='bbox 664 1646 756 1693; x_wconf 87' lang='lat' dir='ltr'><strong>mutua</strong></span> <span class='ocrx_word' id='word_1_92' title='bbox 781 1643 908 1706; x_wconf 77' lang='lat' dir='ltr'><strong>dahewr,</strong></span> <span class='ocrx_word' id='word_1_93' title='bbox 942 1645 1059 1696; x_wconf 82' lang='lat' dir='ltr'><strong>creditor</strong></span> <span class='ocrx_word' id='word_1_94' title='bbox 1081 1649 1137 1699; x_wconf 89' lang='lat' dir='ltr'><strong>suls</strong></span> <span class='ocrx_word' id='word_1_95' title='bbox 1161 1649 1189 1699; x_wconf 90' lang='grc'><strong>44</strong></span> 
     </span>
    </p>
   </div>
   <div class='ocr_carea' id='block_1_5' title="bbox 97 1715 1280 1784">
    <p class='ocr_par' dir='ltr' id='par_1_8' title="bbox 97 1715 1280 1784">
     <span class='ocr_line' id='line_1_13' title="bbox 97 1715 1280 1784; baseline 0.014 -20"><span class='ocrx_word' id='word_1_96' title='bbox 97 1719 245 1779; x_wconf 59' lang='lat' dir='ltr'><strong>eameram</strong></span> <span class='ocrx_word' id='word_1_97' title='bbox 277 1719 348 1768; x_wconf 83' lang='grc'><strong>4444444</strong></span> <span class='ocrx_word' id='word_1_98' title='bbox 371 1732 438 1768; x_wconf 82' lang='lat' dir='ltr'><strong>nunc</strong></span> <span class='ocrx_word' id='word_1_99' title='bbox 462 1719 529 1768; x_wconf 83' lang='grc'><strong>4444444</strong></span> <span class='ocrx_word' id='word_1_100' title='bbox 553 1718 627 1768; x_wconf 82' lang='lat' dir='ltr'><strong>valde</strong></span> <span class='ocrx_word' id='word_1_101' title='bbox 663 1715 760 1767; x_wconf 86' lang='lat' dir='ltr'><strong>tabulis</strong></span> <span class='ocrx_word' id='word_1_102' title='bbox 785 1719 896 1781; x_wconf 83' lang='lat' dir='ltr'><strong>expensi</strong></span> <span class='ocrx_word' id='word_1_103' title='bbox 920 1721 948 1768; x_wconf 95' lang='lat' dir='ltr'><strong>et</strong></span> <span class='ocrx_word' id='word_1_104' title='bbox 969 1721 1073 1784; x_wconf 81' lang='lat' dir='ltr'><strong>accepti</strong></span> <span class='ocrx_word' id='word_1_105' title='bbox 1090 1735 1190 1774; x_wconf 87' lang='lat' dir='ltr'><strong>nomen</strong></span> <span class='ocrx_word' id='word_1_106' title='bbox 1276 1770 1280 1780; x_wconf 71' lang='lat'><strong>.</strong></span> 
     </span>
    </p>
   </div>
   <div class='ocr_carea' id='block_1_6' title="bbox 90 1791 1190 4308">
    <p class='ocr_par' dir='ltr' id='par_1_9' title="bbox 90 1791 1190 4308">
     <span class='ocr_line' id='line_1_14' title="bbox 95 1791 1190 1860; baseline 0.003 -17"><span class='ocrx_word' id='word_1_107' title='bbox 95 1799 155 1844; x_wconf 84' lang='grc'><strong>444444</strong></span> <span class='ocrx_word' id='word_1_108' title='bbox 170 1793 282 1854; x_wconf 70' lang='lat' dir='ltr'><strong>modi,</strong></span> <span class='ocrx_word' id='word_1_109' title='bbox 308 1793 384 1842; x_wconf 83' lang='lat' dir='ltr'><strong>reddo</strong></span> <span class='ocrx_word' id='word_1_110' title='bbox 400 1793 542 1855; x_wconf 83' lang='lat' dir='ltr'><strong>meliorem,</strong></span> <span class='ocrx_word' id='word_1_111' title='bbox 565 1805 626 1842; x_wconf 83' lang='lat' dir='ltr'><strong>num</strong></span> <span class='ocrx_word' id='word_1_112' title='bbox 664 1791 735 1851; x_wconf 85' lang='lat' dir='ltr'><strong>eius,</strong></span> <span class='ocrx_word' id='word_1_113' title='bbox 754 1792 797 1841; x_wconf 91' lang='lat' dir='ltr'><strong>cui</strong></span> <span class='ocrx_word' id='word_1_114' title='bbox 808 1792 950 1855; x_wconf 85' lang='lat' dir='ltr'><strong>pecuniam</strong></span> <span class='ocrx_word' id='word_1_115' title='bbox 962 1793 1056 1855; x_wconf 84' lang='lat' dir='ltr'><strong>dabat,</strong></span> <span class='ocrx_word' id='word_1_116' title='bbox 1075 1798 1190 1860; x_wconf 86' lang='lat' dir='ltr'><strong>perscri-</strong></span> 
     </span>
     <span class='ocr_line' id='line_1_15' title="bbox 96 1863 1189 1931; baseline 0.003 -13"><span class='ocrx_word' id='word_1_117' title='bbox 96 1867 296 1918; x_wconf 74' lang='lat' dir='ltr'><strong>tmtdernobstan</strong></span> <span class='ocrx_word' id='word_1_118' title='bbox 305 1865 487 1929; x_wconf 83' lang='lat' dir='ltr'><strong>reipublicae?</strong></span> <span class='ocrx_word' id='word_1_119' title='bbox 505 1867 543 1918; x_wconf 90' lang='lat' dir='ltr'><strong>Cl.</strong></span> <span class='ocrx_word' id='word_1_120' title='bbox 558 1867 623 1931; x_wconf 88' lang='lat' dir='ltr'><strong>Epp.</strong></span> <span class='ocrx_word' id='word_1_121' title='bbox 663 1863 754 1914; x_wconf 87' lang='lat' dir='ltr'><strong>bebat.</strong></span> <span class='ocrx_word' id='word_1_122' title='bbox 783 1865 847 1916; x_wconf 91' lang='lat' dir='ltr'><strong>lude</strong></span> <span class='ocrx_word' id='word_1_123' title='bbox 865 1880 954 1917; x_wconf 87' lang='lat' dir='ltr'><strong>nomen</strong></span> <span class='ocrx_word' id='word_1_124' title='bbox 970 1868 1189 1931; x_wconf 77' lang='lat' dir='ltr'><strong>significatetde·</strong></span> 
     </span>
     <span class='ocr_line' id='line_1_16' title="bbox 95 1937 1189 2006; baseline 0.002 -14"><span class='ocrx_word' id='word_1_125' title='bbox 95 1943 125 2005; x_wconf 78' lang='grc'><strong>4,</strong></span> <span class='ocrx_word' id='word_1_126' title='bbox 138 1943 169 2003; x_wconf 79' lang='lat'><strong>2,</strong></span> <span class='ocrx_word' id='word_1_127' title='bbox 182 1941 227 1992; x_wconf 80' lang='lat'><strong>20⁴</strong></span> <span class='ocrx_word' id='word_1_128' title='bbox 243 1953 285 2006; x_wconf 88' lang='lat' dir='ltr'><strong>sq.</strong></span> <span class='ocrx_word' id='word_1_129' title='bbox 662 1937 740 1988; x_wconf 87' lang='lat' dir='ltr'><strong>bitum</strong></span> <span class='ocrx_word' id='word_1_130' title='bbox 747 1940 919 1990; x_wconf 85' lang='lat' dir='ltr'><strong>etdebitorem.</strong></span> <span class='ocrx_word' id='word_1_131' title='bbox 932 1942 1189 2005; x_wconf 78' lang='lat' dir='ltr'><strong>lungoautemoren·</strong></span> 
     </span>
     <span class='ocr_line' id='line_1_17' title="bbox 130 2015 1186 2080; baseline 0.002 -15"><span class='ocrx_word' id='word_1_132' title='bbox 130 2015 254 2066; x_wconf 75' lang='lat' dir='ltr'><strong>tos-tou.</strong></span> <span class='ocrx_word' id='word_1_133' title='bbox 282 2016 374 2065; x_wconf 86' lang='grc'><strong>4444444</strong></span> <span class='ocrx_word' id='word_1_134' title='bbox 390 2015 452 2079; x_wconf 79' lang='grc'><strong>444]</strong></span> <span class='ocrx_word' id='word_1_135' title='bbox 474 2017 625 2066; x_wconf 77' lang='grc'><strong>444444444-</strong></span> <span class='ocrx_word' id='word_1_136' title='bbox 661 2026 715 2062; x_wconf 82' lang='lat' dir='ltr'><strong>mos</strong></span> <span class='ocrx_word' id='word_1_137' title='bbox 738 2020 825 2064; x_wconf 78' lang='lat' dir='ltr'><strong>cautos</strong></span> <span class='ocrx_word' id='word_1_138' title='bbox 845 2015 986 2066; x_wconf 70' lang='lat' dir='ltr'><strong>omninibus</strong></span> <span class='ocrx_word' id='word_1_139' title='bbox 1004 2018 1079 2066; x_wconf 85' lang='lat' dir='ltr'><strong>rectis</strong></span> <span class='ocrx_word' id='word_1_140' title='bbox 1095 2016 1186 2080; x_wconf 82' lang='lat' dir='ltr'><strong>ablat,</strong></span> 
     </span>
     <span class='ocr_line' id='line_1_18' title="bbox 96 2088 1190 2150; baseline -0.001 -8"><span class='ocrx_word' id='word_1_141' title='bbox 96 2105 159 2142; x_wconf 81' lang='lat' dir='ltr'><strong>mm</strong></span> <span class='ocrx_word' id='word_1_142' title='bbox 181 2091 273 2141; x_wconf 86' lang='lat' dir='ltr'><strong>contra</strong></span> <span class='ocrx_word' id='word_1_143' title='bbox 299 2089 333 2140; x_wconf 91' lang='lat' dir='ltr'><strong>ab</strong></span> <span class='ocrx_word' id='word_1_144' title='bbox 350 2089 452 2140; x_wconf 71' lang='lat' dir='ltr'><strong>aribus</strong></span> <span class='ocrx_word' id='word_1_145' title='bbox 469 2088 624 2140; x_wconf 80' lang='lat' dir='ltr'><strong>liberalibus</strong></span> <span class='ocrx_word' id='word_1_146' title='bbox 662 2101 715 2137; x_wconf 90' lang='lat' dir='ltr'><strong>uon</strong></span> <span class='ocrx_word' id='word_1_147' title='bbox 728 2089 867 2150; x_wconf 73' lang='grc'><strong>4444444444</strong></span> <span class='ocrx_word' id='word_1_148' title='bbox 874 2090 1015 2140; x_wconf 77' lang='lat' dir='ltr'><strong>nominibus</strong></span> <span class='ocrx_word' id='word_1_149' title='bbox 1022 2090 1103 2141; x_wconf 85' lang='lat' dir='ltr'><strong>dativ.</strong></span> <span class='ocrx_word' id='word_1_150' title='bbox 1121 2091 1190 2141; x_wconf 78' lang='lat' dir='ltr'><strong>Scri-</strong></span> 
     </span>
     <span class='ocr_line' id='line_1_19' title="bbox 95 2163 1187 2231; baseline 0 -15"><span class='ocrx_word' id='word_1_151' title='bbox 95 2167 216 2231; x_wconf 90' lang='lat' dir='ltr'><strong>primum</strong></span> <span class='ocrx_word' id='word_1_152' title='bbox 241 2175 397 2215; x_wconf 82' lang='lat' dir='ltr'><strong>aversorum</strong></span> <span class='ocrx_word' id='word_1_153' title='bbox 422 2165 490 2214; x_wconf 88' lang='lat' dir='ltr'><strong>haec</strong></span> <span class='ocrx_word' id='word_1_154' title='bbox 518 2163 625 2214; x_wconf 82' lang='lat' dir='ltr'><strong>luerunt</strong></span> <span class='ocrx_word' id='word_1_155' title='bbox 658 2167 715 2225; x_wconf 85' lang='lat' dir='ltr'><strong>ptos</strong></span> <span class='ocrx_word' id='word_1_156' title='bbox 731 2166 773 2213; x_wconf 88' lang='lat' dir='ltr'><strong>est</strong></span> <span class='ocrx_word' id='word_1_157' title='bbox 789 2163 831 2214; x_wconf 86' lang='lat' dir='ltr'><strong>vel</strong></span> <span class='ocrx_word' id='word_1_158' title='bbox 848 2163 928 2228; x_wconf 80' lang='lat' dir='ltr'><strong>gloss.</strong></span> <span class='ocrx_word' id='word_1_159' title='bbox 946 2165 999 2215; x_wconf 91' lang='lat' dir='ltr'><strong>lCti</strong></span> <span class='ocrx_word' id='word_1_160' title='bbox 1016 2163 1127 2216; x_wconf 88' lang='lat' dir='ltr'><strong>alicuius</strong></span> <span class='ocrx_word' id='word_1_161' title='bbox 1144 2165 1187 2216; x_wconf 87' lang='lat' dir='ltr'><strong>vel</strong></span> 
     </span>
     <span class='ocr_line' id='line_1_20' title="bbox 96 2236 1188 2304; baseline -0.001 -14"><span class='ocrx_word' id='word_1_162' title='bbox 96 2240 242 2304; x_wconf 88' lang='lat' dir='ltr'><strong>praecipua</strong></span> <span class='ocrx_word' id='word_1_163' title='bbox 259 2239 366 2289; x_wconf 80' lang='lat' dir='ltr'><strong>studia»</strong></span> <span class='ocrx_word' id='word_1_164' title='bbox 384 2239 437 2288; x_wconf 89' lang='lat' dir='ltr'><strong>cet.</strong></span> <span class='ocrx_word' id='word_1_165' title='bbox 461 2237 579 2288; x_wconf 72' lang='grc'><strong>(14444.</strong></span> <span class='ocrx_word' id='word_1_166' title='bbox 594 2239 622 2287; x_wconf 89' lang='lat' dir='ltr'><strong>P.</strong></span> <span class='ocrx_word' id='word_1_167' title='bbox 662 2249 754 2286; x_wconf 86' lang='lat' dir='ltr'><strong>errore</strong></span> <span class='ocrx_word' id='word_1_168' title='bbox 771 2239 860 2287; x_wconf 91' lang='lat' dir='ltr'><strong>ortum</strong></span> <span class='ocrx_word' id='word_1_169' title='bbox 877 2250 909 2287; x_wconf 84' lang='lat' dir='ltr'><strong>ex</strong></span> <span class='ocrx_word' id='word_1_170' title='bbox 924 2236 1004 2301; x_wconf 79' lang='lat' dir='ltr'><strong>gloss.</strong></span> <span class='ocrx_word' id='word_1_171' title='bbox 1016 2241 1108 2302; x_wconf 78' lang='lat' dir='ltr'><strong>scripto</strong></span> <span class='ocrx_word' id='word_1_172' title='bbox 1121 2240 1188 2303; x_wconf 86' lang='lat' dir='ltr'><strong>(chi-</strong></span> 
     </span>
     <span class='ocr_line' id='line_1_21' title="bbox 97 2311 1187 2378; baseline -0.001 -13"><span class='ocrx_word' id='word_1_173' title='bbox 97 2315 146 2365; x_wconf 75' lang='grc'><strong>343</strong></span> <span class='ocrx_word' id='word_1_174' title='bbox 159 2326 220 2378; x_wconf 85' lang='lat' dir='ltr'><strong>sqq.</strong></span> <span class='ocrx_word' id='word_1_175' title='bbox 236 2339 263 2348; x_wconf 95' lang='lat'>—</span> <span class='ocrx_word' id='word_1_176' title='bbox 276 2313 399 2377; x_wconf 82' lang='grc'><strong>4444444444]</strong></span> <span class='ocrx_word' id='word_1_177' title='bbox 416 2312 623 2372; x_wconf 75' lang='grc'><strong>44444444444444</strong></span> <span class='ocrx_word' id='word_1_178' title='bbox 661 2311 818 2375; x_wconf 78' lang='lat' dir='ltr'><strong>rographo);</strong></span> <span class='ocrx_word' id='word_1_179' title='bbox 845 2314 919 2361; x_wconf 77' lang='lat' dir='ltr'><strong>certis</strong></span> <span class='ocrx_word' id='word_1_180' title='bbox 943 2314 1035 2364; x_wconf 85' lang='grc'><strong>444444</strong></span> <span class='ocrx_word' id='word_1_181' title='bbox 1057 2312 1187 2365; x_wconf 87' lang='lat' dir='ltr'><strong>substitu-</strong></span> 
     </span>
     <span class='ocr_line' id='line_1_22' title="bbox 95 2385 1186 2448; baseline -0.001 -8"><span class='ocrx_word' id='word_1_182' title='bbox 95 2390 251 2440; x_wconf 76' lang='lat' dir='ltr'><strong>usitatum·</strong></span> <span class='ocrx_word' id='word_1_183' title='bbox 276 2389 359 2438; x_wconf 77' lang='lat' dir='ltr'><strong>Coss.</strong></span> <span class='ocrx_word' id='word_1_184' title='bbox 380 2388 458 2445; x_wconf 79' lang='lat' dir='ltr'><strong>Cruo.</strong></span> <span class='ocrx_word' id='word_1_185' title='bbox 497 2389 624 2438; x_wconf 88' lang='lat' dir='ltr'><strong>Ceterum</strong></span> <span class='ocrx_word' id='word_1_186' title='bbox 663 2388 718 2435; x_wconf 92' lang='lat' dir='ltr'><strong>tum</strong></span> <span class='ocrx_word' id='word_1_187' title='bbox 736 2385 832 2448; x_wconf 88' lang='lat' dir='ltr'><strong>abiis,</strong></span> <span class='ocrx_word' id='word_1_188' title='bbox 851 2387 896 2448; x_wconf 88' lang='lat' dir='ltr'><strong>qui</strong></span> <span class='ocrx_word' id='word_1_189' title='bbox 913 2401 939 2436; x_wconf 83' lang='lat' dir='ltr'><strong>v.</strong></span> <span class='ocrx_word' id='word_1_190' title='bbox 952 2386 1027 2436; x_wconf 80' lang='lat' dir='ltr'><strong>iectis</strong></span> <span class='ocrx_word' id='word_1_191' title='bbox 1038 2387 1111 2438; x_wconf 90' lang='lat' dir='ltr'><strong>haud</strong></span> <span class='ocrx_word' id='word_1_192' title='bbox 1122 2389 1186 2439; x_wconf 88' lang='lat' dir='ltr'><strong>satis</strong></span> 
     </span>
     <span class='ocr_line' id='line_1_23' title="bbox 96 2458 1188 2526; baseline -0.002 -12"><span class='ocrx_word' id='word_1_193' title='bbox 96 2465 165 2514; x_wconf 87' lang='lat' dir='ltr'><strong>haec</strong></span> <span class='ocrx_word' id='word_1_194' title='bbox 181 2463 312 2526; x_wconf 78' lang='lat' dir='ltr'><strong>scripture</strong></span> <span class='ocrx_word' id='word_1_195' title='bbox 325 2461 457 2526; x_wconf 88' lang='lat' dir='ltr'><strong>reperitur</strong></span> <span class='ocrx_word' id='word_1_196' title='bbox 468 2461 494 2510; x_wconf 91' lang='grc'><strong>44</strong></span> <span class='ocrx_word' id='word_1_197' title='bbox 506 2459 624 2524; x_wconf 86' lang='lat' dir='ltr'><strong>reliquiis</strong></span> <span class='ocrx_word' id='word_1_198' title='bbox 662 2458 850 2523; x_wconf 85' lang='lat' dir='ltr'><strong>intelligerent;</strong></span> <span class='ocrx_word' id='word_1_199' title='bbox 877 2473 972 2511; x_wconf 85' lang='lat' dir='ltr'><strong>verum</strong></span> <span class='ocrx_word' id='word_1_200' title='bbox 989 2463 1063 2512; x_wconf 78' lang='lat' dir='ltr'><strong>certis</strong></span> <span class='ocrx_word' id='word_1_201' title='bbox 1077 2463 1188 2512; x_wconf 83' lang='grc'><strong>4444444444-</strong></span> 
     </span>
     <span class='ocr_line' id='line_1_24' title="bbox 95 2533 1186 2601; baseline -0.002 -13"><span class='ocrx_word' id='word_1_202' title='bbox 95 2537 277 2601; x_wconf 88' lang='lat' dir='ltr'><strong>lnscriptionis</strong></span> <span class='ocrx_word' id='word_1_203' title='bbox 288 2535 438 2596; x_wconf 75' lang='lat' dir='ltr'><strong>vaticanos,</strong></span> <span class='ocrx_word' id='word_1_204' title='bbox 454 2535 488 2585; x_wconf 86' lang='lat' dir='ltr'><strong>ad</strong></span> <span class='ocrx_word' id='word_1_205' title='bbox 502 2538 622 2601; x_wconf 86' lang='lat' dir='ltr'><strong>tempora</strong></span> <span class='ocrx_word' id='word_1_206' title='bbox 661 2533 705 2582; x_wconf 79' lang='grc'><strong>444</strong></span> <span class='ocrx_word' id='word_1_207' title='bbox 723 2537 812 2584; x_wconf 89' lang='lat' dir='ltr'><strong>esset:</strong></span> <span class='ocrx_word' id='word_1_208' title='bbox 839 2537 969 2598; x_wconf 82' lang='lat' dir='ltr'><strong>«propter</strong></span> <span class='ocrx_word' id='word_1_209' title='bbox 986 2538 1074 2585; x_wconf 85' lang='lat' dir='ltr'><strong>certas</strong></span> <span class='ocrx_word' id='word_1_210' title='bbox 1091 2549 1186 2586; x_wconf 86' lang='lat' dir='ltr'><strong>causas</strong></span> 
     </span>
     <span class='ocr_line' id='line_1_25' title="bbox 95 2608 1186 2674; baseline -0.001 -14"><span class='ocrx_word' id='word_1_211' title='bbox 95 2611 196 2662; x_wconf 77' lang='lat' dir='ltr'><strong>ueteris</strong></span> <span class='ocrx_word' id='word_1_212' title='bbox 208 2612 247 2660; x_wconf 90' lang='lat' dir='ltr'><strong>rei</strong></span> <span class='ocrx_word' id='word_1_213' title='bbox 259 2609 381 2674; x_wconf 88' lang='lat' dir='ltr'><strong>publicae</strong></span> <span class='ocrx_word' id='word_1_214' title='bbox 393 2611 560 2672; x_wconf 78' lang='lat' dir='ltr'><strong>referendae,</strong></span> <span class='ocrx_word' id='word_1_215' title='bbox 576 2611 623 2662; x_wconf 90' lang='lat' dir='ltr'><strong>ubi</strong></span> <span class='ocrx_word' id='word_1_216' title='bbox 661 2620 683 2658; x_wconf 89' lang='lat' dir='ltr'><strong>s.</strong></span> <span class='ocrx_word' id='word_1_217' title='bbox 702 2609 844 2658; x_wconf 79' lang='lat' dir='ltr'><strong>rationes·</strong></span> <span class='ocrx_word' id='word_1_218' title='bbox 865 2608 917 2658; x_wconf 85' lang='lat' dir='ltr'><strong>Clr.</strong></span> <span class='ocrx_word' id='word_1_219' title='bbox 931 2609 985 2659; x_wconf 85' lang='lat' dir='ltr'><strong>Cic.</strong></span> <span class='ocrx_word' id='word_1_220' title='bbox 1002 2623 1052 2673; x_wconf 90' lang='lat' dir='ltr'><strong>pro</strong></span> <span class='ocrx_word' id='word_1_221' title='bbox 1065 2610 1186 2669; x_wconf 85' lang='lat' dir='ltr'><strong>Quinctio</strong></span> 
     </span>
     <span class='ocr_line' id='line_1_26' title="bbox 95 2680 1187 2748; baseline -0.004 -12"><span class='ocrx_word' id='word_1_222' title='bbox 95 2688 145 2736; x_wconf 88' lang='lat' dir='ltr'><strong>est:</strong></span> <span class='ocrx_word' id='word_1_223' title='bbox 156 2685 211 2736; x_wconf 75' lang='lat' dir='ltr'><strong>rur</strong></span> <span class='ocrx_word' id='word_1_224' title='bbox 214 2683 621 2748; x_wconf 74' lang='lat' dir='ltr'><strong>VS.801.rar1NES.(orut.iea,</strong></span> <span class='ocrx_word' id='word_1_225' title='bbox 662 2682 706 2743; x_wconf 89' lang='grc'><strong>44,</strong></span> <span class='ocrx_word' id='word_1_226' title='bbox 725 2683 771 2732; x_wconf 83' lang='lat'><strong>38:</strong></span> <span class='ocrx_word' id='word_1_227' title='bbox 805 2682 850 2742; x_wconf 88' lang='lat' dir='ltr'><strong>qui</strong></span> <span class='ocrx_word' id='word_1_228' title='bbox 873 2680 932 2741; x_wconf 85' lang='lat' dir='ltr'><strong>tibi,</strong></span> <span class='ocrx_word' id='word_1_229' title='bbox 957 2687 986 2731; x_wconf 81' lang='lat' dir='ltr'><strong>nt</strong></span> <span class='ocrx_word' id='word_1_230' title='bbox 1010 2684 1060 2744; x_wconf 77' lang='lat' dir='ltr'><strong>oie,</strong></span> <span class='ocrx_word' id='word_1_231' title='bbox 1087 2683 1187 2732; x_wconf 85' lang='lat' dir='ltr'><strong>certis</strong></span> 
     </span>
     <span class='ocr_line' id='line_1_27' title="bbox 94 2755 1187 2823; baseline -0.004 -14"><span class='ocrx_word' id='word_1_232' title='bbox 94 2761 128 2822; x_wconf 82' lang='lat'><strong>7.)</strong></span> <span class='ocrx_word' id='word_1_233' title='bbox 143 2758 267 2823; x_wconf 80' lang='lat' dir='ltr'><strong>-llenel</strong></span> <span class='ocrx_word' id='word_1_234' title='bbox 286 2761 338 2809; x_wconf 87' lang='lat' dir='ltr'><strong>Set.</strong></span> <span class='ocrx_word' id='word_1_235' title='bbox 354 2761 377 2820; x_wconf 90' lang='grc'><strong>4,</strong></span> <span class='ocrx_word' id='word_1_236' title='bbox 396 2761 420 2820; x_wconf 93' lang='grc'><strong>4,</strong></span> <span class='ocrx_word' id='word_1_237' title='bbox 435 2761 482 2809; x_wconf 84' lang='lat' dir='ltr'><strong>ib:</strong></span> <span class='ocrx_word' id='word_1_238' title='bbox 501 2760 553 2809; x_wconf 83' lang='lat' dir='ltr'><strong>Sub</strong></span> <span class='ocrx_word' id='word_1_239' title='bbox 560 2760 623 2823; x_wconf 69' lang='grc'><strong>944444·</strong></span> <span class='ocrx_word' id='word_1_240' title='bbox 660 2755 844 2805; x_wconf 72' lang='lat' dir='ltr'><strong>nominibus</strong></span> <span class='ocrx_word' id='word_1_241' title='bbox 860 2756 982 2817; x_wconf 73' lang='grc'><strong>4444444444</strong></span> <span class='ocrx_word' id='word_1_242' title='bbox 996 2757 1130 2818; x_wconf 71' lang='lat' dir='ltr'><strong>pamniam</strong></span> <span class='ocrx_word' id='word_1_243' title='bbox 1146 2757 1187 2807; x_wconf 85' lang='lat' dir='ltr'><strong>de·</strong></span> 
     </span>
     <span class='ocr_line' id='line_1_28' title="bbox 94 2829 1184 2895; baseline -0.002 -13"><span class='ocrx_word' id='word_1_244' title='bbox 94 2839 198 2884; x_wconf 79' lang='grc'><strong>4444444444</strong></span> <span class='ocrx_word' id='word_1_245' title='bbox 212 2834 338 2884; x_wconf 82' lang='grc'><strong>4444444444·</strong></span> <span class='ocrx_word' id='word_1_246' title='bbox 347 2833 390 2882; x_wconf 86' lang='lat' dir='ltr'><strong>ubi</strong></span> <span class='ocrx_word' id='word_1_247' title='bbox 407 2834 472 2882; x_wconf 81' lang='lat' dir='ltr'><strong>ostio</strong></span> <span class='ocrx_word' id='word_1_248' title='bbox 485 2835 579 2895; x_wconf 65' lang='grc'><strong>44444444.</strong></span> <span class='ocrx_word' id='word_1_249' title='bbox 594 2861 620 2870; x_wconf 93' lang='grc'>-</span> <span class='ocrx_word' id='word_1_250' title='bbox 660 2829 719 2880; x_wconf 87' lang='lat' dir='ltr'><strong>buit.</strong></span> <span class='ocrx_word' id='word_1_251' title='bbox 741 2831 820 2893; x_wconf 84' lang='lat' dir='ltr'><strong>(Lect.</strong></span> <span class='ocrx_word' id='word_1_252' title='bbox 834 2830 938 2892; x_wconf 79' lang='lat' dir='ltr'><strong>Fragm.</strong></span> <span class='ocrx_word' id='word_1_253' title='bbox 952 2829 1018 2879; x_wconf 84' lang='lat' dir='ltr'><strong>Cod.</strong></span> <span class='ocrx_word' id='word_1_254' title='bbox 1031 2831 1184 2881; x_wconf 77' lang='grc'><strong>4444444444-</strong></span> 
     </span>
     <span class='ocr_line' id='line_1_29' title="bbox 94 2901 1186 2972; baseline -0.005 -14"><span class='ocrx_word' id='word_1_255' title='bbox 94 2909 180 2959; x_wconf 83' lang='grc'><strong>44444444</strong></span> <span class='ocrx_word' id='word_1_256' title='bbox 204 2921 322 2971; x_wconf 78' lang='lat' dir='ltr'><strong>proruere</strong></span> <span class='ocrx_word' id='word_1_257' title='bbox 348 2907 421 2971; x_wconf 83' lang='lat' dir='ltr'><strong>iuro]</strong></span> <span class='ocrx_word' id='word_1_258' title='bbox 449 2907 534 2958; x_wconf 81' lang='lat' dir='ltr'><strong>seusu</strong></span> <span class='ocrx_word' id='word_1_259' title='bbox 558 2921 623 2972; x_wconf 89' lang='lat' dir='ltr'><strong>pro·</strong></span> <span class='ocrx_word' id='word_1_260' title='bbox 661 2904 725 2963; x_wconf 90' lang='lat' dir='ltr'><strong>chii,</strong></span> <span class='ocrx_word' id='word_1_261' title='bbox 744 2916 827 2967; x_wconf 90' lang='lat' dir='ltr'><strong>quem</strong></span> <span class='ocrx_word' id='word_1_262' title='bbox 844 2903 888 2952; x_wconf 91' lang='lat' dir='ltr'><strong>hic</strong></span> <span class='ocrx_word' id='word_1_263' title='bbox 904 2901 999 2953; x_wconf 87' lang='lat' dir='ltr'><strong>seculo</strong></span> <span class='ocrx_word' id='word_1_264' title='bbox 1018 2903 1072 2954; x_wconf 86' lang='lat' dir='ltr'><strong>Xll.</strong></span> <span class='ocrx_word' id='word_1_265' title='bbox 1091 2916 1186 2953; x_wconf 84' lang='lat' dir='ltr'><strong>exera-</strong></span> 
     </span>
     <span class='ocr_line' id='line_1_30' title="bbox 93 2977 1186 3047; baseline -0.004 -15"><span class='ocrx_word' id='word_1_266' title='bbox 93 2984 153 3047; x_wconf 89' lang='lat' dir='ltr'><strong>prio</strong></span> <span class='ocrx_word' id='word_1_267' title='bbox 165 2980 352 3046; x_wconf 86' lang='lat' dir='ltr'><strong>accipiendum</strong></span> <span class='ocrx_word' id='word_1_268' title='bbox 368 2994 444 3032; x_wconf 87' lang='lat' dir='ltr'><strong>reor:</strong></span> <span class='ocrx_word' id='word_1_269' title='bbox 463 2980 566 3032; x_wconf 79' lang='lat' dir='ltr'><strong>«clienti</strong></span> <span class='ocrx_word' id='word_1_270' title='bbox 578 2995 623 3045; x_wconf 84' lang='lat' dir='ltr'><strong>pa·</strong></span> <span class='ocrx_word' id='word_1_271' title='bbox 660 2980 716 3027; x_wconf 88' lang='lat' dir='ltr'><strong>tum</strong></span> <span class='ocrx_word' id='word_1_272' title='bbox 735 2990 796 3028; x_wconf 88' lang='lat' dir='ltr'><strong>esse</strong></span> <span class='ocrx_word' id='word_1_273' title='bbox 813 2979 929 3041; x_wconf 88' lang='lat' dir='ltr'><strong>putavit,</strong></span> <span class='ocrx_word' id='word_1_274' title='bbox 950 2978 977 3027; x_wconf 92' lang='grc'><strong>44</strong></span> <span class='ocrx_word' id='word_1_275' title='bbox 994 2977 1186 3042; x_wconf 84' lang='lat' dir='ltr'><strong>scriptiuncula</strong></span> 
     </span>
     <span class='ocr_line' id='line_1_31' title="bbox 93 3050 1186 3121; baseline -0.001 -15"><span class='ocrx_word' id='word_1_276' title='bbox 93 3059 204 3106; x_wconf 74' lang='lat' dir='ltr'><strong>honum</strong></span> <span class='ocrx_word' id='word_1_277' title='bbox 222 3054 368 3106; x_wconf 82' lang='lat' dir='ltr'><strong>consulenti</strong></span> <span class='ocrx_word' id='word_1_278' title='bbox 386 3054 420 3105; x_wconf 91' lang='lat' dir='ltr'><strong>de</strong></span> <span class='ocrx_word' id='word_1_279' title='bbox 438 3056 494 3105; x_wconf 92' lang='lat' dir='ltr'><strong>iure</strong></span> <span class='ocrx_word' id='word_1_280' title='bbox 509 3068 623 3121; x_wconf 86' lang='lat' dir='ltr'><strong>respon·</strong></span> <span class='ocrx_word' id='word_1_281' title='bbox 661 3050 816 3102; x_wconf 85' lang='lat' dir='ltr'><strong>llelmstadii</strong></span> <span class='ocrx_word' id='word_1_282' title='bbox 834 3053 907 3102; x_wconf 79' lang='grc'><strong>4459.</strong></span> <span class='ocrx_word' id='word_1_283' title='bbox 926 3052 996 3102; x_wconf 87' lang='lat' dir='ltr'><strong>edita</strong></span> <span class='ocrx_word' id='word_1_284' title='bbox 1015 3055 1046 3115; x_wconf 87' lang='lat' dir='ltr'><strong>et</strong></span> <span class='ocrx_word' id='word_1_285' title='bbox 1058 3055 1186 3119; x_wconf 76' lang='lat' dir='ltr'><strong>excerpto</strong></span> 
     </span>
     <span class='ocr_line' id='line_1_32' title="bbox 94 3126 1184 3192; baseline -0.002 -12"><span class='ocrx_word' id='word_1_286' title='bbox 94 3130 160 3180; x_wconf 91' lang='lat' dir='ltr'><strong>dere</strong></span> <span class='ocrx_word' id='word_1_287' title='bbox 178 3127 304 3192; x_wconf 88' lang='lat' dir='ltr'><strong>utiliaque</strong></span> <span class='ocrx_word' id='word_1_288' title='bbox 322 3128 429 3179; x_wconf 90' lang='lat' dir='ltr'><strong>consilia</strong></span> <span class='ocrx_word' id='word_1_289' title='bbox 447 3129 521 3190; x_wconf 91' lang='lat' dir='ltr'><strong>dare,</strong></span> <span class='ocrx_word' id='word_1_290' title='bbox 539 3131 623 3180; x_wconf 88' lang='lat' dir='ltr'><strong>inter·</strong></span> <span class='ocrx_word' id='word_1_291' title='bbox 660 3128 687 3176; x_wconf 89' lang='grc'><strong>44</strong></span> <span class='ocrx_word' id='word_1_292' title='bbox 704 3126 827 3176; x_wconf 88' lang='lat' dir='ltr'><strong>Seebodc</strong></span> <span class='ocrx_word' id='word_1_293' title='bbox 844 3127 910 3176; x_wconf 85' lang='lat' dir='ltr'><strong>Krit.</strong></span> <span class='ocrx_word' id='word_1_294' title='bbox 922 3127 985 3177; x_wconf 83' lang='lat' dir='ltr'><strong>Bibi.</strong></span> <span class='ocrx_word' id='word_1_295' title='bbox 1000 3127 1072 3178; x_wconf 83' lang='lat' dir='ltr'><strong>tsaa.</strong></span> <span class='ocrx_word' id='word_1_296' title='bbox 1086 3142 1113 3192; x_wconf 92' lang='lat' dir='ltr'><strong>p.</strong></span> <span class='ocrx_word' id='word_1_297' title='bbox 1127 3128 1184 3179; x_wconf 84' lang='grc'><strong>469.</strong></span> 
     </span>
     <span class='ocr_line' id='line_1_33' title="bbox 94 3201 1187 3267; baseline -0.003 -11"><span class='ocrx_word' id='word_1_298' title='bbox 94 3204 160 3256; x_wconf 88' lang='lat' dir='ltr'><strong>dum</strong></span> <span class='ocrx_word' id='word_1_299' title='bbox 178 3205 260 3254; x_wconf 84' lang='lat' dir='ltr'><strong>etism</strong></span> <span class='ocrx_word' id='word_1_300' title='bbox 276 3201 335 3254; x_wconf 85' lang='lat' dir='ltr'><strong>lites</strong></span> <span class='ocrx_word' id='word_1_301' title='bbox 350 3205 419 3253; x_wconf 89' lang='lat' dir='ltr'><strong>inter</strong></span> <span class='ocrx_word' id='word_1_302' title='bbox 430 3202 499 3254; x_wconf 87' lang='lat' dir='ltr'><strong>duos</strong></span> <span class='ocrx_word' id='word_1_303' title='bbox 512 3201 622 3254; x_wconf 87' lang='lat' dir='ltr'><strong>clientes</strong></span> <span class='ocrx_word' id='word_1_304' title='bbox 660 3201 723 3250; x_wconf 88' lang='lat' dir='ltr'><strong>mihi</strong></span> <span class='ocrx_word' id='word_1_305' title='bbox 737 3203 829 3251; x_wconf 88' lang='lat' dir='ltr'><strong>contra</strong></span> <span class='ocrx_word' id='word_1_306' title='bbox 842 3213 922 3265; x_wconf 88' lang='lat' dir='ltr'><strong>quam</strong></span> <span class='ocrx_word' id='word_1_307' title='bbox 934 3203 953 3251; x_wconf 91' lang='lat'><strong>1.</strong></span> <span class='ocrx_word' id='word_1_308' title='bbox 967 3203 1009 3252; x_wconf 86' lang='lat' dir='ltr'><strong>Fr.</strong></span> <span class='ocrx_word' id='word_1_309' title='bbox 1021 3203 1187 3267; x_wconf 79' lang='lat' dir='ltr'><strong>Heusingero</strong></span> 
     </span>
     <span class='ocr_line' id='line_1_34' title="bbox 94 3275 1186 3341; baseline 0 -13"><span class='ocrx_word' id='word_1_310' title='bbox 94 3280 167 3328; x_wconf 87' lang='lat' dir='ltr'><strong>ortas</strong></span> <span class='ocrx_word' id='word_1_311' title='bbox 185 3275 357 3328; x_wconf 61' lang='lat' dir='ltr'><strong>diiudicarent</strong></span> <span class='ocrx_word' id='word_1_312' title='bbox 376 3276 424 3326; x_wconf 93' lang='lat' dir='ltr'><strong>0d.</strong></span> <span class='ocrx_word' id='word_1_313' title='bbox 438 3276 462 3336; x_wconf 83' lang='lat'><strong>3,</strong></span> <span class='ocrx_word' id='word_1_314' title='bbox 478 3279 503 3338; x_wconf 80' lang='lat' dir='ltr'><strong>d,</strong></span> <span class='ocrx_word' id='word_1_315' title='bbox 516 3276 547 3326; x_wconf 82' lang='grc'><strong>443</strong></span> <span class='ocrx_word' id='word_1_316' title='bbox 559 3289 619 3341; x_wconf 87' lang='lat' dir='ltr'><strong>sqq.</strong></span> <span class='ocrx_word' id='word_1_317' title='bbox 660 3288 748 3339; x_wconf 87' lang='lat' dir='ltr'><strong>neque</strong></span> <span class='ocrx_word' id='word_1_318' title='bbox 773 3277 873 3326; x_wconf 79' lang='lat' dir='ltr'><strong>Horatii</strong></span> <span class='ocrx_word' id='word_1_319' title='bbox 897 3288 1007 3339; x_wconf 88' lang='lat' dir='ltr'><strong>manus,</strong></span> <span class='ocrx_word' id='word_1_320' title='bbox 1034 3291 1085 3328; x_wconf 90' lang='lat' dir='ltr'><strong>nec</strong></span> <span class='ocrx_word' id='word_1_321' title='bbox 1108 3279 1186 3328; x_wconf 86' lang='lat' dir='ltr'><strong>docta</strong></span> 
     </span>
     <span class='ocr_line' id='line_1_35' title="bbox 96 3349 1186 3415; baseline -0.003 -11"><span class='ocrx_word' id='word_1_322' title='bbox 96 3379 121 3389; x_wconf 95' lang='lat'>-</span> <span class='ocrx_word' id='word_1_323' title='bbox 152 3352 258 3413; x_wconf 81' lang='grc'><strong>0444444]</strong></span> <span class='ocrx_word' id='word_1_324' title='bbox 293 3364 362 3415; x_wconf 80' lang='grc'><strong>«444</strong></span> <span class='ocrx_word' id='word_1_325' title='bbox 387 3351 620 3414; x_wconf 77' lang='lat' dir='ltr'><strong>chirographum.»</strong></span> <span class='ocrx_word' id='word_1_326' title='bbox 659 3349 840 3414; x_wconf 88' lang='lat' dir='ltr'><strong>interpolatio,</strong></span> <span class='ocrx_word' id='word_1_327' title='bbox 859 3350 908 3400; x_wconf 87' lang='lat' dir='ltr'><strong>sed</strong></span> <span class='ocrx_word' id='word_1_328' title='bbox 925 3350 1048 3401; x_wconf 84' lang='lat' dir='ltr'><strong>fortuitus</strong></span> <span class='ocrx_word' id='word_1_329' title='bbox 1062 3354 1186 3402; x_wconf 75' lang='grc'><strong>4444444-</strong></span> 
     </span>
     <span class='ocr_line' id='line_1_36' title="bbox 93 3423 1184 3487; baseline -0.002 -9"><span class='ocrx_word' id='word_1_330' title='bbox 93 3426 180 3478; x_wconf 85' lang='lat' dir='ltr'><strong>Gloss.</strong></span> <span class='ocrx_word' id='word_1_331' title='bbox 195 3425 301 3476; x_wconf 88' lang='lat' dir='ltr'><strong>Codicis</strong></span> <span class='ocrx_word' id='word_1_332' title='bbox 313 3427 342 3476; x_wconf 86' lang='lat' dir='ltr'><strong>E.</strong></span> <span class='ocrx_word' id='word_1_333' title='bbox 371 3423 623 3476; x_wconf 83' lang='lat' dir='ltr'><strong>Formularumser·</strong></span> <span class='ocrx_word' id='word_1_334' title='bbox 659 3426 755 3485; x_wconf 71' lang='lat' dir='ltr'><strong>detur,</strong></span> <span class='ocrx_word' id='word_1_335' title='bbox 782 3425 834 3474; x_wconf 89' lang='grc'><strong>4444</strong></span> <span class='ocrx_word' id='word_1_336' title='bbox 859 3424 910 3474; x_wconf 91' lang='lat' dir='ltr'><strong>hoc</strong></span> <span class='ocrx_word' id='word_1_337' title='bbox 932 3438 1055 3487; x_wconf 75' lang='lat' dir='ltr'><strong>seponere</strong></span> <span class='ocrx_word' id='word_1_338' title='bbox 1074 3424 1184 3476; x_wconf 82' lang='lat' dir='ltr'><strong>firmare</strong></span> 
     </span>
     <span class='ocr_line' id='line_1_37' title="bbox 92 3496 1182 3566; baseline -0.005 -14"><span class='ocrx_word' id='word_1_339' title='bbox 92 3514 175 3552; x_wconf 86' lang='lat' dir='ltr'><strong>mone</strong></span> <span class='ocrx_word' id='word_1_340' title='bbox 192 3513 325 3566; x_wconf 90' lang='lat' dir='ltr'><strong>perquam</strong></span> <span class='ocrx_word' id='word_1_341' title='bbox 344 3500 410 3550; x_wconf 88' lang='lat' dir='ltr'><strong>scite</strong></span> <span class='ocrx_word' id='word_1_342' title='bbox 428 3499 471 3549; x_wconf 92' lang='lat' dir='ltr'><strong>hic</strong></span> <span class='ocrx_word' id='word_1_343' title='bbox 488 3511 553 3550; x_wconf 88' lang='lat' dir='ltr'><strong>usus</strong></span> <span class='ocrx_word' id='word_1_344' title='bbox 570 3502 620 3562; x_wconf 87' lang='lat' dir='ltr'><strong>est,</strong></span> <span class='ocrx_word' id='word_1_345' title='bbox 659 3501 771 3549; x_wconf 88' lang='lat' dir='ltr'><strong>conatus</strong></span> <span class='ocrx_word' id='word_1_346' title='bbox 788 3501 830 3548; x_wconf 89' lang='grc'><strong>444</strong></span> <span class='ocrx_word' id='word_1_347' title='bbox 847 3499 1028 3561; x_wconf 81' lang='lat' dir='ltr'><strong>Heusingerus</strong></span> <span class='ocrx_word' id='word_1_348' title='bbox 1049 3496 1109 3547; x_wconf 93' lang='lat' dir='ltr'><strong>loco</strong></span> <span class='ocrx_word' id='word_1_349' title='bbox 1127 3499 1182 3548; x_wconf 88' lang='lat' dir='ltr'><strong>Cic.</strong></span> 
     </span>
     <span class='ocr_line' id='line_1_38' title="bbox 93 3571 1184 3644; baseline -0.006 -16"><span class='ocrx_word' id='word_1_350' title='bbox 93 3581 123 3629; x_wconf 86' lang='lat' dir='ltr'><strong>ut</strong></span> <span class='ocrx_word' id='word_1_351' title='bbox 139 3580 255 3644; x_wconf 78' lang='lat' dir='ltr'><strong>apparet</strong></span> <span class='ocrx_word' id='word_1_352' title='bbox 272 3589 305 3626; x_wconf 87' lang='lat' dir='ltr'><strong>ex</strong></span> <span class='ocrx_word' id='word_1_353' title='bbox 322 3575 386 3627; x_wconf 86' lang='lat' dir='ltr'><strong>Plio.</strong></span> <span class='ocrx_word' id='word_1_354' title='bbox 402 3575 619 3640; x_wconf 68' lang='lat' dir='ltr'><strong>approbas:</strong></span> <span class='ocrx_word' id='word_1_355' title='bbox 659 3572 694 3622; x_wconf 92' lang='lat' dir='ltr'><strong>ad</strong></span> <span class='ocrx_word' id='word_1_356' title='bbox 710 3574 763 3623; x_wconf 80' lang='grc'><strong>4444.</strong></span> <span class='ocrx_word' id='word_1_357' title='bbox 775 3574 804 3634; x_wconf 83' lang='lat' dir='ltr'><strong>b,</strong></span> <span class='ocrx_word' id='word_1_358' title='bbox 822 3571 847 3632; x_wconf 84' lang='lat' dir='ltr'><strong>l,</strong></span> <span class='ocrx_word' id='word_1_359' title='bbox 865 3572 895 3622; x_wconf 84' lang='lat'><strong>3:</strong></span> <span class='ocrx_word' id='word_1_360' title='bbox 912 3573 952 3621; x_wconf 87' lang='lat' dir='ltr'><strong>De</strong></span> <span class='ocrx_word' id='word_1_361' title='bbox 968 3572 1047 3634; x_wconf 88' lang='lat' dir='ltr'><strong>Oppio</strong></span> <span class='ocrx_word' id='word_1_362' title='bbox 1063 3571 1122 3622; x_wconf 85' lang='grc'><strong>44444</strong></span> <span class='ocrx_word' id='word_1_363' title='bbox 1138 3585 1184 3621; x_wconf 84' lang='lat' dir='ltr'><strong>cn-</strong></span> 
     </span>
     <span class='ocr_line' id='line_1_39' title="bbox 92 3646 1183 3713; baseline -0.006 -10"><span class='ocrx_word' id='word_1_364' title='bbox 92 3652 292 3704; x_wconf 73' lang='lat' dir='ltr'><strong>distribueudom</strong></span> <span class='ocrx_word' id='word_1_365' title='bbox 308 3653 375 3701; x_wconf 83' lang='grc'><strong>444444·</strong></span> <span class='ocrx_word' id='word_1_366' title='bbox 391 3651 534 3700; x_wconf 55' lang='lat' dir='ltr'><strong>mendenen</strong></span> <span class='ocrx_word' id='word_1_367' title='bbox 547 3663 622 3713; x_wconf 82' lang='lat' dir='ltr'><strong>peco-</strong></span> <span class='ocrx_word' id='word_1_368' title='bbox 658 3647 734 3709; x_wconf 83' lang='lat' dir='ltr'><strong>rasti,</strong></span> <span class='ocrx_word' id='word_1_369' title='bbox 758 3648 824 3709; x_wconf 87' lang='lat' dir='ltr'><strong>quod</strong></span> <span class='ocrx_word' id='word_1_370' title='bbox 840 3648 864 3696; x_wconf 82' lang='grc'><strong>44·</strong></span> <span class='ocrx_word' id='word_1_371' title='bbox 879 3646 970 3697; x_wconf 82' lang='lat' dir='ltr'><em>DCCC.</em></span> <span class='ocrx_word' id='word_1_372' title='bbox 989 3646 1137 3709; x_wconf 70' lang='grc'><strong>4444444444,</strong></span> <span class='ocrx_word' id='word_1_373' title='bbox 1156 3647 1183 3696; x_wconf 89' lang='lat' dir='ltr'><strong>id</strong></span> 
     </span>
     <span class='ocr_line' id='line_1_40' title="bbox 92 3720 1183 3788; baseline -0.005 -11"><span class='ocrx_word' id='word_1_374' title='bbox 92 3727 428 3788; x_wconf 81' lang='lat' dir='ltr'><strong>niomito,utrecterei</strong></span> <span class='ocrx_word' id='word_1_375' title='bbox 442 3725 623 3788; x_wconf 69' lang='grc'><strong>4444444444-</strong></span> <span class='ocrx_word' id='word_1_376' title='bbox 659 3724 713 3783; x_wconf 88' lang='grc'><strong>444,</strong></span> <span class='ocrx_word' id='word_1_377' title='bbox 748 3723 839 3771; x_wconf 84' lang='lat' dir='ltr'><strong>einen</strong></span> <span class='ocrx_word' id='word_1_378' title='bbox 867 3721 969 3770; x_wconf 82' lang='lat' dir='ltr'><strong>Credit</strong></span> <span class='ocrx_word' id='word_1_379' title='bbox 995 3720 1183 3783; x_wconf 78' lang='lat' dir='ltr'><strong>onpewiesen</strong></span> 
     </span>
     <span class='ocr_line' id='line_1_41' title="bbox 91 3795 747 3862; baseline -0.011 -10"><span class='ocrx_word' id='word_1_380' title='bbox 91 3807 193 3852; x_wconf 84' lang='grc'><strong>4444444.</strong></span> <span class='ocrx_word' id='word_1_381' title='bbox 214 3800 280 3851; x_wconf 85' lang='lat' dir='ltr'><strong>cod.</strong></span> <span class='ocrx_word' id='word_1_382' title='bbox 293 3801 323 3862; x_wconf 75' lang='grc'><strong>4,</strong></span> <span class='ocrx_word' id='word_1_383' title='bbox 343 3799 372 3862; x_wconf 86' lang='grc'><strong>4,</strong></span> <span class='ocrx_word' id='word_1_384' title='bbox 384 3801 414 3849; x_wconf 75' lang='grc'><strong>44</strong></span> <span class='ocrx_word' id='word_1_385' title='bbox 432 3805 514 3850; x_wconf 85' lang='grc'><strong>44444</strong></span> <span class='ocrx_word' id='word_1_386' title='bbox 530 3805 622 3850; x_wconf 83' lang='lat' dir='ltr'><strong>cnuto</strong></span> <span class='ocrx_word' id='word_1_387' title='bbox 658 3795 747 3860; x_wconf 81' lang='grc'><strong>4444.)</strong></span> 
     </span>
     <span class='ocr_line' id='line_1_42' title="bbox 90 3871 621 3938; baseline 0.002 -15"><span class='ocrx_word' id='word_1_388' title='bbox 90 3875 214 3938; x_wconf 66' lang='lat' dir='ltr'><strong>metio,</strong></span> <span class='ocrx_word' id='word_1_389' title='bbox 233 3875 261 3924; x_wconf 86' lang='lat' dir='ltr'><strong>et</strong></span> <span class='ocrx_word' id='word_1_390' title='bbox 277 3874 316 3924; x_wconf 89' lang='lat' dir='ltr'><strong>sic</strong></span> <span class='ocrx_word' id='word_1_391' title='bbox 332 3871 471 3937; x_wconf 86' lang='lat' dir='ltr'><strong>aliquoties</strong></span> <span class='ocrx_word' id='word_1_392' title='bbox 485 3873 557 3938; x_wconf 91' lang='lat' dir='ltr'><strong>apud</strong></span> <span class='ocrx_word' id='word_1_393' title='bbox 569 3875 621 3924; x_wconf 85' lang='lat' dir='ltr'><strong>Ge-</strong></span> 
     </span>
     <span class='ocr_line' id='line_1_43' title="bbox 92 3946 1182 4010; baseline -0.003 -11"><span class='ocrx_word' id='word_1_394' title='bbox 92 3951 148 4000; x_wconf 91' lang='lat' dir='ltr'><strong>ium</strong></span> <span class='ocrx_word' id='word_1_395' title='bbox 173 3953 254 4010; x_wconf 83' lang='lat' dir='ltr'><strong>recle,</strong></span> <span class='ocrx_word' id='word_1_396' title='bbox 281 3947 381 4008; x_wconf 87' lang='lat' dir='ltr'><strong>idest,</strong></span> <span class='ocrx_word' id='word_1_397' title='bbox 409 3949 529 4010; x_wconf 81' lang='lat' dir='ltr'><strong>«optimo</strong></span> <span class='ocrx_word' id='word_1_398' title='bbox 546 3949 618 4010; x_wconf 85' lang='lat' dir='ltr'><strong>iure,</strong></span> <span class='ocrx_word' id='word_1_399' title='bbox 692 3946 812 3997; x_wconf 80' lang='lat' dir='ltr'><strong>roe-roa.</strong></span> <span class='ocrx_word' id='word_1_400' title='bbox 839 3947 950 3997; x_wconf 72' lang='lat' dir='ltr'><strong>Maiores</strong></span> <span class='ocrx_word' id='word_1_401' title='bbox 966 3947 1028 4010; x_wconf 84' lang='lat' dir='ltr'><strong>cet]</strong></span> <span class='ocrx_word' id='word_1_402' title='bbox 1051 3948 1108 3996; x_wconf 83' lang='lat' dir='ltr'><strong>Non</strong></span> <span class='ocrx_word' id='word_1_403' title='bbox 1125 3947 1182 3996; x_wconf 91' lang='grc'><strong>4444</strong></span> 
     </span>
     <span class='ocr_line' id='line_1_44' title="bbox 93 4017 1183 4086; baseline -0.003 -13"><span class='ocrx_word' id='word_1_404' title='bbox 93 4022 241 4086; x_wconf 75' lang='lat' dir='ltr'><strong>legitime.»</strong></span> <span class='ocrx_word' id='word_1_405' title='bbox 270 4022 317 4071; x_wconf 86' lang='lat' dir='ltr'><strong>Est</strong></span> <span class='ocrx_word' id='word_1_406' title='bbox 339 4021 431 4083; x_wconf 85' lang='lat' dir='ltr'><strong>igitur:</strong></span> <span class='ocrx_word' id='word_1_407' title='bbox 460 4023 620 4086; x_wconf 73' lang='lat' dir='ltr'><strong>«pecuniam</strong></span> <span class='ocrx_word' id='word_1_408' title='bbox 658 4020 775 4084; x_wconf 88' lang='lat' dir='ltr'><strong>quadam</strong></span> <span class='ocrx_word' id='word_1_409' title='bbox 792 4017 889 4070; x_wconf 90' lang='lat' dir='ltr'><strong>malitia</strong></span> <span class='ocrx_word' id='word_1_410' title='bbox 907 4021 934 4069; x_wconf 88' lang='grc'><strong>44</strong></span> <span class='ocrx_word' id='word_1_411' title='bbox 949 4021 1002 4070; x_wconf 89' lang='lat' dir='ltr'><strong>hoc</strong></span> <span class='ocrx_word' id='word_1_412' title='bbox 1012 4019 1183 4084; x_wconf 88' lang='lat' dir='ltr'><strong>potissimum</strong></span> 
     </span>
     <span class='ocr_line' id='line_1_45' title="bbox 93 4093 1182 4158; baseline -0.005 -12"><span class='ocrx_word' id='word_1_413' title='bbox 93 4103 171 4157; x_wconf 84' lang='lat' dir='ltr'><strong>reete,</strong></span> <span class='ocrx_word' id='word_1_414' title='bbox 200 4096 299 4156; x_wconf 90' lang='lat' dir='ltr'><strong>idest,</strong></span> <span class='ocrx_word' id='word_1_415' title='bbox 327 4095 481 4146; x_wconf 89' lang='lat' dir='ltr'><strong>adebitore</strong></span> <span class='ocrx_word' id='word_1_416' title='bbox 498 4094 620 4158; x_wconf 76' lang='lat' dir='ltr'><strong>legitimis</strong></span> <span class='ocrx_word' id='word_1_417' title='bbox 657 4096 792 4146; x_wconf 86' lang='lat' dir='ltr'><strong>versatam</strong></span> <span class='ocrx_word' id='word_1_418' title='bbox 801 4107 862 4145; x_wconf 88' lang='lat' dir='ltr'><strong>esse</strong></span> <span class='ocrx_word' id='word_1_419' title='bbox 870 4093 1182 4145; x_wconf 86' lang='lat' dir='ltr'><strong>dicitsummamdoctri-</strong></span> 
     </span>
     <span class='ocr_line' id='line_1_46' title="bbox 93 4167 1180 4234; baseline -0.005 -14"><span class='ocrx_word' id='word_1_420' title='bbox 93 4170 332 4234; x_wconf 78' lang='lat' dir='ltr'><strong>chirographorum</strong></span> <span class='ocrx_word' id='word_1_421' title='bbox 351 4169 384 4231; x_wconf 87' lang='lat' dir='ltr'><strong>(v.</strong></span> <span class='ocrx_word' id='word_1_422' title='bbox 399 4170 490 4220; x_wconf 84' lang='lat' dir='ltr'><strong>Geium</strong></span> <span class='ocrx_word' id='word_1_423' title='bbox 505 4169 533 4230; x_wconf 89' lang='grc'><strong>3,</strong></span> <span class='ocrx_word' id='word_1_424' title='bbox 552 4169 619 4233; x_wconf 78' lang='lat' dir='ltr'><strong>tal.)</strong></span> <span class='ocrx_word' id='word_1_425' title='bbox 658 4183 720 4228; x_wconf 85' lang='lat' dir='ltr'><strong>nae,</strong></span> <span class='ocrx_word' id='word_1_426' title='bbox 747 4182 827 4233; x_wconf 89' lang='lat' dir='ltr'><strong>quam</strong></span> <span class='ocrx_word' id='word_1_427' title='bbox 844 4167 1044 4229; x_wconf 88' lang='lat' dir='ltr'><strong>adolescentes,</strong></span> <span class='ocrx_word' id='word_1_428' title='bbox 1071 4179 1133 4217; x_wconf 93' lang='lat' dir='ltr'><strong>cum</strong></span> <span class='ocrx_word' id='word_1_429' title='bbox 1151 4179 1180 4216; x_wconf 90' lang='lat' dir='ltr'><strong>se</strong></span> 
     </span>
     <span class='ocr_line' id='line_1_47' title="bbox 95 4241 1181 4308; baseline -0.002 -14"><span class='ocrx_word' id='word_1_430' title='bbox 95 4243 215 4296; x_wconf 78' lang='lat' dir='ltr'><strong>lor-mulis</strong></span> <span class='ocrx_word' id='word_1_431' title='bbox 238 4248 341 4294; x_wconf 83' lang='grc'><strong>44444444</strong></span> <span class='ocrx_word' id='word_1_432' title='bbox 357 4243 419 4294; x_wconf 88' lang='lat' dir='ltr'><strong>huic</strong></span> <span class='ocrx_word' id='word_1_433' title='bbox 436 4243 548 4295; x_wconf 83' lang='lat' dir='ltr'><strong>credere</strong></span> <span class='ocrx_word' id='word_1_434' title='bbox 568 4245 619 4306; x_wconf 79' lang='lat' dir='ltr'><strong>[le—</strong></span> <span class='ocrx_word' id='word_1_435' title='bbox 658 4247 795 4308; x_wconf 90' lang='lat' dir='ltr'><strong>tamquam</strong></span> <span class='ocrx_word' id='word_1_436' title='bbox 820 4242 1025 4294; x_wconf 85' lang='lat' dir='ltr'><strong>contubernales</strong></span> <span class='ocrx_word' id='word_1_437' title='bbox 1050 4244 1095 4292; x_wconf 90' lang='lat' dir='ltr'><strong>aut</strong></span> <span class='ocrx_word' id='word_1_438' title='bbox 1117 4241 1181 4292; x_wconf 84' lang='lat' dir='ltr'><strong>iuris</strong></span> 
     </span>
    </p>
   </div>
   <div class='ocr_carea' id='block_1_7' title="bbox 0 0 1468 4892">
    <p class='ocr_par' dir='ltr' id='par_1_10' title="bbox 0 0 1468 4892">
     <span class='ocr_line' id='line_1_48' title="bbox 0 0 1468 4892; baseline 0 2"><span class='ocrx_word' id='word_1_439' title='bbox 0 0 1468 4892; x_wconf 95' lang='lat' dir='ltr'><strong> </strong></span> 
     </span>
    </p>
   </div>
  </div>
 </body>
</html>
