2925 4892
498 361 556 412 un.
576 363 594 412 t.
631 361 728 412 arran.
745 363 833 413 xvm.
1149 367 1212 430 563

165 518 426 582 percontatorem
448 515 559 604 legito,
583 535 657 582 nam
680 515 829 604 garrulae
851 518 937 586 idem
959 531 1023 595 eat,

164 637 230 702 Nec
253 635 391 702 retinent
413 633 541 722 patulae
564 636 738 703 commissa
760 637 898 706 fideliter
919 661 1030 715 aures,
1169 645 1210 708 70

165 755 204 822 Et
224 755 326 824 semel
348 756 503 822 emissum
524 755 611 822 volat
632 757 845 826 irrevocabile
866 759 1012 827 verbnm.

164 877 233 942 Non
257 875 372 942 ancilla
393 886 484 942 tunm
506 877 597 944 iecur
618 875 743 944 ulceret
764 877 829 944 ulla
849 899 972 966 puerve

164 999 251 1063 lutra
272 1016 491 1064 marmoreum
512 995 688 1064 venerandi
710 995 808 1064 limen
830 1000 939 1077 amici,

164 1118 211 1184 No
234 1116 383 1184 dominus
405 1117 498 1204 pueri
520 1116 645 1204 pulchri
669 1137 807 1186 caraeve
829 1121 958 1208 puellae

165 1238 299 1340 Munere
322 1247 353 1304 te
375 1257 475 1324 parvo
498 1237 574 1306 beet
595 1249 650 1305 ant
672 1239 895 1308 incommodus
917 1256 1021 1330 angat.
1170 1249 1211 1312 75

166 1358 304 1440 Qualem
315 1359 532 1436 commendes,
549 1359 646 1426 etiam
661 1371 759 1449 atque
774 1362 871 1428 etiam
888 1362 1030 1451 adspice,
1047 1387 1088 1432 ne
1099 1388 1173 1434 mox

134 1520 138 1534 ¹
188 1537 230 1588 7³.
249 1539 318 1588 luter
333 1551 402 1588 unus
422 1537 504 1598 l'eae,
523 1537 589 1588 Edd.
608 1536 669 1602 aliq.
689 1541 752 1590 vett.
772 1544 799 1589 et
816 1541 844 1590 C.

125 1695 147 1739 et
156 1689 188 1740 de
198 1701 259 1750 quo.
277 1687 332 1738 Clo.
346 1687 397 1738 Ple.
412 1685 453 1747 et,
466 1687 513 1736 vo:
535 1687 570 1736 Tu
580 1688 650 1750 quid,
689 1687 743 1738 Cir.
756 1689 894 1740 Weiehert
905 1690 940 1740 de
952 1691 1030 1740 Vario
1041 1707 1068 1756 p.
1082 1694 1123 1744 88.
1134 1697 1162 1743 et
1170 1695 1209 1745 90.

124 1770 151 1814 tv
167 1763 239 1826 opud
255 1775 329 1824 pior,
350 1766 380 1811 tu
396 1762 426 1811 de
442 1773 492 1824 quo
508 1762 591 1824 mear,
609 1763 652 1812 in·
690 1789 717 1800 -
731 1763 1057 1830 Innumeram]
1075 1769 1118 1816 uin
1130 1767 1212 1818 donno

124 1835 236 1902 telliolo?
268 1835 321 1885 Sed
342 1839 416 1886 recte
433 1835 568 1886 Scbmldio
584 1837 652 1888 eim·
688 1836 761 1886 enlm
777 1834 866 1900 ample
875 1838 903 1887 et
914 1839 1053 1900 magnilica
1067 1843 1213 1896 venerandi

124 1912 218 1977 plicior
234 1907 341 1960 videtur
359 1911 433 1974 prior
449 1911 525 1961 ratio.
553 1911 605 1960 sel.
624 1911 649 1970 Ξ,
688 1909 797 1960 lautorie
813 1909 884 1960 mele
900 1914 1142 1968 tecommendabtt
1156 1918 1214 1969 libi-

125 1989 149 2050 6,
162 1986 205 2038 ltl.
220 2013 248 2022 -
259 1984 371 2049 potuim]
391 1997 519 2049 oeemper
530 1987 652 2050 patenter
688 1981 810 2034 dinievel
826 1983 992 2037 levissimum
1004 1989 1171 2052 vestigium..
1184 2021 1210 2030 -

124 2061 159 2111 ed
185 2059 364 2120 audiendum,
387 2059 538 2110 curiosae.»
565 2060 649 2110 Coun.
686 2059 908 2123 numm-parvo]
927 2061 1093 2124 «quodcum
1105 2065 1214 2118 domino

125 2137 206 2192 Ceno.
226 2133 265 2184 Cl.
279 2134 345 2198 Epp.
359 2134 384 2192 l,
401 2134 442 2194 to,
457 2134 498 2184 26.
517 2135 541 2195 2,
554 2135 580 2194 Ξ,
594 2133 650 2184 405.
688 2133 738 2196 ipai
763 2134 888 2196 exiguum
910 2133 1045 2197 videatur,
1073 2137 1149 2190 lecile
1166 2141 1213 2192 tibi

126 2237 154 2246 -
172 2207 300 2273 maen]
317 2205 441 2258 tralatum
459 2209 501 2258 eet
517 2221 533 2257 a
547 2207 650 2271 sagitta.
688 2205 833 2268 concedet,
852 2209 951 2272 quippe
965 2222 1048 2272 quem
1059 2214 1214 2275 praevideat

125 2286 195 2335 Noa:
215 2284 257 2333 ete
273 2281 428 2344 entsaironer
440 2281 520 2332 Wort.
536 2307 562 2318 -
574 2281 652 2346 octat]
689 2279 871 2332 loliclaeimnm
895 2286 1040 2347 propterea
1064 2285 1139 2349 bre,
1165 2300 1215 2352 per

123 2355 202 2423 Apul.
221 2356 256 2407 de
272 2357 359 2420 magle
371 2369 394 2406 c.
408 2355 449 2407 83.
462 2369 489 2420 p.
502 2357 560 2406 568,
573 2355 652 2406 oud:
689 2353 797 2419 aliquod
814 2358 888 2408 certe
906 2361 1026 2422 tempus,
1053 2360 1088 2410 lte
1109 2364 1215 2412 utma-

124 2431 253 2493 rioerbn,
271 2431 309 2480 ita
324 2435 353 2480 ut
367 2433 458 2492 poetae
469 2430 553 2491 mmet,
567 2431 654 2493 pineta
689 2431 745 2479 iore
763 2442 891 2491 munera,
908 2444 959 2496 per
974 2434 1058 2482 totam
1068 2435 1150 2486 vitam
1167 2435 1214 2486 tibi

125 2511 189 2569 apta
205 2506 279 2568 ootpo
294 2505 417 2554 uotum.
435 2531 464 2542 -
481 2503 652 2568 irrevocabile]
689 2501 762 2553 utilia
786 2501 887 2563 latura,
914 2503 980 2554 dare
1006 2506 1061 2556 tam
1088 2519 1216 2572 nuperae·

125 2583 156 2630 A.
177 2583 207 2630 P.
220 2579 284 2629 390:
303 2579 379 2628 meoli
392 2593 445 2628 noc
459 2579 538 2628 odrae
551 2580 652 2628 rme-ti.
690 2575 779 2627 deat-
797 2576 897 2640 spureo]
909 2579 993 2628 ocum
1002 2576 1119 2630 deberes
1130 2580 1216 2632 multo

126 2654 276 2706 Menander
292 2666 319 2718 p.
332 2654 390 2704 225.
403 2654 454 2705 l:
473 2647 538 2704 052·
555 2651 588 2704 ἐκ
605 2667 654 2713 χε·
690 2651 792 2700 maiora
828 2652 986 2714 accipere.»
1015 2653 1100 2703 Cone.
1124 2655 1214 2716 cauo.)

126 2723 179 2798 φὰς
194 2727 322 2791 μεθέντα
337 2721 477 2798 καρτερὸν
493 2725 576 2777 λίθον
594 2721 655 2794 Ῥᾷ-
690 2723 800 2776 Hertiel.
813 2726 838 2785 d,
848 2725 929 2785 lm:
948 2724 1216 2777 ommiumque

128 2816 162 2852 ον
178 2805 350 2863 κατασχεῖν,
369 2793 427 2852 οὔτ’
444 2795 503 2852 ἀπὸ
519 2797 654 2868 γλώσσης
689 2811 782 2849 mantue
798 2798 884 2848 ΜΒ
901 2802 965 2848 erat.
983 2825 1011 2834 —
1035 2797 1095 2861 beet]
1112 2801 1141 2850 ln
1162 2802 1213 2852 boc

129 2872 226 2942 λόγον.
690 2871 776 2922 verbo
793 2873 862 2923 ineat
881 2871 949 2923 lenia
966 2871 1100 2936 quaedem
1117 2873 1218 2936 signill-

159 2949 398 3012 veientonem]
418 2949 652 3011 Cl.sat.2.5,9t.
692 2949 774 3008 catio,
801 2959 884 3010 quam
907 2945 1038 2998 obnoxiae
1060 2945 1155 3011 aliquia
1171 2947 1218 2998 ilat

129 3025 156 3074 Α.
171 3027 201 3074 P.
215 3023 273 3074 loti.
293 3023 367 3074 Ovid.
381 3037 412 3074 ex
424 3025 508 3074 Ponto
520 3025 579 3085 ⁴.².
591 3025 652 3074 tob:
692 3021 726 3072 ob
751 3020 803 3072 tale
823 3034 889 3072 eane
911 3023 1037 3084 exiguum
1054 3034 1152 3073 monne
1169 3035 1219 3087 po—

128 3099 185 3148 Noe
199 3100 291 3160 petito,
308 3103 338 3148 ut
354 3098 468 3158 benerit,
486 3099 528 3147 red
541 3099 655 3148 elimate
692 3097 904 3147 lentioriamico.
919 3125 948 3134 -
960 3097 1139 3162 incommodus]
1151 3099 1219 3148 ami-

129 3175 215 3223 tutiur‚
243 3169 656 3236 Est21anlaanoilla‚qnem-
693 3184 744 3221 nus
770 3169 901 3232 liberalia,
928 3175 1005 3221 tenax
1023 3172 1090 3222 eni.»
1123 3173 1167 3221 Sic
1182 3173 1221 3222 te-

127 3248 168 3297 via
186 3246 318 3308 formosa,
345 3257 396 3295 nec
416 3257 484 3309 puer
500 3242 568 3296 ullus
586 3249 654 3296 cet.»
692 3246 851 3294 cmumodren
867 3246 977 3308 opponit
992 3245 1063 3307 radit
1080 3247 1108 3295 et
1123 3245 1221 3296 liberati

130 3321 168 3372 Cl.
181 3321 302 3383 Wagner
320 3319 355 3369 ad
373 3319 443 3382 Virg.
462 3321 529 3370 Aen.
547 3321 592 3381 ta,
613 3321 654 3370 78.
693 3321 748 3370 Cic.
762 3318 796 3368 de
807 3321 838 3368 N.
852 3320 883 3368 l).
896 3319 926 3378 3,
938 3319 985 3378 29,
999 3318 1047 3368 73:
1065 3320 1133 3368 Idem
1145 3320 1220 3381 [Cae-

127 3397 186 3447 Non
214 3395 318 3446 Teumoe
341 3398 402 3457 apat
424 3395 451 3442 in
467 3393 571 3443 lindum
587 3396 654 3444 cet:
693 3392 769 3443 cilius
792 3391 897 3451 statiua)
921 3390 1022 3453 samum
1044 3397 1068 3441 et
1092 3392 1219 3442 coenem

129 3471 192 3522 «Eat
209 3469 261 3519 boc
277 3469 334 3518 Noe
352 3469 379 3518 iu
395 3468 595 3517 enumeratione
606 3481 656 3531 pn-
689 3469 791 3528 putrem
801 3465 985 3514 iecornrnodeen
995 3477 1045 3514 erre
1056 3466 1153 3514 meti
1166 3466 1220 3527 filio

128 3545 224 3602 eitum,
243 3555 297 3592 non
314 3541 349 3592 ab
367 3540 461 3592 ancilla
478 3545 524 3591 aut
539 3555 555 3591 a
571 3553 656 3604 puero
693 3539 811 3599 dimitat
827 3563 855 3574 -
868 3538 957 3601 deaut]
976 3538 1057 3597 «Ant,
1075 3536 1157 3587 eitibi
1169 3536 1219 3588 de-

129 3618 155 3667 te
169 3629 232 3668 esne
245 3615 655 3680 capiendumadmonetpoeta.n
693 3611 802 3676 negabit
827 3611 958 3661 eiusmodi
983 3610 1084 3662 donum
1109 3613 1220 3676 propter

131 3691 355 3756 -ieeiruicereq
374 3689 427 3740 Cir.
440 3689 579 3750 onita,
592 3688 616 3740 l.
630 3692 658 3739 et
694 3685 908 3751 qualemcunque
937 3697 1064 3746 eausam,
1091 3685 1217 3746 lomene,

128 3767 171 3828 25,
183 3767 229 3816 lb:
243 3767 313 3814 ieeur
322 3765 470 3814 ulemormn.
489 3764 547 3814 Vid.
558 3763 655 3814 adset.
694 3762 757 3825 qula
773 3762 831 3825 ipee
847 3773 963 3824 puerum
973 3761 1058 3821 amet,
1077 3761 1104 3809 te
1115 3759 1219 3823 cupidi-

130 3839 259 3901 t,e,oo.
276 3865 303 3874 -
319 3839 421 3903 puerve]
438 3851 536 3898 vema;
564 3849 658 3901 quem·
694 3839 749 3885 tate
766 3836 907 3884 incensum
920 3832 1082 3883 contristet.»
1101 3832 1221 3897 (enepul-

130 3912 279 3964 admodum
291 3915 400 3962 unmant
416 3913 593 3976 Campaspem
606 3924 657 3974 pn·
693 3922 752 3960 sem
769 3909 840 3959 leros
858 3908 938 3957 etita
955 3908 1134 3972 potentiorem
1150 3909 1220 3956 amt-

131 3985 211 4037 ellam
221 3984 305 4051 Apelli
322 3985 357 4036 ab
369 3984 532 4046 Alexandro,
553 3983 657 4048 Virgilio
694 3997 758 4035 cum
782 3981 938 4033 illiberalem
963 3993 994 4031 ee
1017 3993 1080 4044 erga
1097 3983 1124 4030 te
1140 3994 1220 4045 prae·

132 4059 165 4110 ab
191 4061 281 4111 Aninio
302 4058 420 4111 Pollione
436 4057 615 4110 Alexandrum
633 4069 655 4108 s.
694 4058 786 4108 baisse
803 4057 950 4121 queraris.»
968 4055 1056 4117 lane.)

132 4134 239 4196 Alexin,
266 4137 295 4185 et
314 4148 330 4184 a
347 4135 499 4185 Maecenate
517 4131 656 4193 Cebetem,
727 4131 830 4181 no-at.
867 4130 970 4194 Quaen
987 4128 1140 4178 commender
1156 4128 1219 4191 cet]

133 4221 201 4272 quos
213 4211 291 4272 poeta
304 4207 450 4268 adamaret,
463 4207 576 4257 donatos
586 4219 654 4257 ease.
694 4205 826 4267 Theognis
838 4205 900 4254 963:
920 4201 967 4268 Μή
987 4203 1048 4252 κοτ’
1060 4197 1221 4273 immodum
