2925 4892
296 404 359 469 590
778 396 907 448 uonrrrr

339 562 512 646 Serpentes
535 554 649 621 avibus
669 552 886 641 geminentur,
910 549 1045 637 tigribus
1068 550 1151 637 agni.

337 679 476 767 inceptis
497 676 648 765 gravibus
670 674 861 762 plerumque
884 682 917 737 et
940 690 1054 757 magna
1076 670 1231 757 protessis

336 802 539 886 Purpureus,
563 796 626 862 late
647 795 703 881 qui
726 792 908 880 splendeat,
931 812 1016 857 unus
1039 802 1072 859 et
1092 790 1173 857 alter
1339 789 1371 853 ld

338 919 491 986 bdsuitur
511 936 650 1005 pannus,
673 936 749 981 cum
770 914 862 981 lucus
886 924 919 980 et
940 932 996 979 ara
1019 912 1141 977 Dianae

338 1042 377 1106 Et
397 1037 601 1127 properantis
622 1056 728 1123 aquae
750 1055 811 1123 por
831 1052 986 1101 amoenos
1008 1032 1147 1099 ambitus
1170 1052 1283 1119 agros,

364 1245 405 1296 ra.
424 1245 483 1295 aar
498 1245 527 1294 a.
553 1270 578 1278 -
599 1243 639 1291 rr.
657 1241 697 1305 m]
714 1242 764 1291 nia
780 1242 805 1291 s.

296 1432 413 1496 aposta
434 1442 486 1479 non
508 1427 640 1477 debent.»
664 1454 691 1462 -
718 1424 821 1489 coeant]
860 1424 911 1490 cro]
930 1424 1045 1488 Respicit
1061 1421 1371 1480 adb.l.l²ersiust,io:

297 1503 550 1569 ci.Epp.l,5,25:
569 1504 686 1550 irtcotot
699 1502 824 1562 porion·
859 1512 903 1548 nec
918 1511 1012 1560 ponem
1029 1497 1253 1561 lacionorttttcm
1271 1494 1374 1546 relutisi

296 1576 498 1645 pmorqoepoit
512 1600 539 1611 -
555 1573 757 1637 Sammaei]
769 1573 822 1623 Etsi
860 1572 930 1635 Virg.
944 1572 1009 1621 Aen.
1023 1570 1052 1632 ³,
1072 1570 1132 1621 679:
1152 1572 1241 1632 quotes
1256 1584 1312 1620 mint
1325 1582 1374 1619 ccr-

296 1654 426 1718 primum,
444 1652 475 1699 ut
491 1651 526 1699 ita
543 1648 646 1708 dicam,
666 1650 747 1712 caput
763 1645 822 1696 libri
859 1648 906 1696 ttoe
921 1646 984 1695 oeteo
999 1646 1092 1695 denos
1108 1658 1215 1707 querens
1232 1652 1278 1695 osi
1292 1644 1373 1706 contie-

296 1727 392 1777 iiniens
408 1723 478 1775 redit
488 1721 688 1786 quodammodo
699 1721 734 1770 ad
745 1735 771 1771 v.
785 1722 820 1783 t.‚
858 1733 905 1771 rae
915 1720 1037 1781 mportrct
1049 1720 1233 1781 mmmm,
1253 1720 1315 1769 cibo
1330 1718 1374 1767 otto

297 1799 347 1852 alia
363 1794 492 1849 ἀδύνατα
502 1796 668 1860 significans,
687 1792 769 1845 nolim
781 1796 823 1843 ta·
859 1794 923 1843 iocis
947 1794 1046 1843 laodice
1070 1794 1185 1851 Dionae,
1219 1806 1282 1843 cum
1305 1792 1373 1847 dixit,

298 1886 359 1924 men
377 1872 403 1921 b.
421 1871 438 1922 l.
456 1884 517 1921 com
540 1870 669 1920 lambino
689 1870 822 1933 interpre-
860 1868 988 1931 deinceps
1013 1868 1039 1917 in
1064 1868 1107 1917 bis
1133 1866 1317 1917 describendis
1336 1865 1373 1913 diu

297 1949 347 1999 teri
363 1946 398 1996 do
416 1946 508 1996 formis
524 1944 701 1995 monstruosis
719 1956 752 1993 er
768 1954 823 1993 ser·
860 1944 1017 1993 immoratus
1034 1943 1115 1992 esset.
1145 1940 1216 1991 Talis
1234 1944 1320 1991 autem
1341 1937 1375 1987 lu·

297 2023 377 2086 pente
394 2022 423 2069 et
438 2021 493 2080 avi,
513 2033 547 2069 ex
563 2018 657 2080 tigride
673 2020 700 2067 et
716 2030 784 2079 agno
797 2017 821 2065 in
860 2030 907 2067 cus
925 2016 1033 2079 copiose
1050 2014 1166 2066 describi
1192 2017 1298 2079 poterat
1312 2016 1336 2063 ei
1353 2014 1373 2061 in

297 2106 381 2145 unum
393 2094 527 2150 condatis3
545 2091 730 2154 sedpcmtoort
745 2090 823 2152 sigui·
859 2092 972 2153 utraque
994 2090 1128 2154 iphigenia
1151 2091 1178 2139 et
1200 2089 1249 2139 ubi
1275 2090 1374 2140 Dianam

296 2168 360 2217 licat
375 2165 507 2230 «copulari
522 2167 548 2215 et
565 2165 697 2230 placidam
707 2166 823 2215 societa-
860 2166 1053 2215 Nemorensem
1081 2164 1184 2214 Ariciae
1213 2162 1311 2214 cultam
1335 2160 1372 2223 ici.

297 2244 353 2291 tem
364 2240 562 2302 amicitiamque
574 2240 668 2289 inire.»
684 2238 723 2289 Cl.
737 2237 820 2301 Epod.
859 2237 985 2298 Straboti,
999 2238 1033 2300 3.)
1052 2241 1216 2289 memoraret
1228 2240 1312 2302 poeta.
1334 2234 1373 2297 (Ad
1439 2256 1440 2293 3

300 2315 390 2375 raso
401 2326 460 2376 sqq.
487 2314 524 2363 Ex
542 2311 624 2362 altera
635 2313 737 2363 ratione
750 2312 822 2361 baud
859 2312 1022 2376 Iphigeniam
1038 2310 1154 2375 aliquam
1172 2313 1293 2362 baunam
1304 2311 1374 2359 liora·

298 2390 377 2440 nimis
388 2389 453 2438 scite
468 2389 610 2449 imaginem
622 2388 648 2437 in
660 2386 769 2436 exordio
782 2398 823 2437 sa·
860 2390 946 2438 tianae
963 2389 1058 2439 demtis
1074 2388 1143 2437 baec
1160 2386 1242 2437 reteri
1263 2384 1374 2437 Welcirer

297 2465 331 2515 tta
348 2462 559 2513 demonstratam
575 2459 656 2511 veluti
675 2462 820 2524 repeteret.
860 2460 951 2527 suppl.
965 2462 995 2511 V.
1010 2464 1040 2513 ii.
1054 2464 1082 2512 T.
1096 2464 1139 2512 lit.
1157 2474 1184 2526 p.
1203 2461 1289 2523 liar.)
1308 2486 1332 2495 -
1348 2458 1373 2505 dt

330 2538 434 2589 ii-rs.
460 2536 566 2597 inceptis
582 2536 644 2600 oet]
675 2536 822 2585 «noemam
859 2537 1021 2598 properantis
1042 2536 1105 2599 cet]
1127 2538 1230 2587 Versus
1255 2535 1316 2599 ipsis
1331 2544 1373 2581 nu·

297 2614 374 2677 epica
395 2616 423 2662 et
441 2610 611 2674 tragoediae,
639 2624 707 2674 qnae
725 2622 822 2673 magna
860 2614 942 2662 meris
964 2612 1020 2663 suis
1041 2610 1179 2675 praeclare
1202 2608 1372 2661 conformatus
1438 2606 1439 2637 ἒ

297 2687 430 2751 quaedam
448 2698 481 2735 ac
496 2700 547 2735 non
563 2686 637 2748 prius
653 2686 742 2735 cudda
762 2698 824 2749 pro·
861 2687 902 2736 est
919 2685 953 2735 ad
969 2686 1019 2735 rivi
1036 2686 1142 2735 amoeni
1160 2698 1271 2735 cursum
1283 2683 1374 2732 imitan-
1438 2700 1439 2713 ,

297 2762 416 2821 mittunt,
435 2772 518 2823 saepe
530 2762 556 2810 in
568 2773 601 2810 eo
613 2761 735 2823 peccant,
751 2756 823 2822 quod
860 2759 934 2810 dum.
955 2786 982 2796 -
1003 2762 1096 2823 ttamen
1117 2760 1237 2821 ittonam]
1262 2756 1370 2808 amoeni.

296 2836 440 2898 scriptores
462 2832 534 2883 talsis
556 2833 693 2883 lenociniis
716 2834 822 2881 utentes
859 2838 890 2883 ut
905 2834 954 2883 od.
968 2832 997 2893 i,
1016 2832 1044 2893 i,
1063 2834 1108 2884 ³8:
1127 2835 1274 2883 semanim
1283 2836 1370 2897 damst·

296 2908 341 2957 bic
356 2906 409 2957 illic
425 2920 479 2956 non
496 2920 545 2957 suo
562 2906 621 2955 loeo
635 2908 759 2957 ornatum
778 2906 823 2954 ad·
859 2909 939 2957 i'acit.
954 2908 1019 2959 iiist.
1033 2907 1063 2967 i,
1083 2908 1128 2957 ηε
1156 2920 1231 2957 more
1251 2908 1370 2956 mon.

212 2997 218 3007 ·
296 2980 421 3030 bibent.»
443 3004 472 3016 —·
498 2980 824 3042 uaporem-Adnitar
860 2984 923 3034 Mire
937 2986 1027 3032 autern
1045 2982 1079 3033 de
1097 2982 1188 3033 libano
1206 2981 1307 3039 italico,
1325 2978 1372 3028 exl-

293 3054 406 3117 poanoc]
424 3051 594 3116 intelligeret
611 3054 645 3104 de
658 3058 734 3117 togae
746 3066 823 3118 prae·
859 3070 911 3121 guo
923 3056 994 3121 apud
1005 3058 1151 3107 Bononiam
1163 3057 1287 3114 flumine,
1300 3055 1371 3103 inter-

296 3129 383 3177 textae
401 3125 453 3176 lato
471 3125 546 3176 clavo
563 3125 605 3177 vel
622 3127 657 3177 de
669 3128 756 3177 instita
769 3131 823 3179 sto·
859 3134 978 3195 prelatus
995 3133 1037 3181 esi
1053 3132 1072 3179 1.
1092 3132 1120 3180 B.
1138 3131 1228 3179 Vicus.
1250 3158 1276 3166 -
1298 3124 1369 3187 mous]

297 3200 349 3251 lae.
384 3200 414 3249 V.
438 3200 555 3249 minine
579 3202 666 3264 ipsum
691 3202 823 3265 significat
859 3206 904 3268 qui
921 3206 1058 3267 quomodo
1078 3216 1131 3254 non
1149 3216 1198 3268 per
1209 3203 1325 3267 putidam
1335 3198 1370 3247 di·

297 3272 449 3325 huiusmodi
457 3274 651 3338 descriptiones
661 3273 821 3340 plerumque
859 3278 1024 3343 gressionem
1041 3290 1093 3329 nec
1111 3290 1159 3341 per
1175 3280 1270 3328 inanes
1288 3274 1369 3326 amba-

296 3361 511 3413 supervacaneas
523 3362 601 3407 esse,
620 3347 738 3412 loquitur
749 3352 821 3400 enim
859 3366 917 3416 ges,
937 3351 986 3403 sed
1003 3353 1107 3416 poetice
1124 3350 1318 3403 describendus
1331 3358 1368 3396 es·

296 3423 412 3473 maxime
434 3422 470 3473 de
491 3423 683 3486 intempestivis
700 3436 714 3473 a
732 3436 762 3472 re
780 3423 821 3473 di·
858 3430 913 3487 set,
933 3425 1126 3476 demonstravit
1143 3424 1265 3488 Virgilius
1276 3426 1335 3477 ben.
1346 3419 1367 3474 l,

296 3495 490 3559 gressionibus,
503 3494 684 3558 ἐπεισοδίοις.
708 3494 821 3560 Singulis
858 3500 921 3549 700:
948 3500 1017 3563 Ergo
1039 3501 1087 3549 iiis
1109 3500 1203 3549 croceis
1221 3514 1271 3561 per
1285 3496 1367 3547 coelen

295 3574 387 3620 autem
404 3582 474 3634 quae
492 3582 554 3620 mox
575 3574 707 3621 memorat
727 3574 820 3621 notare
857 3574 957 3623 macida
970 3574 1067 3635 mnne,
1092 3573 1160 3624 uros
1178 3574 1279 3623 oeteis
1292 3570 1365 3621 conat

296 3643 403 3693 videtur
418 3648 492 3694 certa
508 3644 643 3707 quaedam
659 3656 724 3696 suae
748 3646 821 3694 aeta·
857 3648 962 3698 adeam
978 3648 1028 3697 sote
1042 3648 1150 3707 colores,
1168 3648 1282 3697 Dcnotot.

297 3720 332 3767 tis
343 3720 482 3781 potimata,
497 3718 578 3769 veluti
588 3718 763 3783 probabiliter
774 3720 822 3769 Fu·
892 3721 980 3771 ts-aa.
1006 3722 1056 3771 Sed
1075 3734 1143 3770 nmio
1159 3722 1222 3783 cet]
1242 3720 1285 3770 «id
1306 3714 1365 3780 quod

297 3791 367 3840 rium
384 3789 540 3841 bibaculum
556 3794 583 3840 in
597 3792 707 3843 flamine
719 3794 819 3843 Rheno.
860 3796 997 3858 teipsum,
1017 3798 1109 3857 poeta,
1128 3796 1151 3844 si
1162 3797 1248 3844 artem
1260 3790 1364 3843 cellares.

298 3864 338 3914 ct.
351 3864 405 3913 Sat.
422 3865 452 3923 t,
471 3865 516 3923 io,
534 3866 575 3914 37.
604 3868 662 3925 Quo
678 3868 708 3929 in,
722 3880 821 3930 genere
860 3869 950 3931 lugere
967 3882 1138 3933 nequaquam
1155 3869 1298 3921 debebat·
1324 3863 1366 3912 dll-

298 3936 444 3987 &borant
460 3938 541 3988 etiam
558 3938 690 3991 Fabianus
707 3939 763 4002 ille,
788 3940 822 3990 dc
860 3943 915 3992 cuti
931 3940 982 3993 alia
998 3944 1127 4007 temporis
1143 3942 1274 3994 vocabula
1290 3940 1320 3989 ad
1337 3936 1366 3985 lo·

299 4022 354 4074 qno
370 4010 473 4060 Seneca
490 4012 614 4062 Contron.
628 4014 653 4063 2.
668 4014 769 4065 Praei:
788 4014 824 4063 to·
860 4028 922 4066 cnm
947 4016 1085 4066 translerri
1110 4014 1209 4077 solent,
1240 4018 1275 4066 ita
1298 4014 1365 4063 etlam

297 4097 387 4135 corion
401 4084 501 4134 ioottm
515 4088 696 4149 timiam
706 4090 824 4138 dcoorm
859 4102 938 4151 nsow,
958 4089 1031 4152 quod
1048 4102 1098 4153 pro
1109 4090 1149 4140 bic
1160 4092 1289 4154 ponitur.»
1306 4086 1365 4135 litii

298 4166 323 4211 et
337 4159 438 4210 oronim
453 4160 515 4209 εἰιω
528 4172 658 4223 moroque
671 4163 824 4225 populonien
860 4165 934 4214 i'urs.
960 4165 1003 4214 iv.
1027 4177 1053 4228 p.
1078 4164 1135 4215 ais.
1163 4192 1191 4203 -
1213 4166 1243 4214 lit
1264 4154 1364 4225 praei

298 4248 370 4285 uerno
393 4234 521 4296 descripsit
540 4233 716 4285 monor.
738 4264 765 4273 -
782 4237 824 4286 tu-
862 4238 945 4287 ·Aoct
963 4238 1054 4289 terami
1075 4238 1109 4289 da
1124 4240 1240 4289 mettdctt
1259 4238 1310 4287 einr
1323 4232 1364 4291 Gt·
