2925 4892
260 325 323 392 rqi
640 323 968 377 uomrusiruiauu

301 481 358 550 lile
378 481 468 549 velut
489 481 563 549 fidis
585 501 704 549 arcana
725 479 893 548 sodalibus
916 478 993 547 olim
1307 485 1351 550 30

303 603 466 671 Credebat
486 602 592 680 libris,
615 623 739 690 noque,
763 602 791 669 si
814 601 898 669 rnalc
920 610 1080 680 cesserat,
1102 623 1248 690 unquam

300 727 485 792 Decurrens
507 723 585 803 alio,
608 744 716 812 neque
738 723 766 790 si
788 723 889 802 beue;
912 743 978 810 quo
1000 722 1049 802 fit,
1071 733 1108 790 ut
1129 724 1233 791 omnis

301 845 412 912 Votiva
433 855 542 932 pateat
561 843 660 912 veluti
681 844 845 932 descripta
866 843 985 912 tabella

322 1107 364 1157 er.
382 1110 492 1170 persora
507 1105 618 1156 Bentleii
635 1106 662 1155 et
672 1105 790 1156 Pettiarii
800 1107 908 1170 praetor
918 1117 1003 1156 unum
1014 1119 1123 1170 omues,
1142 1108 1194 1172 sop
1206 1109 1233 1158 et
1245 1119 1313 1159 corr.

290 1180 319 1242 b,
337 1182 403 1231 item
421 1180 461 1231 ct.
493 1180 533 1243 (th
549 1191 614 1241 uos,
635 1180 754 1231 Pettierii
775 1180 885 1244 querare
906 1180 934 1229 et
953 1191 995 1244 pr.
1017 1179 1056 1246 b.)
1081 1207 1109 1218 -
1132 1195 1240 1244 aequom
1256 1195 1271 1234 c
1288 1184 1315 1233 et

291 1267 361 1306 corr.
380 1255 413 1316 s,
430 1255 496 1304 item
513 1254 547 1304 Ct
563 1266 595 1304 ec
611 1252 753 1304 Bentleius.

258 1485 315 1535 uim
329 1481 452 1535 facillime
462 1481 621 1547 plerumque
633 1483 784 1534 concedere
821 1482 869 1534 Od.
889 1486 917 1546 4,
942 1486 972 1545 s,
997 1485 1038 1535 43.
1068 1485 1171 1538 diedo
1188 1489 1246 1538 Nat.
1265 1488 1346 1539 Deor.

257 1558 376 1610 solemus
401 1560 537 1607 mortuum
563 1555 681 1621 aliquem
705 1556 784 1608 uobis
821 1555 850 1617 3,
869 1557 914 1618 37,
933 1559 984 1608 89:
1008 1573 1090 1610 eoem
1112 1561 1292 1612 animadvertis
1312 1575 1349 1612 ea·

258 1633 433 1699 praestitisse.
820 1636 856 1680 tot
871 1631 962 1682 tubulis
977 1633 1066 1695 pictis,
1091 1647 1168 1696 quern
1189 1636 1262 1685 4444444·
1283 1637 1350 1686 uotis

819 1707 871 1756 eim
887 1709 1038 1768 teupernus
1048 1709 1181 1771 effupoiot
1192 1711 1221 1760 io
1232 1715 1350 1772 portem·

291 1780 379 1832 30-34.
397 1781 442 1831 lite
452 1781 515 1842 cet]
534 1778 665 1832 «Lucilius
676 1779 783 1829 intimos
821 1792 868 1840 que
883 1780 949 1830 sulci
961 1782 1139 1842 peruenerunt?
1155 1809 1182 1818 —
1196 1784 1267 1848 seru]
1280 1783 1349 1834 ilie-

259 1856 340 1905 auimi
368 1854 480 1905 allectus
508 1856 536 1904 ct
565 1867 677 1904 arcanas
704 1866 784 1905 curas
821 1865 950 1915 rouymus
968 1855 992 1904 in
1011 1854 1212 1908 Chroo.ad01.
1231 1858 1292 1918 ica,
1319 1857 1348 1907 2.

259 1927 441 1980 concredebet
456 1942 480 1979 4,
493 1929 679 1980 committebat
693 1929 784 1978 Satiris
821 1927 905 1977 XLVI.
917 1926 1053 1980 dumtaxat
1070 1942 1155 1982 annos
1167 1931 1192 1980 ei
1208 1928 1300 1980 tribuit
1311 1931 1347 1992 (a.

259 2003 327 2063 suis,
347 2015 517 2065 magnacum
534 2000 702 2066 simplicitate
714 2000 785 2066 (nat-
821 2014 847 2054 u.
861 2013 885 2050 o.
898 2001 1069 2066 6446-6544,
1089 2002 1117 2053 id
1134 2004 1207 2068 quod
1224 2005 1348 2067 cougnrit

256 2075 322 2139 oet)
344 2076 434 2126 omuia
457 2089 520 2126 cum
541 2075 686 2127 lectoribus
708 2089 784 2126 com-
821 2087 884 2126 cum
896 2074 984 2125 Lucilii
996 2083 1065 2128 anuo
1077 2077 1165 2139 eatuli,
1180 2092 1262 2142 quem
1273 2079 1348 2129 idem

259 2149 412 2212 muuicaue,
430 2151 487 2200 sive
504 2150 569 2213 quid
585 2149 612 2200 iu
629 2150 682 2201 vita
694 2149 784 2214 quoti·
822 2149 1000 2212 Hieronymus
1020 2149 1168 2215 olympiadi
1197 2155 1252 2204 4448.
1277 2154 1349 2204 essi-

198 2250 200 2253 ·
259 2222 459 2274 dieueeimeli
481 2223 629 2285 acciderat,
652 2223 785 2286 seuquid
822 2226 891 2286 goat.
919 2224 1090 2276 Fuitemicus
1102 2226 1217 2276 biricoui
1234 2228 1347 2279 minoris

258 2299 381 2364 prosperi
402 2299 574 2361 contigeret.»
602 2299 642 2350 De
664 2299 719 2348 vita
735 2311 784 2348 au·
822 2296 919 2346 mortui
936 2311 961 2347 a.
974 2311 1001 2347 u.
1015 2311 1038 2348 c.
1058 2299 1115 2348 645.
1135 2303 1163 2350 et
1179 2299 1230 2350 sub
1248 2313 1280 2350 co
1292 2302 1349 2358 iiu-

258 2376 316 2424 tem
343 2386 392 2423 sua
421 2374 537 2424 maxime
565 2387 615 2438 per
638 2375 784 2424 Satirarum
822 2371 940 2420 mantino
957 2369 1028 2421 bello
1047 2372 1079 2434 (a.
1094 2373 1161 2435 tiit.)
1174 2386 1258 2437 eques
1275 2372 1350 2425 mili-

258 2445 357 2498 librum
379 2448 411 2498 ll.
429 2448 535 2498 videtur
557 2449 643 2512 egisse
666 2448 784 2498 Heusdio
821 2445 898 2504 tavit,
921 2443 992 2494 uude
1011 2444 1100 2495 multis
1118 2447 1205 2496 visum
1222 2449 1275 2508 ost,
1299 2460 1348 2496 er-

259 2520 341 2572 Lucil.
362 2534 389 2585 p.
412 2522 469 2572 ⁴77.
515 2523 615 2574 Verum
641 2523 785 2572 cousenta-
820 2513 911 2568 ro'rem
936 2518 962 2568 in
991 2517 1132 2569 indicando
1158 2521 1251 2570 mortis
1275 2533 1349 2571 auno

259 2608 343 2646 neum
359 2598 401 2646 est
419 2594 482 2646 alibi
499 2609 607 2660 quoque
624 2596 726 2661 passim
743 2609 785 2646 re-
822 2592 996 2644 commissum
1019 2605 1079 2643 essc
1102 2591 1138 2642 ab
1164 2593 1347 2656 Hieronym03

257 2681 319 2719 rum
350 2681 461 2720 suerum
492 2671 657 2721 mentionem
687 2668 722 2718 ab
751 2683 784 2719 co
821 2679 916 2716 verum
940 2679 993 2716 vau
1018 2665 1125 2718 iieusde
1153 2666 1233 2718 Lucil.
1254 2680 1280 2731 p.
1303 2669 1347 2718 44.

258 2743 385 2792 iniectam
402 2755 473 2794 esse.
500 2744 556 2794 Nec
572 2756 637 2793 vero
654 2744 728 2793 recto
741 2755 785 2792 ex·
821 2741 1013 2790 demonstravit
1030 2743 1093 2790 tuuc
1109 2755 1164 2792 nou
1180 2743 1215 2792 ita
1232 2754 1293 2792 rero
1304 2741 1350 2793 ie-

223 2879 230 2886 ·
257 2817 365 2883 plicavit
388 2819 537 2870 Bentleius:
568 2821 636 2870 «Seu
661 2818 732 2870 bene
759 2820 784 2870 ei
821 2815 894 2864 ulum
919 2825 994 2876 esse,
1028 2818 1058 2864 tlt
1082 2817 1139 2864 acri
1167 2817 1260 2866 utilitia
1279 2829 1350 2878 inter

258 2894 382 2944 cesserat
396 2893 423 2942 iu
442 2891 599 2953 scribendo,
620 2906 669 2944 seu
686 2891 782 2952 meleu
821 2889 955 2938 Romanus
965 2889 1018 2938 XV.
1032 2901 1163 2940 annorum
1179 2890 1286 2942 militiae
1299 2903 1350 2940 uo-

257 2977 321 3015 cum
337 2965 371 3014 de
389 2964 515 3014 omuibus
531 2965 602 3015 vitae
621 2965 784 3017 vicissitudi-
820 2975 884 3012 meu
901 2962 991 3023 daret;
1016 2963 1085 3014 hauc
1107 2967 1197 3014 autem
1219 2977 1347 3030 praeme-

257 3037 337 3090 uibus
353 3037 554 3100 intelligendum
565 3039 608 3089 sit.
632 3041 721 3090 Lectio
731 3055 785 3104 pee-
820 3037 908 3087 turam
931 3034 1051 3086 militiam
1073 3037 1208 3088 sublatam
1233 3051 1294 3090 esse
1312 3040 1345 3090 C.

256 3117 326 3162 serat
340 3113 494 3162 accusativo
505 3125 599 3163 carere
610 3126 664 3164 nou
680 3117 781 3178 posset,
821 3111 931 3160 Gracchi
953 3109 1092 3162 tribunicia
1116 3110 1174 3175 lege
1193 3111 1268 3176 [Plut.
1286 3113 1348 3164 Vita

258 3187 339 3248 atqie
356 3187 445 3236 ortum
462 3187 504 3236 est
525 3199 558 3236 ex
574 3200 629 3237 non
651 3186 782 3240 intellecta
819 3184 864 3246 ti.
883 3184 1056 3247 querimonia
1073 3189 1134 3251 post
1151 3188 1269 3237 excisam
1288 3189 1347 3238 uu-

257 3259 359 3310 Horatii
373 3271 465 3309 manu.
486 3285 514 3296 -
526 3263 649 3324 aequom]
668 3262 736 3313 Cum
746 3261 784 3313 io-
820 3259 959 3320 mantiam,
979 3272 1033 3323 qua
1044 3263 1152 3310 cautum
1164 3263 1217 3322 est,
1237 3274 1271 3311 aa
1284 3262 1348 3325 quis

258 3345 308 3385 cus
324 3333 466 3384 definietur
480 3347 508 3385 v.
526 3335 592 3396 otio,
616 3338 736 3400 praestet
753 3339 783 3387 ut
820 3332 886 3382 iufra
903 3333 979 3383 xvil.
993 3335 1087 3384 aetatis
1103 3347 1204 3386 anuum
1220 3336 1255 3386 ad
1274 3333 1349 3385 mili-

258 3410 339 3459 etiam
363 3410 471 3472 tempus
496 3411 661 3474 significetur
683 3423 710 3460 v.
732 3425 783 3461 ue·
820 3407 885 3456 tiam
901 3409 1052 3470 cogeretur.
1087 3408 1238 3459 idemvero
1254 3408 1348 3462 Lucilii

257 3494 352 3543 qoom3
370 3495 479 3545 mquam
492 3485 543 3536 aito
560 3485 675 3535 otiosum
687 3487 736 3535 eet.
752 3511 780 3522 -
819 3482 901 3530 vitam
918 3481 1043 3545 producit
1060 3495 1147 3546 usque
1169 3483 1204 3533 ud
1228 3497 1254 3534 a,
1272 3497 1300 3534 u.
1317 3498 1345 3536 c,

257 3557 401 3607 Decurreos
425 3557 491 3622 otto]
518 3557 605 3610 «aliud
630 3558 782 3622 coniugium
821 3553 889 3614 687.,
907 3555 969 3617 quia
987 3555 1063 3604 satir.
1076 3555 1104 3604 L.
1122 3555 1163 3606 20.
1177 3556 1219 3606 Fr.
1233 3555 1264 3608 i:
1283 3557 1347 3607 Goi—

257 3642 425 3693 quaercus.»
453 3660 481 3670 -
511 3633 598 3682 Voiiea
612 3659 629 3669 -
644 3658 661 3670 -
676 3633 782 3698 mua]
815 3628 895 3690 periti
916 3639 1018 3678 seeum
1036 3629 1115 3692 teque
1135 3630 1231 3680 Pisonis
1246 3631 1349 3680 memi-

259 3701 366 3752 «soleut
384 3704 503 3767 uauiragi
520 3719 600 3756 suum
616 3707 782 3770 ueuiragium
820 3701 900 3762 uerit.
924 3699 969 3751 illo
986 3714 1056 3752 euno
1074 3701 1108 3752 de
1125 3702 1228 3753 ambitu
1246 3701 1346 3766 latam

257 3775 286 3825 iu
302 3773 399 3826 tabella
416 3776 552 3839 depictum
570 3778 742 3830 circumferre
757 3781 785 3830 et
819 3774 928 3839 propris
945 3775 1024 3837 igitur
1033 3789 1060 3825 v.
1070 3777 1135 3826 444444
1145 3775 1348 3840 intelligendum

258 3847 287 3898 iu
306 3848 413 3912 templis
430 3847 508 3900 elicui
524 3848 576 3900 deo
597 3855 784 3904 consecratum
821 3861 890 3900 esse.
931 3849 1033 3900 verum
1060 3849 1129 3900 duae
1156 3851 1272 3902 maxime
1293 3850 1348 3902 ob·

258 3921 434 3985 suspendere.
468 3922 510 3972 Ad
525 3922 719 3976 huucmodum
730 3927 785 3976 Lu·
820 3924 891 3974 stant
913 3921 1099 3974 difficultates:
1129 3925 1247 3989 primum
1272 3926 1347 3978 euim

259 3992 312 4046 ciiii
327 3995 399 4045 senis
412 3994 466 4046 vita
483 3998 538 4048 tam
555 3996 626 4048 clara
637 4001 680 4049 est
690 3999 717 4049 iu
727 3997 783 4050 suis
820 3997 930 4048 minime
958 3999 1063 4048 constat
1086 4011 1103 4048 a
1130 3998 1229 4052 Lucilio
1256 3997 1349 4063 legem

258 4066 348 4130 libris,
373 4069 450 4132 quasi
473 4072 547 4122 44444
565 4071 671 4137 depicta
691 4073 718 4123 in
735 4070 784 4122 ali-
821 4069 992 4135 Calpurniam
1016 4073 1046 4123 de
1067 4071 1163 4124 aratu
1186 4074 1347 4137 significa-i,

260 4153 314 4207 que
336 4139 452 4192 tabule.»
489 4142 573 4196 con.
590 4145 671 4205 cauo.
705 4145 781 4198 Geni.
820 4159 883 4198 oum
908 4147 990 4198 etiam
1014 4145 1044 4198 dr
1067 4148 1181 4210 4444444444
1203 4149 1351 4212 reprimit
