2925 4892
506 384 565 435 nm.
585 384 615 434 u.
651 384 719 435 sm.
738 384 791 433 vu.
1136 381 1199 447 3t⁷

118 542 162 592 τὸν
178 542 310 609 οἰκέτην,
330 555 392 593 cum
410 542 534 606 mancipii
552 542 667 606 asparis,
686 542 736 591 sed
752 540 894 591 veracibus
911 543 1017 593 monitis
1031 545 1199 607 opponantur

119 628 171 677 heri
189 626 251 677 tatia
270 626 321 677 sibi
338 625 417 676 obiici
434 624 561 689 indignati
577 624 666 675 rabies
683 627 764 688 atque
782 637 877 687 graves
893 624 990 675 minae.

175 709 367 767 Nihilominus,
386 708 451 759 dum
469 710 495 758 in
513 709 705 772 semetipsum
722 706 866 772 opprobria
889 706 961 771 targa
978 722 1059 759 msnu
1075 710 1198 772 ingerere

115 793 227 849 videtur,
241 792 381 843 hominum
392 790 470 855 voigo
482 795 562 856 atqua
574 792 705 856 imprimis
717 791 877 843 adversariis
888 792 945 841 suis
956 792 1094 854 significat,
1106 790 1199 843 talium

115 877 144 929 de
155 891 185 929 se
197 876 296 927 iudicis
307 876 404 940 partim
416 875 556 939 iniquiora,
570 876 666 939 partim
677 888 788 939 prorsus
800 873 864 925 iuisa
877 875 986 925 minime
998 874 1097 925 distare
1110 875 1144 925 sb
1157 876 1197 937 iis.

115 974 178 1025 quau
197 974 213 1009 a
231 960 328 1023 quovis
344 958 451 1010 sunnio
469 959 526 1010 fleri
544 960 572 1009 et
587 958 690 1023 possint
706 960 734 1008 st
749 956 866 1016 soiesnt;
894 957 1016 1020 indignos
1038 958 1117 1020 igitur
1137 972 1198 1009 esso

114 1057 172 1095 suos
191 1043 402 1103 obtrectatores,
430 1041 528 1107 quibus
551 1042 654 1092 directo
674 1040 850 1105 respondeat,
876 1042 1003 1105 omniqua
1021 1042 1199 1094 contutatione

117 1142 179 1191 ongo
205 1128 346 1191 praestaro
369 1124 486 1190 lepidum
509 1124 650 1175 stultorum
673 1124 845 1175 derisionem.
880 1126 919 1175 De
942 1124 1040 1177 talibus
1061 1127 1133 1177 anim
1149 1140 1200 1177 suo

115 1226 158 1261 urs
176 1212 271 1261 dicere
289 1212 412 1273 poterat:
430 1202 606 1277 Ἀνδράποδα
622 1204 714 1259 ταῦτα
732 1192 791 1259 σῦκ’
804 1204 882 1257 οἶδεν
893 1203 961 1260 oiot
977 1211 1020 1272 τίς
1038 1210 1112 1274 εἰμι,
1131 1201 1200 1260 οὑδὲ

115 1296 169 1345 ,τοῦ
185 1308 247 1361 μου
266 1288 301 1342 τὸ
317 1286 432 1358 ἀγαθὸν
449 1293 498 1342 καὶ
515 1288 549 1343 τὸ
566 1288 672 1353 κακόν,
691 1284 737 1342 ὅτι
749 1286 783 1343 οὐ
796 1288 941 1361 πρόσοδος
956 1288 1058 1357 αὐτοῖς
1074 1290 1146 1365 πρὸς
1163 1290 1199 1344 τὰ

115 1374 175 1443 ἐμά.
214 1378 326 1441 (arrian
340 1376 423 1440 Epict.
436 1374 465 1435 i.
484 1376 512 1436 5,
531 1376 582 1439 it.)
612 1375 688 1427 iiaud
700 1376 792 1426 inscita
805 1377 845 1426 est
857 1376 981 1427 Diinizeri
992 1378 1095 1441 opinio,
1112 1378 1199 1442 prima

116 1463 152 1513 iiia
169 1460 254 1513 vetuti
272 1474 287 1511 a
304 1460 466 1524 Damasippo
484 1458 668 1509 Saturnalibus
686 1458 799 1509 diatriba
816 1458 906 1509 habita
924 1461 986 1521 (Sat.
999 1461 1030 1521 2,
1048 1460 1084 1523 3.)
1101 1460 1199 1512 advar-

115 1548 195 1597 sanos
213 1542 315 1608 aliquot
331 1544 460 1593 excitatos
478 1556 552 1603 esse,
579 1542 676 1607 quibus
698 1556 752 1593 nun
767 1544 826 1595 sins
843 1542 946 1593 urbsns
962 1542 1079 1607 quadam
1099 1543 1199 1595 malitia

116 1630 236 1680 Horatius
257 1628 301 1677 hie
324 1624 434 1677 alterum
455 1628 573 1677 suenum
596 1624 763 1677 Suturnsism
783 1626 886 1676 offerat.
926 1627 1028 1691 Soriptu
1050 1626 1156 1679 videtur
1171 1640 1197 1677 a.

115 1726 138 1761 u.
156 1726 180 1763 o.
199 1711 258 1763 ist.
