2925 4892
650 325 778 376 uenatu
796 325 977 377 statuantur

216 482 222 493 ¹
326 480 482 547 Sarmenti
506 498 638 546 scurrae
661 498 803 566 pugnam
826 480 989 567 Messique
1015 480 1168 554 Cicirrhi‚

325 602 430 678 Musa,
453 599 550 667 velim
572 620 750 673 memores,
774 610 807 665 et
828 621 894 687 qao
914 612 1003 689 patre
1027 612 1119 667 natas
1147 612 1284 689 aterque

328 721 505 791 Contalerit
526 720 607 788 lites.
652 721 748 787 Messi
772 720 893 789 claram
916 744 1019 809 genas
1041 724 1137 801 Osci3

327 844 485 911 Sarmenti
509 844 640 910 domina
662 852 779 909 exstat:
804 841 844 908 ab
868 842 917 909 his
941 843 1116 911 maioribus
1142 846 1203 909 orti
1334 846 1382 908 55

326 966 374 1032 lld
397 985 538 1053 pugnam
560 984 692 1031 venere.
738 964 830 1029 Prior
855 965 1060 1031 Sarmentus:
1085 965 1168 1051 Equi
1191 975 1222 1031 te

327 1089 408 1153 Esse
430 1086 487 1153 leri
511 1084 648 1151 similem
670 1083 754 1151 dico.
799 1084 969 1161 Bidamas,
993 1087 1119 1173 etipse

330 1210 467 1275 Messias
490 1207 637 1294 Accipio.
661 1216 759 1292 caput
782 1216 813 1271 et
834 1218 950 1273 movet.
996 1209 1040 1284 Ο,
1068 1218 1123 1273 tua
1144 1229 1245 1275 corna

351 1426 383 1475 aa
395 1425 474 1475 ctas.
494 1386 781 1474 emate-eatenus
798 1422 845 1471 aa.
859 1423 960 1473 veneta
979 1422 1065 1475 tran:
1086 1425 1346 1475 carne-cemus

318 1501 407 1561 scau
432 1501 460 1549 et
484 1511 547 1549 cum
572 1499 652 1561 ttegio
678 1496 778 1557 Beati,
805 1497 913 1548 thcrrct
930 1498 956 1547 h.
976 1496 992 1547 l.
1011 1510 1052 1562 pr.
1071 1497 1105 1557 b,
1128 1499 1221 1549 Cicerei
1239 1524 1251 1535 -
1269 1526 1281 1535 -
1300 1500 1346 1549 Ci-

318 1589 405 1627 oerrus
421 1573 466 1639 dp,
486 1587 554 1624 corr.
575 1572 594 1623 b
612 1575 639 1623 ct
655 1574 716 1624 aet.
755 1572 793 1634 (Ut
810 1585 872 1633 nos,
890 1572 924 1635 t.)

286 1727 337 1777 sed
364 1725 459 1775 eruditi
488 1724 569 1774 etiam
596 1723 645 1772 viri
676 1722 811 1772 interdum
848 1719 951 1771 ridiculi
976 1734 1057 1773 causa
1082 1722 1208 1783 inditam,
1239 1722 1312 1785 qaod
1340 1725 1385 1772 si-

286 1798 441 1851 scarrilibus
467 1799 523 1848 istis
546 1797 612 1847 iocis
638 1794 812 1847 delectahau-
846 1808 925 1858 gnum
941 1794 1084 1859 (sobripuct¹
1105 1796 1383 1861 Ucbemuntalvocant

287 1880 343 1934 tar,
374 1872 446 1937 quod
467 1871 501 1921 de
523 1869 593 1920 Sulla
616 1884 650 1920 ex
674 1871 811 1921 Athenaeo
847 1870 1023 1934 posteriores,
1058 1873 1100 1921 est
1127 1864 1277 1941 Κὶκιρρος,
1307 1866 1384 1921 ἀλε-

286 1950 315 2009 (1,
335 1949 374 1998 ll.
393 1949 502 2005 scimus,
521 1946 548 1995 et
564 1942 607 1993 vel
625 1944 732 1995 lloratio
745 1946 812 1993 lites·
848 1940 959 2014 κτρυών
981 1946 1137 2009 (assuant,
1162 1947 1207 1996 der
1228 1946 1382 1997 Gacldaltu.

286 2022 318 2072 aii
335 2021 500 2083 Cicirrlriqae
517 2032 672 2070 scurrarum
694 2032 811 2083 pugnam
849 2018 933 2081 (Haud
955 2019 1082 2070 dissimile
1104 2022 1311 2083 cognomentum
1336 2026 1385 2071 est

231 2126 236 2133 -
287 2095 367 2145 laissa
392 2092 589 2145 oblectamento
615 2094 672 2156 ipse
700 2092 811 2157 prolite-
850 2094 920 2143 Tertii
938 2094 1033 2144 Catulli
1050 2108 1159 2145 scurrae
1175 2095 1246 2158 apad
1263 2096 1382 2145 Martini.

288 2172 356 2219 tur.»
387 2196 414 2204 -
444 2167 571 2217 Sumnenti
602 2166 667 2230 cet]
698 2168 810 2215 Scurrae
849 2167 944 2230 1,]11,
965 2169 1014 2231 11.)
1036 2169 1327 2233 -puopctrenutud
1349 2173 1386 2223 Ut

287 2246 378 2293 utram
394 2243 421 2291 in
438 2241 598 2291 Maecenatis
615 2241 742 2290 comitatu
754 2239 812 2290 lae·
849 2242 984 2292 Horatium
996 2242 1143 2306 carpebant
1155 2242 1284 2303 malevoli,
1299 2246 1381 2306 qaod

288 2316 351 2376 rint,
370 2328 404 2364 aa
417 2314 516 2365 Caudio
528 2315 647 2364 arcessiti
659 2328 674 2363 a
687 2316 810 2374 Cocceio,
848 2316 960 2365 libertino
972 2322 1048 2377 putre
1058 2322 1134 2366 natas
1145 2320 1231 2378 esset,
1250 2318 1288 2367 sic
1302 2318 1382 2380 ipse,

289 2390 316 2440 id
332 2389 404 2453 qaod
422 2390 544 2454 opinatur
560 2390 689 2449 Dantzer,
709 2389 813 2451 ignora·
849 2390 897 2439 scd
914 2388 991 2453 louge
1009 2391 1097 2441 minas
1114 2389 1257 2452 malitiose,
1276 2391 1383 2441 horam

289 2476 363 2521 mas;
383 2461 446 2513 illad
463 2475 528 2513 sanc
545 2461 722 2527 probabilium
742 2465 769 2512 et
786 2464 810 2511 in
848 2476 1002 2514 scurrarum
1019 2466 1130 2529 stirpem
1142 2464 1225 2526 ridet,
1244 2462 1383 2515 simulans

288 2537 385 2588 talibus
407 2534 551 2602 oppidulis‚
579 2536 656 2599 quale
681 2536 812 2587 Caudium
848 2552 886 2599 se,
900 2540 1045 2601 autequam
1057 2552 1151 2589 eorum
1164 2541 1299 2588 certarnen
1313 2552 1381 2588 nar-

288 2614 359 2671 erat,
378 2612 488 2660 huiusce
507 2611 611 2673 generis
628 2611 813 2674 homiuespa-
849 2615 904 2673 ret,
938 2616 1074 2675 tamquam
1101 2613 1214 2662 heroam
1246 2610 1384 2665 illustrent

288 2686 361 2738 rasiti
375 2688 507 2749 procerte
519 2684 597 2735 breui
608 2688 729 2749 tempore
742 2685 812 2735 lame
850 2686 1032 2751 «prosapiam»
1046 2688 1254 2750 expositarum.»
1269 2714 1296 2722 -
1311 2688 1384 2752 Osci]

290 2760 378 2811 enecti
405 2761 511 2818 essent;
540 2757 689 2809 sedetiam
706 2762 815 2810 Maece·
849 2760 975 2809 nominat.
994 2758 1063 2823 plur.
1085 2761 1165 2810 ittunlr
1191 2760 1225 2810 dc
1250 2758 1386 2811 Atellanis

290 2848 338 2885 nas
349 2835 458 2897 propter
470 2833 583 2882 comites
595 2831 739 2883 levioribus
749 2846 815 2897 qao-
849 2848 876 2898 p.
895 2833 941 2883 28:
972 2834 1068 2883 «Erant
1088 2836 1147 2885 Osci
1174 2834 1244 2898 apud
1269 2836 1385 2886 veteres

289 2920 342 2970 quc
371 2906 437 2956 iocis
473 2906 608 2955 interdum
641 2905 814 2957 delectandos
850 2906 919 2958 male
937 2909 990 2957 noti
1009 2906 1043 2957 ob
1062 2908 1266 2971 impudicitiam,
1285 2910 1384 2973 itaque

289 2980 386 3030 talibas
403 2977 557 3027 hominibus
575 2992 667 3029 carere
680 2981 723 3028 vix
736 2982 814 3043 pote-
850 2982 973 3033 Romanis
986 2984 1151 3047 contemptui
1168 2985 1257 3043 erant,
1276 2986 1303 3032 et
1315 2986 1387 3047 Opi-

291 3057 341 3112 rat,
358 3050 555 3102 oblectamento
569 3051 700 3116 simulque
709 3054 815 3105 lastidio
851 3070 911 3107 cam
929 3058 1037 3119 gentem
1054 3058 1146 3119 postea
1160 3058 1229 3107 inter
1243 3058 1384 3109 Romanos

291 3132 357 3179 tunc
388 3138 474 3189 prope
506 3128 659 3176 necessario
688 3129 815 3193 principi·
850 3133 988 3195 receptam
1012 3128 1128 3179 barbara
1146 3144 1193 3181 saa
1216 3129 1302 3193 lingua
1321 3131 1386 3183 dis-

289 3202 341 3252 bas
358 3202 439 3263 atque
457 3197 544 3263 politis
561 3200 643 3251 etiam
659 3202 730 3253 viris.
753 3204 814 3253 Sur·
851 3206 977 3267 sonisque
994 3202 1115 3254 moribus
1132 3202 1215 3255 malta
1232 3204 1266 3254 de
1288 3207 1384 3268 prisca

289 3277 396 3325 meatus
424 3276 515 3324 autem
543 3286 639 3325 servas
666 3275 752 3326 iuerat
780 3279 813 3329 u.
850 3277 892 3329 illa
916 3281 942 3328 et
966 3276 1105 3341 praeclara
1127 3278 1165 3328 rei
1189 3277 1311 3341 publicae
1336 3280 1386 3330 di-

290 3351 407 3409 Favonii‚
434 3349 524 3409 euius,
551 3351 644 3413 utpote
665 3350 734 3400 inter
751 3364 816 3415 pro·
851 3352 961 3416 sciplina
974 3353 1000 3401 in
1011 3353 1087 3416 peius
1099 3354 1255 3413 innovasse,
1269 3355 1326 3403 vcri
1339 3356 1386 3405 si-

289 3427 405 3490 scriptos
422 3424 517 3485 occisi,
535 3423 668 3474 honoram
686 3426 769 3475 sectio
781 3426 815 3476 ad
851 3426 912 3478 mile
930 3428 1005 3491 putat
1027 3428 1169 3491 dionysias
1188 3426 1267 3478 italic.
1286 3430 1313 3487 l,
1334 3430 1381 3479 89.

289 3501 471 3553 Maecenatem
482 3498 564 3559 venit,
583 3498 629 3563 qai
646 3500 815 3550 Sarmentum
851 3504 992 3553 Praeterea
1021 3501 1081 3551 Osci
1109 3501 1266 3551 scurrilitate
1294 3504 1383 3554 etiarn

289 3574 444 3625 manumisit
464 3574 491 3623 et
514 3573 633 3644 scrihpm
656 3574 726 3624 lecit.
770 3576 816 3625 Di·
851 3578 968 3639 insignes
995 3575 1109 3640 ideoque
1138 3576 1262 3627 Ronranis
1290 3577 1385 3629 irrisui

289 3647 464 3709 stinguendas
485 3647 528 3697 hic
553 3646 691 3697 videtara
716 3662 816 3712 eogno-
852 3653 938 3709 erant,
958 3652 987 3699 ut
1004 3650 1031 3700 h.
1051 3649 1085 3699 l.»
1109 3675 1136 3686 -
1160 3652 1261 3700 domim
1283 3654 1383 3717 acuat]

290 3721 362 3769 mine
370 3720 505 3769 Octaviani
516 3734 600 3783 puero
609 3720 731 3771 delicato.
747 3721 812 3772 Plat
851 3727 884 3777 Μ.
905 3724 1009 3774 Favonii
1028 3724 1106 3775 vidua
1128 3728 1222 3789 (quara
1242 3726 1306 3775 satis
1326 3726 1386 3777 im-

290 3797 349 3845 ant.
368 3794 408 3841 tta.
429 3793 461 3854 (a.
481 3806 507 3842 a.
525 3808 548 3842 c.
562 3794 629 3853 tat.)
659 3794 712 3845 Cir.
725 3796 813 3846 schol.
851 3800 935 3865 perite
947 3812 980 3849 ex
997 3812 1047 3849 asa
1065 3801 1221 3849 Germanico
1239 3800 1386 3850 Favonium

290 3869 380 3917 taven.
401 3868 430 3926 5,
450 3866 474 3914 3.
502 3866 638 3915 Weichert
657 3869 730 3918 Poet.
758 3872 812 3921 Lat.
851 3874 982 3936 interpres
1005 3874 1114 3937 quidam
1138 3872 1285 3938 appellarit)
1315 3874 1386 3925 vivit

290 3954 317 4004 p.
346 3939 421 3999 111,
453 3941 593 4002 praeterea
619 3940 745 4006 Spalding
780 3945 814 3994 ad
851 3946 938 3997 ndlrac
959 3947 1080 4012 adeoque
1099 3962 1194 3998 servas
1211 3950 1252 3998 est
1269 3959 1301 3996 ac
1319 3949 1384 3999 sine.

291 4012 438 4075 Quintilli,
456 4014 485 4073 3,
504 4015 556 4075 58,,
574 4014 816 4069 ubiSarmentidi-
851 4022 952 4084 patre.»
978 4048 1006 4057 -
1032 4022 1063 4071 ab
1088 4022 1126 4071 liis
1150 4022 1288 4073 aratoribus
1312 4024 1383 4087 orti]

289 4093 358 4138 ctmn
374 4087 496 4137 refertur.
516 4115 542 4123 -
560 4089 684 4152 Messique
700 4091 814 4157 Cicirrti]
852 4096 943 4158 Aeque
970 4096 1021 4146 hoc
1047 4095 1186 4148 ridiculam
1210 4100 1290 4162 utque
1315 4096 1384 4148 illud

290 4176 400 4213 scurrae
418 4164 573 4226 ceteroquin
591 4165 680 4227 ignati.
712 4168 814 4217 Nomen
852 4169 1017 4235 Olympionis
1036 4169 1111 4221 villici
1139 4172 1163 4221 in
1186 4171 1267 4223 Plaat.
1287 4172 1382 4222 Casia.
