2925 4892
553 378 614 429 aas
633 378 777 431 rotrici.

171 531 238 596 Cur
259 550 322 617 ego
344 532 371 596 si
394 551 525 618 nequeo
545 532 725 621 ignoroque
746 541 842 621 poeta
864 534 1008 601 salutor‘l

169 652 235 718 Cur
257 652 384 718 nescire
405 652 532 739 pudens
552 674 653 740 prave
673 674 772 741 quam
794 654 922 725 discere
944 654 1053 723 malo?

169 771 324 839 l'ersibus
345 773 463 859 exponi
485 773 615 860 tragicis
636 794 689 840 res
710 775 835 843 comica
856 794 920 843 non
942 774 1023 855 volt;

169 890 356 979 Indignatur
376 891 452 959 item
474 893 605 980 privatis
627 914 666 960 ac
687 915 790 983 prope
816 916 913 964 socco

169 1013 283 1101 Dignis
304 1012 498 1079 carminibus
520 1014 644 1081 narrari
666 1034 768 1081 coena
790 998 957 1106 Thyestae.

171 1131 304 1219 Singula
325 1153 476 1220 quaeque
498 1132 604 1201 locum
626 1144 756 1201 teneant
776 1138 887 1203 sortita
908 1137 1070 1205 decenter.

170 1252 335 1320 Interdum
355 1264 462 1320 tamen
484 1265 517 1320 et
536 1274 650 1321 vocem
672 1256 842 1323 comoedia
863 1257 956 1335 tollit,

193 1412 235 1462 st.
253 1414 470 1465 444444444ὴῦ444
486 1417 514 1465 44
524 1428 619 1467 omues
631 1414 794 1467 llochederl:
813 1417 935 1467 4444444444
946 1420 965 1468 Β
978 1421 1005 1468 44
1015 1419 1087 1483 liegii
1102 1422 1181 1483 quin-

158 1500 230 1551 que,
248 1501 282 1537 en
297 1501 352 1539 uno
368 1502 479 1540 suorum
497 1490 532 1553 (c)
550 1490 661 1553 aliisque
683 1490 817 1543 Bentlelus
838 1494 866 1543 et
886 1494 919 1543 44,

123 1630 208 1680 epora
217 1630 240 1668 s.
250 1630 349 1681 genera
361 1619 442 1669 certis
452 1617 556 1681 legibus
566 1618 651 1670 semal
685 1622 796 1682 44444444
804 1649 817 1659 -
826 1622 987 1687 carminibus]
1000 1636 1142 1675 «sermone
1153 1638 1213 1677 ver·

124 1692 267 1754 accipio,
286 1691 312 1740 id
323 1694 378 1753 est,
391 1690 541 1756 singulatim
553 1695 652 1745 consti-
688 1694 816 1757 sinusque
834 1697 971 1747 bominum
991 1698 1157 1761 privatorum
1173 1700 1212 1747 vi-

125 1767 183 1815 tute
201 1769 229 1816 et
244 1765 329 1817 4444444
345 1766 429 1815 sinte
446 1768 553 1817 Graecis
571 1768 653 1831 potis-
688 1771 731 1819 tae
755 1770 937 1832 quotidianae,
965 1771 1072 1835 qualern
1096 1773 1213 1823 imitatur

124 1840 241 1900 dmum.
259 1840 301 1890 bis
312 1838 425 1903 legibus,
443 1853 557 1904 quarum
571 1854 651 1893 cause
689 1843 845 1904 comoedia,
864 1846 946 1909 44444,
964 1858 1017 1895 non
1035 1845 1148 1897 heroum
1161 1849 1213 1897 tra-

125 1914 155 1963 ct
170 1914 240 1963 ratio
256 1915 325 1963 inest
338 1914 435 1978 tuipsa
446 1915 543 1965 mentis
554 1914 652 1964 huma·
688 1918 808 1980 gicorum
825 1919 974 1971 octonibus
992 1933 1024 1971 ac
1041 1921 1211 1972 facinoribus.

124 2000 178 2036 nae
195 1990 305 2050 natura,
324 1986 446 2050 religiosa
463 1988 653 2053 obtemperau—
688 1991 787 2050 Quodsi
806 1996 859 2045 tam
871 1995 994 2057 imperite
1006 1992 1100 2057 uliquis
1114 2008 1212 2057 genem

124 2059 194 2111 dum
210 2062 266 2119 est3
285 2062 386 2125 444444
397 2075 444 2113 eas
459 2060 533 2125 leges
544 2061 586 2114 val
598 2076 651 2114 nou
689 2066 844 2129 contundat,
863 2068 1011 2132 indipnatur
1027 2065 1145 2127 lectum
1163 2082 1213 2133 pro

124 2136 201 2185 novit
223 2135 266 2185 rel
290 2135 401 2188 licenter
422 2138 530 2199 migrat,
556 2139 651 2201 potitae
688 2152 755 2203 quo,
781 2144 812 2191 ut
832 2141 910 2193 simul
934 2140 1086 2206 exemplum
1109 2142 1212 2203 allerat,

124 2211 236 2259 nomiae
252 2209 376 2272 indignus
388 2213 437 2261 est.
458 2212 591 2275 imprimis
603 2224 652 2261 aa·
688 2226 801 2265 coenum
813 2217 960 2279 Thyestae,
979 2216 1077 2267 summi
1094 2216 1213 2267 horroris

100 2295 106 2307 ¹
124 2287 183 2334 tem
199 2284 307 2335 utenda
318 2298 401 2349 prava
413 2298 542 2348 genenrm
558 2286 652 2335 conlu-
687 2290 779 2351 tragici
791 2293 978 2352 argumentum
992 2289 1033 2351 (44.
1044 2290 1091 2339 Od.
1103 2293 1130 2351 4,
1144 2291 1174 2351 6,
1187 2290 1212 2341 8.

123 2359 168 2409 sio
184 2370 217 2407 ae
228 2360 395 2423 permixtim»
411 2360 487 2409 44444
499 2357 652 2423 exemplum
688 2362 771 2425 Epod.
785 2365 813 2423 5,
832 2363 892 2425 Sti),
911 2364 995 2428 ponit.
1015 2365 1051 2415 Ea
1069 2377 1133 2414 vero
1149 2378 1213 2413 aar·

124 2433 218 2483 statim
234 2432 370 2495 subiungit
385 2447 411 2483 v.
427 2433 468 2483 89.
496 2432 571 2495 (44444
583 2446 652 2483 non-
687 2440 731 2485 rat
751 2429 769 2485 ὁ
786 2432 950 2501 decimatae,
970 2449 1033 2487 cum
1055 2438 1081 2487 in
1104 2449 1212 2489 scenam

124 2505 190 2557 nulli
213 2507 280 2556 44444
303 2505 435 2570 explicant
457 2507 599 2569 rhythmos
625 2509 653 2557 et
688 2508 799 2572 produci
811 2522 864 2559 non
876 2510 969 2572 possit.
986 2536 1012 2545 -
1031 2508 1214 2572 8449444444]

125 2580 233 2642 metra.)
250 2607 278 2617 -
295 2581 397 2645 cotom]
414 2582 473 2631 lloc
488 2580 651 2633 vocabulum
688 2583 789 2633 Rursus
806 2581 919 2633 inculcat
935 2586 1124 2647 praeceptum,
1140 2583 1212 2647 quod

124 2653 313 2718 complectitur
328 2656 356 2704 et
372 2655 477 2706 dicendi
494 2668 579 2718 genus
598 2655 652 2717 (sti-
688 2656 757 2707 inest
777 2656 804 2705 in
825 2668 850 2705 v.
868 2655 911 2705 86.
937 2658 1089 2717 «Locump
1114 2658 1212 2719 inquit,

124 2727 181 2779 lum
194 2740 277 2791 quem
288 2728 415 2789 dicimus,
434 2730 526 2780 Graeci
537 2723 589 2779 τὸν
600 2743 651 2787 κα·
688 2742 785 2792 aquam
803 2726 904 2790 singula
922 2730 1026 2789 sortita,
1053 2741 1101 2779 sua
1118 2731 1213 2781 nutura

123 2800 257 2873 ρωιτῆρα
264 2798 316 2853 τοῦ
325 2797 529 2873 ldyomaidpda,
538 2800 650 2866 ἰσχνόν,
687 2805 765 2853 aucta
786 2805 848 2853 sunt
864 2802 909 2851 vel
929 2803 955 2852 in
972 2802 1107 2865 tragoedia
1125 2800 1167 2852 vel
1186 2802 1213 2852 in

123 2879 229 2942 μέσον.
248 2876 312 2927 Geli.
322 2880 394 2928 444.
405 2878 429 2937 ’4,
443 2877 485 2938 44,
496 2878 530 2940 4.)
548 2882 576 2928 44
586 2890 650 2927 ver-
687 2877 842 2938 comoedia,
856 2878 964 2927 teneant
975 2878 1099 2938 44444444,
1113 2871 1213 2946 adaps-

125 2952 305 3002 sitleetionem
322 2951 419 3016 cuique
436 2952 528 3015 generi
545 2953 649 3015 aptam,
687 2948 773 3012 πῶς.»
800 2950 889 3000 Lectio
906 2962 1053 3013 paucorum
1071 2948 1156 3000 Codd.
1169 2951 1226 3001 444-·

124 3026 203 3075 ouius
218 3025 356 3089 praecepti
372 3022 462 3075 violati
483 3023 584 3075 illustre
601 3025 651 3076 de-
687 3030 780 3077 centem
796 3026 854 3074 orta
868 3027 910 3075 est
920 3038 953 3075 ax
965 3024 1212 3075 accommodatione

124 3099 204 3151 derat
225 3096 378 3163 exemplum
396 3098 578 3160 Chaeremon,
605 3100 650 3162 uui
687 3100 722 3151 ad
739 3114 764 3149 v.
784 3100 874 3151 444444.

124 3173 248 3238 ἐποίησε
257 3171 421 3243 Κένταυρον
429 3168 536 3237 μικτὴν
546 3167 651 3243 ῥαψῳ-
721 3175 761 3225 93.
776 3174 816 3225 el.
835 3176 963 3225 Interdum
974 3179 1058 3225 444444
1065 3172 1129 3238 cet]
1143 3176 1212 3223 «No-

124 3238 191 3299 cias
201 3242 234 3311 ἐξ
241 3241 376 3298 ἁπάντων
383 3244 441 3297 τῶν
447 3250 569 3316 μέτρων.
588 3249 653 3315 thri-
688 3248 737 3311 li‚»
747 3250 842 3314 pergit,
853 3248 1033 3299 «contundere
1042 3244 1212 3319 χαρακτῆρα

124 3325 187 3373 stat
201 3324 274 3373 Post.
288 3324 313 3383 4,
324 3322 374 3385 ta.)
385 3322 442 3372 lice
452 3335 535 3373 sensu
545 3334 571 3371 v.
583 3322 652 3373 octor
687 3323 839 3385 tragoediae
865 3325 893 3373 et
914 3322 1085 3379 comoediam
1115 3334 1212 3384 quam·

124 3408 208 3460 saepe
229 3400 342 3461 usurpat
363 3395 536 3456 Quintilianus
552 3410 611 3447 v.o.
624 3398 649 3458 s,
687 3410 769 3461 quum
793 3394 877 3460 probe
903 3396 977 3457 novi,
1004 3397 1071 3445 iram
1093 3393 1211 3457 aliosque

125 3469 153 3530 4,
172 3471 219 3519 tt:
237 3471 351 3533 44444444
360 3495 376 3507 -
385 3471 504 3533 simplicit
519 3476 595 3532 atque
609 3472 652 3519 44·
686 3472 903 3523 vehementiores
928 3481 1103 3533 personarum
1126 3470 1212 3517 comi-

124 3544 238 3607 affectati
259 3545 358 3595 coloris.
385 3545 424 3595 Cl.
441 3557 468 3595 v.
484 3545 542 3595 236.
563 3572 591 3581 —
611 3546 652 3595 444
687 3558 781 3596 carum
798 3544 909 3595 affectus
931 3543 1028 3608 purtim
1045 3541 1209 3603 sublimiore,

123 3617 229 3681 444444]
238 3619 431 3681 pennatorum
444 3618 592 3681 4944444444,
601 3631 652 3683 per
687 3619 783 3683 partim
804 3619 906 3669 nonore
923 3630 1022 3680 genere
1039 3616 1145 3667 dicendi
1163 3630 1211 3666 ex-

124 3695 226 3752 ortem,
253 3704 336 3753 quam
355 3704 410 3743 non
432 3690 542 3743 didici.-
565 3693 650 3742 cortu.
686 3693 842 3758 primendos
863 3704 937 3753 4444,
964 3704 1046 3754 quarn
1068 3690 1114 3741 ubi
1138 3694 1211 3741 han-

125 3766 207 3822 0444.
227 3790 256 3801 ·-
280 3769 359 3828 potio
379 3767 488 3831 solutor]
514 3765 652 3831 mppeiior
687 3766 784 3829 quillus
804 3768 847 3817 est
863 3766 967 3817 enimus
987 3778 1095 3827 eorum,
1122 3766 1211 3829 quiin

124 3841 205 3903 poeta
221 3838 257 3889 ab
275 3838 411 3902 omnibus,
430 3843 458 3891 44
474 3852 524 3903 ego
537 3841 652 3891 tambo-
687 3854 769 3891 scena
786 3844 968 3904 comparent.»
983 3867 1010 3877 —
1028 3839 1211 3903 uocem-toltit]

123 3912 265 3963 4444444444
283 3926 381 3964 nomen
399 3927 452 3964 non
469 3917 602 3965 recusat»
621 3942 649 3951 -
687 3914 770 3965 liuius
781 3913 906 3965 versiculi
916 3914 1037 3965 meminit
1047 3915 1165 3965 Donatus
1177 3912 1211 3963 ad

122 3987 315 4050 pudsnspratu]
334 3988 440 4052 caepta
449 3988 568 4052 pudens,
587 4000 650 4038 cum
687 3990 792 4039 Terent.
804 3988 918 4053 Adelph.
930 3991 955 4049 t,
968 3988 1034 4049 3,3:
1056 3990 1155 4039 Danaa.
1179 3988 1212 4037 m·

124 4072 223 4110 444444
239 4063 267 4110 44
282 4061 405 4113 dubitem
417 4063 506 4113 lacere
517 4076 563 4125 44,
580 4076 650 4127 quae
685 4062 757 4123 444444,
775 4063 836 4125 pisid
845 4062 959 4127 samam?
970 4064 1031 4124 qaid
1041 4061 1139 4126 epam?
1150 4062 1211 4121 auia

126 4132 215 4185 tacere
225 4136 301 4185 recte
309 4137 412 4200 possim
420 4140 447 4187 44
455 4136 596 4187 debeam.»
610 4136 649 4187 Gi.
686 4137 792 4189 44444444
808 4142 853 4187 aut
875 4135 992 4200 aanor?
1025 4136 1209 4195 Occsissims

126 4207 236 4272 lippi,
258 4209 305 4271 to,
325 4209 372 4263 tt:
394 4212 479 4275 pudor
502 4212 595 4263 mattis.
620 4236 649 4249 -
686 4215 769 4273 terra,
787 4225 803 4263 o
818 4209 1046 4273 marioNsptuait
1072 4210 1114 4258 Sic
1133 4212 1209 4273 pater
