2925 4892
297 318 359 385 718
778 316 908 369 bonnm

338 475 471 543 Publica
492 474 643 541 maienes
663 472 779 560 privati
800 470 880 537 iuris
900 469 975 544 erit,
999 468 1027 535 ei

339 600 408 663 Non
429 597 516 664 circa
535 595 632 662 vilem
653 592 863 681 patulumque
887 590 1066 659 moraberis
1088 589 1213 664 orbem,

339 720 406 785 Neo
425 716 528 785 verbo
549 714 685 783 verbum
706 714 838 781 curabis
859 711 999 781 reddere
1019 710 1105 777 fidus

363 897 421 947 tlt.
433 894 498 959 Nos]
514 896 566 947 Neo
581 906 644 945 eum
660 890 727 943 lldo
745 892 818 943 44409.
838 894 864 942 et
882 891 955 943 44449.
974 891 1034 941 bct.
1050 912 1078 927 -
1093 888 1149 939 433.
1162 886 1342 939 onmem

329 971 440 1031 libliTc,
457 968 539 1037 βγζκ,
553 968 636 1019 codd.
650 966 813 1017 Hocbederi:
831 962 1018 1015 oeconomio
1029 962 1157 1013 sacrent
1168 964 1198 1013 et
1207 960 1341 1013 Bentleius.

299 1115 551 1183 ipsotcladietnpue]
571 1128 603 1164 «a
613 1115 698 1165 temet
713 1114 772 1177 ipso
785 1114 823 1163 in·
860 1110 908 1163 dd:
935 1106 970 1161 sd
994 1108 1016 1159 d*
1041 1104 1189 1176 ἐγκώμιον
1214 1104 1271 1158 τῶν
1294 1100 1369 1178 ἔργον

298 1195 379 1244 venta
390 1194 444 1241 eta
455 1189 526 1240 nollo
536 1192 599 1239 ante
610 1189 782 1238 muscata.-
859 1184 952 1237 sesrv-
970 1179 1006 1235 τὰ
1023 1183 1054 1235 dt
1070 1180 1166 1250 κύκλῳ
1185 1182 1248 1246 (loci
1264 1194 1370 1231 commu·

333 1266 389 1317 434.
412 1265 468 1315 tila.
499 1263 601 1313 Publice
620 1263 737 1313 maios
759 1262 822 1326 oet]
860 1262 916 1324 nes)
934 1262 975 1323 εἰς
992 1262 1100 1321 eterra,
1119 1254 1185 1310 οἷον
1197 1253 1370 1325 &onaan

299 1342 337 1389 lta
354 1340 422 1389 baec
438 1338 581 1387 ceduntur
595 1348 657 1385 oum
674 1334 821 1400 prioribus:
861 1332 982 1386 amdam.
1000 1336 1040 1385 Cl.
1054 1335 1118 1386 ibid.
1128 1334 1154 1395 3,
1165 1334 1209 1396 44,
1220 1334 1265 1384 ro:
1284 1334 1311 1382 ο4
1320 1330 1372 1381 doi-

300 1412 382 1473 «Sed‚
410 1412 497 1469 dices,
523 1409 570 1461 ubi
589 1409 721 1460 eiusmodi
743 1422 824 1471 argu·
861 1408 906 1459 λοι
930 1404 966 1459 οὐ
988 1405 1025 1459 soi
1047 1404 1221 1479 ἐρωτώμενα
1245 1406 1370 1471 λέγουσιν,

299 1489 390 1539 menta
407 1485 562 1544 Homerica,
586 1484 666 1533 nimis
681 1484 735 1534 iam
752 1483 822 1543 bita,
860 1480 933 1535 ἀλλὰ
949 1480 987 1534 τὰ
1003 1482 1112 1549 κύκλῳ,
1130 1483 1158 1532 ld
1176 1485 1233 1542 est.
1253 1492 1314 1545 uper
1327 1492 1370 1530 arn

300 1559 486 1619 tractabimus,
498 1556 712 1623 pericolumest,
731 1556 824 1608 nede-
859 1558 942 1621 bages
966 1557 1135 1621 loquuntur.»
1162 1557 1284 1606 Primum
1306 1555 1370 1616 igitur

300 1636 445 1699 spiciamur
464 1644 497 1682 ac
518 1630 756 1695 reprehendamur.
786 1632 823 1680 Tu
859 1634 953 1683 viuum
975 1636 1029 1692 est,
1053 1644 1115 1682 cum
1137 1631 1198 1681 sine
1215 1641 1337 1680 successu
1350 1630 1371 1675 et

300 1712 392 1761 contre
410 1709 449 1759 sio
465 1707 578 1757 habeto»
596 1707 646 1756 cet.
670 1704 737 1756 itale
755 1705 824 1755 banc
861 1708 933 1757 exitu
950 1718 1032 1770 saepe
1049 1705 1267 1757 immoranturin
1278 1705 1370 1754 senlen-

297 1784 425 1847 publicum
443 1782 576 1831 merten
596 1779 713 1830 nonnulli
730 1780 824 1830 coniu-
862 1784 903 1833 tiis
924 1785 952 1832 et
971 1781 1157 1850 περιπετείαις
1178 1779 1271 1830 cilibur
1294 1776 1370 1840 (ulma

300 1853 822 1915 deruntcumcorrroruniltasillisu.lte.¹
861 1856 1032 1919 vulgaribus).
1065 1856 1184 1905 muliare
1205 1857 1295 1905 autem
1313 1852 1371 1900 bono

301 1945 363 1983 cum
384 1933 418 1982 sit
436 1932 558 1981 universa
576 1930 652 1993 copia
668 1925 772 1993 poros
789 1927 823 1979 ab
861 1930 957 1982 orbem
968 1932 1047 1980 vocat
1057 1932 1211 1994 propterea,
1227 1927 1297 1992 quod
1307 1926 1371 1974 onst

300 2006 384 2070 epicis
407 2008 436 2055 et
457 2005 564 2067 tragicis
586 2006 759 2053 metatorum
781 2000 823 2053 vel
861 2006 918 2065 bus,
944 2006 1025 2055 etiam
1041 2016 1172 2069 perquam
1196 1998 1370 2054 mediocribus,

301 2081 453 2130 etiamnunc
473 2078 546 2143 apud
567 2073 769 2148 λογογράφους
785 2076 824 2126 la·
861 2080 947 2144 poetis
964 2080 1085 2129 introitus
1101 2078 1128 2128 in
1145 2090 1211 2128 eum
1224 2080 1308 2139 puae
1323 2074 1370 2124 sine

301 2154 427 2212 tentiam,
445 2151 543 2214 qulbus
560 2153 656 2215 coique
667 2154 763 2215 poetae
776 2150 825 2201 de·
861 2155 988 2217 imagine.
1008 2152 1081 2216 quod
1092 2151 1153 2202 nibil
1167 2151 1231 2201 nori
1243 2160 1325 2211 nequa
1335 2160 1371 2195 er-

301 2239 355 2276 nuo
371 2226 409 2275 uti
426 2224 495 2275 licet.
520 2227 621 2275 Verum
641 2224 748 2276 taudem
766 2238 826 2275 me-
862 2230 950 2293 quislti
968 2226 1034 2277 tales
1046 2230 1212 2277 Graecorum
1230 2223 1371 2275 imitationes
1426 2270 1427 2279 ,

301 2299 404 2351 rebitur
420 2302 483 2349 tunc
500 2299 698 2360 tantummodo,
724 2300 746 2350 si
764 2310 824 2348 eam
862 2316 927 2367 prae
944 2314 975 2352 ss
991 2301 1088 2352 tenant.
1111 2299 1228 2363 (Ponatur
1243 2298 1311 2348 idem
1326 2294 1370 2344 lere

301 2374 398 2438 priuati
417 2375 498 2437 atque
519 2374 560 2424 sui
584 2374 647 2423 iuris
664 2372 770 2433 iecerit,
797 2372 824 2421 id
862 2378 916 2435 est,
937 2374 1009 2439 quod
1020 2371 1151 2424 luvenalis
1161 2374 1188 2432 ’4,
1201 2372 1243 2423 444.
1256 2370 1371 2421 vocatae·

302 2451 357 2509 est,
375 2449 399 2499 si
415 2460 501 2498 novus
516 2449 567 2497 erit
577 2448 603 2498 in
614 2447 772 2497 oeconomia
784 2449 825 2495 lo·
859 2451 969 2513 ροείιιεο
983 2456 1007 2499 et
1018 2446 1139 2512 4444444444.)
1156 2448 1275 2507 «θυεερ
1291 2442 1369 2505 ioqui.

302 2524 354 2574 tius
381 2521 502 2582 tabulae,
528 2523 555 2572 in
579 2514 682 2586 ἤθεσι,
707 2516 824 2579 πάθεσι,
862 2538 913 2576 «ne
926 2526 1012 2589 primo
1025 2534 1162 2587 quasque,
1181 2516 1371 2572 maximeobrir

301 2592 420 2666 ρήοοσι,
435 2591 571 2663 γνώμαις.
592 2595 658 2646 ltem
672 2593 824 2659 exemplum
863 2602 891 2649 et
906 2611 976 2663 quae
993 2600 1047 2648 iam
1063 2595 1212 2647 enimuero
1232 2592 1369 2657 coeperunt·

302 2672 458 2725 declarabit
492 2670 613 2721 Electrae
638 2672 826 2732 argumentum
862 2672 962 2735 volgari
978 2670 1059 2723 modo
1076 2672 1189 2729 baeles,
1213 2668 1262 2721 sed
1278 2678 1308 2719 ea
1322 2663 1370 2715 dili-

302 2745 477 2811 sratpubliea
488 2746 627 2803 materiem
639 2746 681 2795 sul
692 2745 825 2793 larissam
863 2750 956 2811 genior
972 2745 1099 2808 investiga
1116 2747 1145 2794 et
1160 2745 1293 2809 exprime,
1313 2748 1370 2803 qnae

302 2823 359 2871 &0⁸
382 2819 505 2871 4400444444
525 2822 635 2883 tillim,
661 2815 826 2880 Aeschylos,
863 2825 889 2873 ln
906 2833 1095 2887 personarum,
1114 2831 1183 2882 quas
1201 2818 1370 2881 nobispropo-

302 2892 461 2959 Sophocles,
484 2893 637 2956 Euripides,
661 2904 826 2955 quamquam
863 2898 917 2957 nis,
936 2894 1056 2946 moribus
1073 2896 1153 2957 atquo
1170 2891 1307 2943 allecibus
1319 2886 1370 2938 sunt

303 2969 420 3019 biccum
430 2967 534 3017 minore
545 2978 687 3026 successu,
707 2979 789 3017 scena
800 2966 827 3015 in
864 2971 948 3033 magis
963 2966 1101 3019 recondite
1119 2969 1146 3017 et
1168 2980 1251 3028 nova,
1276 2966 1303 3013 ot
1318 2972 1370 3025 pro·

303 3052 351 3091 rue
366 3037 492 3089 banslata
508 3042 590 3101 atque
600 3038 709 3089 indocto
721 3038 826 3099 colono,
864 3045 949 3109 priam
965 3056 997 3093 ao
1013 3054 1078 3092 uere
1094 3053 1192 3091 noram
1210 3042 1237 3089 in
1254 3042 1280 3088 te
1294 3038 1369 3087 inven-

302 3113 389 3177 probo
401 3112 445 3164 ilto
454 3112 565 3175 quidem
576 3114 603 3162 et
614 3115 703 3172 casto,
721 3112 773 3162 sed
783 3126 828 3163 en
865 3119 964 3168 eonem
975 3128 1035 3167 esse
1047 3114 1116 3165 ultro
1124 3122 1322 3178 agnoscenda·
1330 3104 1369 3156 Ali

306 3188 426 3251 gementi
439 3186 635 3249 dignitatium
648 3185 739 3236 minus
755 3189 827 3250 apio.
865 3192 951 3242 minus
960 3192 1033 3241 recte
1044 3184 1333 3253 interpretantnrorten
1341 3179 1368 3229 (it

309 3288 338 3303 -
355 3262 451 3311 siNon
464 3261 536 3311 obeo
550 3261 613 3322 oet]
633 3262 690 3311 lom
712 3260 760 3309 trio
778 3272 829 3324 po-
866 3262 941 3328 cyclo
959 3264 1035 3327 spico
1051 3260 1093 3312 vel
1111 3261 1146 3312 de
1163 3263 1237 3313 circo
1255 3260 1304 3311 oet.

307 3337 439 3387 &simum
454 3336 517 3386 uitia
536 3337 689 3397 enumerat,
713 3335 741 3385 in
759 3346 828 3397 quae
898 3337 1018 3388 433-4344.
1030 3354 1031 3357 ’
1044 3337 1095 3387 Nec
1117 3335 1179 3400 cet]
1202 3336 1257 3387 cic.
1277 3333 1309 3383 de
1323 3328 1367 3391 opt.

307 3411 466 3476 plerumque
477 3409 594 3460 incident
604 3410 694 3472 tragici
707 3408 827 3459 Romani.
865 3426 925 3477 gen.
936 3424 975 3462 or.
985 3412 1010 3471 44,
1021 3410 1064 3462 tt:
1078 3410 1139 3461 -Noe
1151 3410 1263 3460 merri
1273 3400 1368 3469 (tami

305 3512 334 3525 ·-
360 3488 435 3537 ο44εει
455 3482 750 3548 padumque-ortem]
772 3484 828 3533 lloo
865 3488 905 3537 nis
917 3489 945 3537 et
955 3485 1142 3537 Demosthenis
1154 3476 1368 3541 orationeslutis·

304 3572 412 3623 quoque
430 3559 527 3610 Graeco
543 3559 611 3622 tonte
626 3557 725 3617 cecidit,
745 3560 774 3606 ut
785 3570 829 3607 or-
865 3568 971 3623 capra,
988 3562 1031 3611 red
1046 3566 1074 3609 ut
1090 3564 1193 3619 orator,
1211 3550 1368 3609 modiis

304 3633 359 3683 ban
382 3635 421 3683 sle
445 3631 601 3696 simpliciter
622 3633 734 3681 vocaret
754 3629 829 3681 locos
865 3638 920 3685 dem
935 3640 959 3685 st
975 3648 1064 3685 mro
1078 3634 1167 3697 foratis
1182 3627 1365 3693 ungunta*

305 3718 463 3756 communes
474 3709 503 3757 et
512 3705 547 3755 ab
559 3706 684 3757 omnibus
698 3706 754 3755 lere
765 3716 829 3767 per·
864 3712 913 3771 ris,
930 3708 1012 3759 cerbir
1023 3709 1056 3758 ud
1066 3712 1181 3757 marcus
1189 3700 1368 3757 mmmm

307 3781 391 3830 tritos.
409 3780 518 3844 Eupolis
534 3780 605 3844 apud
617 3781 690 3831 Stob.
703 3782 731 3830 T.
744 3780 785 3840 344,
799 3782 828 3830 2:
866 3784 946 3845 optim
964 3783 992 3831 in
1005 3780 1093 3843 οοᾶὸω
1103 3794 1154 3829 non
1163 3780 1367 3839 uerbunpmw·

306 3854 363 3907 Kal
382 3851 435 3905 τοῦ
455 3852 511 3919 μὲν
525 3853 558 3904 ἐν
573 3850 689 3921 κύκλῳ
704 3868 738 3921 γε
755 3850 830 3904 παῦ·
866 3856 896 3906 bo
911 3868 1007 3905 aecus
1021 3854 1096 3904 babai
1111 3854 1229 3915 redum,
1254 3851 1293 3901 sed
1306 3854 1367 3911 W

306 3944 399 3996 οομοι
421 3924 526 3994 λόγου,
550 3924 656 3999 φράσω
676 3926 708 3978 dd
729 3942 779 3978 σοι
795 3922 829 3978 τὸ
866 3915 1365 3987 mmmmm-issi·

306 4002 425 4076 πρᾶγμα
439 3996 487 4051 διὰ
497 3999 555 4051 τῶν
564 4003 715 4073 χωρίων·
734 4000 780 4052 ubi
793 4005 831 4052 ta·
869 4004 892 4065 l,
905 4002 930 4063 3,
940 4003 987 4053 404
1004 4001 1112 4061 emim,
1124 4000 1255 4060 Ροοιωίοε,
1266 3994 1366 4047 desiit·-

306 4093 369 4131 meo
386 4078 419 4130 ct,
437 4077 597 4129 lleineklum
613 4078 655 4127 Fr.
674 4078 750 4128 com.
765 4078 828 4126 11.1.
867 4089 918 4125 oon
932 4074 1020 4135 verbm
1041 4074 1083 4125 sed
1102 4074 1155 4123 utut
1171 4074 1317 4123 mmm
1329 4076 1366 4115 ⁰²·

306 4168 334 4220 p.
352 4152 410 4207 468.
428 4149 758 4206 844ολ44οελείε4ο4.4444ο4.
771 4149 830 4213 4,9,
866 4154 1009 4212 praetem
1031 4151 1175 4211 podiam.
1211 4146 1366 4203 Hieronymi
