<?xml version="1.0" encoding="UTF-8"?>
<!DOCTYPE html PUBLIC "-//W3C//DTD XHTML 1.0 Transitional//EN"
    "http://www.w3.org/TR/xhtml1/DTD/xhtml1-transitional.dtd">
<html xmlns="http://www.w3.org/1999/xhtml" xml:lang="en" lang="en">
 <head>
  <title>
</title>
<meta http-equiv="Content-Type" content="text/html;charset=utf-8" />
  <meta name='ocr-system' content='tesseract 3.04.00' />
  <meta name='ocr-capabilities' content='ocr_page ocr_carea ocr_par ocr_line ocrx_word'/>
</head>
<body>
  <div class='ocr_page' id='page_1' title='image "./qhoratiusflaccu03baitgoog/qhoratiusflaccu03baitgoog_0256.png"; bbox 0 0 2925 4892; ppageno 0'>
   <div class='ocr_carea' id='block_1_1' title="bbox 242 333 950 406">
    <p class='ocr_par' dir='ltr' id='par_1_1' title="bbox 242 333 950 406">
     <span class='ocr_line' id='line_1_1' title="bbox 242 333 950 406; baseline -0.032 0"><span class='ocrx_word' id='word_1_1' title='bbox 242 339 305 406; x_wconf 76' lang='lat'><strong>252</strong></span> <span class='ocrx_word' id='word_1_2' title='bbox 621 333 950 387; x_wconf 80' lang='lat' dir='ltr'><strong>uomursruumuu</strong></span> 
     </span>
    </p>
   </div>
   <div class='ocr_carea' id='block_1_2' title="bbox 286 495 1335 1438">
    <p class='ocr_par' dir='ltr' id='par_1_2' title="bbox 286 495 1333 825">
     <span class='ocr_line' id='line_1_2' title="bbox 287 495 1224 585; baseline -0.009 -16"><span class='ocrx_word' id='word_1_3' title='bbox 287 502 409 570; x_wconf 85' lang='lat' dir='ltr'><strong>Stultus</strong></span> <span class='ocrx_word' id='word_1_4' title='bbox 430 511 463 568; x_wconf 94' lang='lat' dir='ltr'><strong>et</strong></span> <span class='ocrx_word' id='word_1_5' title='bbox 484 501 626 566; x_wconf 90' lang='lat' dir='ltr'><strong>insanus.</strong></span> <span class='ocrx_word' id='word_1_6' title='bbox 671 497 773 579; x_wconf 84' lang='lat' dir='ltr'><strong>Ouid,</strong></span> <span class='ocrx_word' id='word_1_7' title='bbox 797 498 824 564; x_wconf 88' lang='lat' dir='ltr'><strong>si</strong></span> <span class='ocrx_word' id='word_1_8' title='bbox 847 497 921 585; x_wconf 92' lang='lat' dir='ltr'><strong>quis</strong></span> <span class='ocrx_word' id='word_1_9' title='bbox 944 516 1009 562; x_wconf 93' lang='lat' dir='ltr'><strong>uon</strong></span> <span class='ocrx_word' id='word_1_10' title='bbox 1031 495 1072 561; x_wconf 91' lang='lat' dir='ltr'><strong>sit</strong></span> <span class='ocrx_word' id='word_1_11' title='bbox 1093 513 1224 571; x_wconf 86' lang='lat' dir='ltr'><strong>avarus,</strong></span> 
     </span>
     <span class='ocr_line' id='line_1_3' title="bbox 287 615 1333 696; baseline -0.012 -3"><span class='ocrx_word' id='word_1_12' title='bbox 287 623 445 693; x_wconf 87' lang='lat' dir='ltr'><strong>Continuo</strong></span> <span class='ocrx_word' id='word_1_13' title='bbox 468 622 591 689; x_wconf 80' lang='lat' dir='ltr'><strong>sanus?</strong></span> <span class='ocrx_word' id='word_1_14' title='bbox 614 620 752 686; x_wconf 80' lang='lat' dir='ltr'><strong>Minime.</strong></span> <span class='ocrx_word' id='word_1_15' title='bbox 796 619 876 696; x_wconf 90' lang='lat' dir='ltr'><strong>Cur,</strong></span> <span class='ocrx_word' id='word_1_16' title='bbox 902 617 1032 684; x_wconf 81' lang='lat' dir='ltr'><strong>Stoice?</strong></span> <span class='ocrx_word' id='word_1_17' title='bbox 1053 616 1174 683; x_wconf 91' lang='lat' dir='ltr'><strong>Dicam.</strong></span> <span class='ocrx_word' id='word_1_18' title='bbox 1269 615 1333 681; x_wconf 85' lang='lat' dir='ltr'><strong>too</strong></span> 
     </span>
     <span class='ocr_line' id='line_1_4' title="bbox 286 737 1213 825; baseline -0.011 -13"><span class='ocrx_word' id='word_1_19' title='bbox 286 747 356 812; x_wconf 92' lang='lat' dir='ltr'><strong>Non</strong></span> <span class='ocrx_word' id='word_1_20' title='bbox 378 753 429 812; x_wconf 89' lang='lat' dir='ltr'><strong>cst</strong></span> <span class='ocrx_word' id='word_1_21' title='bbox 449 742 619 812; x_wconf 84' lang='lat' dir='ltr'><strong>cardiacus</strong></span> <span class='ocrx_word' id='word_1_22' title='bbox 640 779 683 790; x_wconf 89' lang='lat'>-</span> <span class='ocrx_word' id='word_1_23' title='bbox 705 742 873 808; x_wconf 87' lang='lat' dir='ltr'><strong>Craterum</strong></span> <span class='ocrx_word' id='word_1_24' title='bbox 895 737 1016 804; x_wconf 84' lang='lat' dir='ltr'><strong>dixisse</strong></span> <span class='ocrx_word' id='word_1_25' title='bbox 1038 747 1149 825; x_wconf 86' lang='lat' dir='ltr'><strong>putato</strong></span> <span class='ocrx_word' id='word_1_26' title='bbox 1170 773 1213 787; x_wconf 75' lang='lat'><strong>‹-</strong></span> 
     </span>
    </p>

    <p class='ocr_par' dir='ltr' id='par_1_3' title="bbox 287 857 1182 953">
     <span class='ocr_line' id='line_1_5' title="bbox 287 857 1182 953; baseline -0.012 -19"><span class='ocrx_word' id='word_1_27' title='bbox 287 867 348 934; x_wconf 87' lang='lat' dir='ltr'><strong>llic</strong></span> <span class='ocrx_word' id='word_1_28' title='bbox 370 886 487 953; x_wconf 80' lang='lat' dir='ltr'><strong>aeger:</strong></span> <span class='ocrx_word' id='word_1_29' title='bbox 510 873 599 931; x_wconf 89' lang='lat' dir='ltr'><strong>recte</strong></span> <span class='ocrx_word' id='word_1_30' title='bbox 621 872 671 930; x_wconf 87' lang='lat' dir='ltr'><strong>cst</strong></span> <span class='ocrx_word' id='word_1_31' title='bbox 692 862 789 948; x_wconf 81' lang='lat' dir='ltr'><strong>igitur</strong></span> <span class='ocrx_word' id='word_1_32' title='bbox 812 859 1013 946; x_wconf 84' lang='lat' dir='ltr'><strong>surgetque?</strong></span> <span class='ocrx_word' id='word_1_33' title='bbox 1034 857 1182 946; x_wconf 84' lang='lat' dir='ltr'><strong>Negabit,</strong></span> 
     </span>
    </p>

    <p class='ocr_par' dir='ltr' id='par_1_4' title="bbox 288 981 1134 1070">
     <span class='ocr_line' id='line_1_6' title="bbox 288 981 1134 1070; baseline -0.013 -15"><span class='ocrx_word' id='word_1_34' title='bbox 288 987 386 1070; x_wconf 85' lang='lat' dir='ltr'><strong>Quod</strong></span> <span class='ocrx_word' id='word_1_35' title='bbox 406 987 490 1054; x_wconf 91' lang='lat' dir='ltr'><strong>latus</strong></span> <span class='ocrx_word' id='word_1_36' title='bbox 512 995 568 1052; x_wconf 92' lang='lat' dir='ltr'><strong>aut</strong></span> <span class='ocrx_word' id='word_1_37' title='bbox 588 1002 685 1052; x_wconf 91' lang='lat' dir='ltr'><strong>renes</strong></span> <span class='ocrx_word' id='word_1_38' title='bbox 707 981 822 1049; x_wconf 91' lang='lat' dir='ltr'><strong>morbo</strong></span> <span class='ocrx_word' id='word_1_39' title='bbox 846 990 1009 1066; x_wconf 86' lang='lat' dir='ltr'><strong>tentantur</strong></span> <span class='ocrx_word' id='word_1_40' title='bbox 1030 990 1134 1047; x_wconf 91' lang='lat' dir='ltr'><strong>acuto.</strong></span> 
     </span>
    </p>

    <p class='ocr_par' dir='ltr' id='par_1_5' title="bbox 288 1101 1230 1195">
     <span class='ocr_line' id='line_1_7' title="bbox 288 1101 1230 1195; baseline -0.012 -19"><span class='ocrx_word' id='word_1_41' title='bbox 288 1111 359 1177; x_wconf 93' lang='lat' dir='ltr'><strong>Non</strong></span> <span class='ocrx_word' id='word_1_42' title='bbox 382 1118 432 1176; x_wconf 89' lang='lat' dir='ltr'><strong>est</strong></span> <span class='ocrx_word' id='word_1_43' title='bbox 453 1107 605 1195; x_wconf 90' lang='lat' dir='ltr'><strong>periurus</strong></span> <span class='ocrx_word' id='word_1_44' title='bbox 627 1125 735 1193; x_wconf 90' lang='lat' dir='ltr'><strong>neque</strong></span> <span class='ocrx_word' id='word_1_45' title='bbox 758 1101 928 1181; x_wconf 89' lang='lat' dir='ltr'><strong>sordidus;</strong></span> <span class='ocrx_word' id='word_1_46' title='bbox 951 1101 1094 1168; x_wconf 88' lang='lat' dir='ltr'><strong>immolet</strong></span> <span class='ocrx_word' id='word_1_47' title='bbox 1115 1102 1230 1188; x_wconf 86' lang='lat' dir='ltr'><strong>aequis</strong></span> 
     </span>
    </p>

    <p class='ocr_par' dir='ltr' id='par_1_6' title="bbox 289 1221 1335 1438">
     <span class='ocr_line' id='line_1_8' title="bbox 289 1221 1335 1318; baseline -0.011 -20"><span class='ocrx_word' id='word_1_48' title='bbox 289 1231 349 1298; x_wconf 86' lang='lat' dir='ltr'><strong>llio</strong></span> <span class='ocrx_word' id='word_1_49' title='bbox 370 1250 507 1318; x_wconf 88' lang='lat' dir='ltr'><strong>porcum</strong></span> <span class='ocrx_word' id='word_1_50' title='bbox 530 1226 683 1294; x_wconf 85' lang='lat' dir='ltr'><strong>Laribus:</strong></span> <span class='ocrx_word' id='word_1_51' title='bbox 707 1246 821 1292; x_wconf 91' lang='lat' dir='ltr'><strong>verum</strong></span> <span class='ocrx_word' id='word_1_52' title='bbox 843 1223 1033 1290; x_wconf 91' lang='lat' dir='ltr'><strong>ambitiosus</strong></span> <span class='ocrx_word' id='word_1_53' title='bbox 1055 1231 1087 1290; x_wconf 87' lang='lat' dir='ltr'><strong>et</strong></span> <span class='ocrx_word' id='word_1_54' title='bbox 1108 1221 1228 1302; x_wconf 64' lang='lat' dir='ltr'><strong>audam</strong></span> <span class='ocrx_word' id='word_1_55' title='bbox 1273 1223 1335 1288; x_wconf 78' lang='lat' dir='ltr'><strong>too</strong></span> 
     </span>
     <span class='ocr_line' id='line_1_9' title="bbox 289 1343 1240 1438; baseline -0.006 -20"><span class='ocrx_word' id='word_1_56' title='bbox 289 1353 424 1438; x_wconf 82' lang='lat' dir='ltr'><strong>Naviget</strong></span> <span class='ocrx_word' id='word_1_57' title='bbox 444 1349 639 1438; x_wconf 80' lang='lat' dir='ltr'><strong>Anticyram.</strong></span> <span class='ocrx_word' id='word_1_58' title='bbox 683 1345 770 1428; x_wconf 87' lang='lat' dir='ltr'><strong>Quid</strong></span> <span class='ocrx_word' id='word_1_59' title='bbox 791 1346 878 1414; x_wconf 92' lang='lat' dir='ltr'><strong>enim</strong></span> <span class='ocrx_word' id='word_1_60' title='bbox 900 1343 1021 1422; x_wconf 89' lang='lat' dir='ltr'><strong>diliert,</strong></span> <span class='ocrx_word' id='word_1_61' title='bbox 1045 1343 1240 1412; x_wconf 86' lang='lat' dir='ltr'><strong>barathrone</strong></span> 
     </span>
    </p>
   </div>
   <div class='ocr_carea' id='block_1_3' title="bbox 281 1515 1305 1730">
    <p class='ocr_par' dir='ltr' id='par_1_7' title="bbox 281 1515 1305 1730">
     <span class='ocr_line' id='line_1_10' title="bbox 314 1515 1305 1584; baseline -0.006 -14"><span class='ocrx_word' id='word_1_62' title='bbox 314 1519 372 1570; x_wconf 83' lang='grc'>463.</span> <span class='ocrx_word' id='word_1_63' title='bbox 389 1524 436 1570; x_wconf 78' lang='lat' dir='ltr'><strong>cat</strong></span> <span class='ocrx_word' id='word_1_64' title='bbox 452 1531 586 1584; x_wconf 75' lang='lat' dir='ltr'><strong>super-scr.</strong></span> <span class='ocrx_word' id='word_1_65' title='bbox 600 1522 624 1568; x_wconf 80' lang='lat' dir='ltr'><strong>ot</strong></span> <span class='ocrx_word' id='word_1_66' title='bbox 639 1519 666 1567; x_wconf 89' lang='lat' dir='ltr'><strong>S.</strong></span> <span class='ocrx_word' id='word_1_67' title='bbox 681 1541 708 1553; x_wconf 92' lang='lat'>—</span> <span class='ocrx_word' id='word_1_68' title='bbox 723 1521 873 1580; x_wconf 79' lang='lat' dir='ltr'><strong>tcruptorttttr</strong></span> <span class='ocrx_word' id='word_1_69' title='bbox 889 1529 938 1567; x_wconf 87' lang='lat' dir='ltr'><strong>seu</strong></span> <span class='ocrx_word' id='word_1_70' title='bbox 949 1520 1073 1566; x_wconf 72' lang='lat' dir='ltr'><strong>baumer</strong></span> <span class='ocrx_word' id='word_1_71' title='bbox 1088 1515 1168 1580; x_wconf 88' lang='lat' dir='ltr'><strong>bscp,</strong></span> <span class='ocrx_word' id='word_1_72' title='bbox 1187 1515 1305 1566; x_wconf 86' lang='lat' dir='ltr'><strong>Pottierii</strong></span> 
     </span>
     <span class='ocr_line' id='line_1_11' title="bbox 281 1588 1302 1659; baseline -0.007 -15"><span class='ocrx_word' id='word_1_73' title='bbox 281 1592 403 1659; x_wconf 87' lang='lat' dir='ltr'><strong>plerique</strong></span> <span class='ocrx_word' id='word_1_74' title='bbox 421 1595 448 1644; x_wconf 86' lang='lat' dir='ltr'><strong>et</strong></span> <span class='ocrx_word' id='word_1_75' title='bbox 465 1595 484 1642; x_wconf 88' lang='lat' dir='ltr'><strong>t.</strong></span> <span class='ocrx_word' id='word_1_76' title='bbox 504 1594 621 1656; x_wconf 78' lang='lat' dir='ltr'><strong>(utros,</strong></span> <span class='ocrx_word' id='word_1_77' title='bbox 640 1591 751 1642; x_wconf 84' lang='lat' dir='ltr'><strong>Bentleii</strong></span> <span class='ocrx_word' id='word_1_78' title='bbox 768 1593 841 1652; x_wconf 86' lang='lat' dir='ltr'><strong>octo,</strong></span> <span class='ocrx_word' id='word_1_79' title='bbox 861 1590 976 1640; x_wconf 86' lang='lat' dir='ltr'><strong>Pottierii</strong></span> <span class='ocrx_word' id='word_1_80' title='bbox 995 1591 1065 1650; x_wconf 87' lang='lat' dir='ltr'><strong>tres,</strong></span> <span class='ocrx_word' id='word_1_81' title='bbox 1090 1589 1215 1639; x_wconf 86' lang='lat' dir='ltr'><strong>Priscian.</strong></span> <span class='ocrx_word' id='word_1_82' title='bbox 1234 1588 1259 1648; x_wconf 88' lang='lat'><strong>6,</strong></span> <span class='ocrx_word' id='word_1_83' title='bbox 1277 1588 1302 1648; x_wconf 87' lang='grc'><strong>6,</strong></span> 
     </span>
     <span class='ocr_line' id='line_1_12' title="bbox 282 1661 1305 1730; baseline -0.005 -12"><span class='ocrx_word' id='word_1_84' title='bbox 282 1667 333 1730; x_wconf 83' lang='grc'>30.)</span> <span class='ocrx_word' id='word_1_85' title='bbox 353 1691 381 1704; x_wconf 91' lang='grc'><strong>-</strong></span> <span class='ocrx_word' id='word_1_86' title='bbox 401 1667 458 1719; x_wconf 86' lang='grc'>466.</span> <span class='ocrx_word' id='word_1_87' title='bbox 477 1665 610 1718; x_wconf 81' lang='lat' dir='ltr'><strong>bulutrouc</strong></span> <span class='ocrx_word' id='word_1_88' title='bbox 633 1665 732 1718; x_wconf 84' lang='lat' dir='ltr'><strong>eCod.</strong></span> <span class='ocrx_word' id='word_1_89' title='bbox 751 1665 895 1730; x_wconf 79' lang='lat' dir='ltr'><strong>ltegiuensi</strong></span> <span class='ocrx_word' id='word_1_90' title='bbox 911 1666 939 1715; x_wconf 88' lang='lat' dir='ltr'><strong>et</strong></span> <span class='ocrx_word' id='word_1_91' title='bbox 955 1662 1070 1714; x_wconf 86' lang='lat' dir='ltr'><strong>Galeauo</strong></span> <span class='ocrx_word' id='word_1_92' title='bbox 1087 1661 1237 1728; x_wconf 85' lang='lat' dir='ltr'><strong>Bentleius,</strong></span> <span class='ocrx_word' id='word_1_93' title='bbox 1257 1663 1305 1713; x_wconf 82' lang='lat' dir='ltr'><strong>ba-</strong></span> 
     </span>
    </p>
   </div>
   <div class='ocr_carea' id='block_1_4' title="bbox 249 1813 1413 4258">
    <p class='ocr_par' dir='ltr' id='par_1_8' title="bbox 249 1813 1344 2920">
     <span class='ocr_line' id='line_1_13' title="bbox 249 1813 1340 1890; baseline -0.004 -23"><span class='ocrx_word' id='word_1_94' title='bbox 249 1816 322 1867; x_wconf 87' lang='lat' dir='ltr'><strong>idem</strong></span> <span class='ocrx_word' id='word_1_95' title='bbox 354 1815 467 1868; x_wconf 82' lang='lat' dir='ltr'><strong>fortasse</strong></span> <span class='ocrx_word' id='word_1_96' title='bbox 495 1815 668 1880; x_wconf 85' lang='lat' dir='ltr'><strong>deturpatur,</strong></span> <span class='ocrx_word' id='word_1_97' title='bbox 704 1827 774 1878; x_wconf 89' lang='lat' dir='ltr'><strong>quae</strong></span> <span class='ocrx_word' id='word_1_98' title='bbox 813 1815 881 1864; x_wconf 87' lang='lat' dir='ltr'><strong>Eum</strong></span> <span class='ocrx_word' id='word_1_99' title='bbox 903 1813 1021 1863; x_wconf 83' lang='lat' dir='ltr'><strong>imitatus</strong></span> <span class='ocrx_word' id='word_1_100' title='bbox 1045 1815 1087 1862; x_wconf 86' lang='lat' dir='ltr'><strong>est</strong></span> <span class='ocrx_word' id='word_1_101' title='bbox 1108 1813 1224 1890; x_wconf 80' lang='lat' dir='ltr'><strong>Serenus</strong></span> <span class='ocrx_word' id='word_1_102' title='bbox 1247 1813 1340 1863; x_wconf 87' lang='lat' dir='ltr'><strong>Samo-</strong></span> 
     </span>
     <span class='ocr_line' id='line_1_14' title="bbox 250 1886 1341 1955; baseline -0.004 -15"><span class='ocrx_word' id='word_1_103' title='bbox 250 1905 304 1955; x_wconf 92' lang='lat' dir='ltr'><strong>quo</strong></span> <span class='ocrx_word' id='word_1_104' title='bbox 327 1890 416 1940; x_wconf 88' lang='lat' dir='ltr'><strong>minus</strong></span> <span class='ocrx_word' id='word_1_105' title='bbox 438 1902 500 1940; x_wconf 91' lang='lat' dir='ltr'><strong>eum</strong></span> <span class='ocrx_word' id='word_1_106' title='bbox 523 1903 573 1954; x_wconf 92' lang='lat' dir='ltr'><strong>pro</strong></span> <span class='ocrx_word' id='word_1_107' title='bbox 590 1902 656 1940; x_wconf 88' lang='lat' dir='ltr'><strong>sano</strong></span> <span class='ocrx_word' id='word_1_108' title='bbox 673 1888 777 1940; x_wconf 85' lang='lat' dir='ltr'><strong>habea·</strong></span> <span class='ocrx_word' id='word_1_109' title='bbox 814 1889 889 1938; x_wconf 86' lang='lat' dir='ltr'><strong>nicus</strong></span> <span class='ocrx_word' id='word_1_110' title='bbox 906 1901 933 1936; x_wconf 86' lang='lat' dir='ltr'><strong>v.</strong></span> <span class='ocrx_word' id='word_1_111' title='bbox 949 1887 1014 1938; x_wconf 74' lang='lat'><strong>392:</strong></span> <span class='ocrx_word' id='word_1_112' title='bbox 1044 1887 1072 1936; x_wconf 84' lang='lat' dir='ltr'><strong>Si</strong></span> <span class='ocrx_word' id='word_1_113' title='bbox 1097 1886 1163 1936; x_wconf 78' lang='lat' dir='ltr'><strong>tutus</strong></span> <span class='ocrx_word' id='word_1_114' title='bbox 1186 1887 1341 1937; x_wconf 64' lang='lat' dir='ltr'><strong>tramittere</strong></span> 
     </span>
     <span class='ocr_line' id='line_1_15' title="bbox 250 1959 1340 2027; baseline -0.004 -13"><span class='ocrx_word' id='word_1_115' title='bbox 250 1977 312 2016; x_wconf 89' lang='lat' dir='ltr'><strong>mus</strong></span> <span class='ocrx_word' id='word_1_116' title='bbox 329 1966 428 2014; x_wconf 88' lang='lat' dir='ltr'><strong>vetant.</strong></span> <span class='ocrx_word' id='word_1_117' title='bbox 463 1962 504 2014; x_wconf 76' lang='lat' dir='ltr'><strong>Ab</strong></span> <span class='ocrx_word' id='word_1_118' title='bbox 522 1963 647 2014; x_wconf 88' lang='lat' dir='ltr'><strong>omnibus</strong></span> <span class='ocrx_word' id='word_1_119' title='bbox 664 1964 777 2027; x_wconf 79' lang='lat' dir='ltr'><strong>argovi-</strong></span> <span class='ocrx_word' id='word_1_120' title='bbox 812 1961 899 2010; x_wconf 71' lang='lat' dir='ltr'><strong>morbo</strong></span> <span class='ocrx_word' id='word_1_121' title='bbox 916 1965 1027 2011; x_wconf 69' lang='lat' dir='ltr'><strong>tentam</strong></span> <span class='ocrx_word' id='word_1_122' title='bbox 1042 1965 1125 2010; x_wconf 79' lang='lat' dir='ltr'><strong>acuto</strong></span> <span class='ocrx_word' id='word_1_123' title='bbox 1163 1961 1201 2010; x_wconf 89' lang='lat' dir='ltr'><strong>Da</strong></span> <span class='ocrx_word' id='word_1_124' title='bbox 1224 1959 1340 2010; x_wconf 90' lang='lat' dir='ltr'><strong>laterum</strong></span> 
     </span>
     <span class='ocr_line' id='line_1_16' title="bbox 252 2034 1339 2101; baseline -0.004 -13"><span class='ocrx_word' id='word_1_125' title='bbox 252 2040 295 2088; x_wconf 90' lang='lat' dir='ltr'><strong>tiis</strong></span> <span class='ocrx_word' id='word_1_126' title='bbox 320 2036 389 2088; x_wconf 90' lang='lat' dir='ltr'><strong>liber</strong></span> <span class='ocrx_word' id='word_1_127' title='bbox 413 2038 448 2088; x_wconf 88' lang='lat' dir='ltr'><strong>sit</strong></span> <span class='ocrx_word' id='word_1_128' title='bbox 472 2039 592 2101; x_wconf 86' lang='lat' dir='ltr'><strong>oportet,</strong></span> <span class='ocrx_word' id='word_1_129' title='bbox 619 2051 701 2101; x_wconf 87' lang='lat' dir='ltr'><strong>quem</strong></span> <span class='ocrx_word' id='word_1_130' title='bbox 727 2049 776 2087; x_wconf 85' lang='lat' dir='ltr'><strong>noa</strong></span> <span class='ocrx_word' id='word_1_131' title='bbox 815 2034 951 2086; x_wconf 89' lang='lat' dir='ltr'><strong>dolorecl.</strong></span> <span class='ocrx_word' id='word_1_132' title='bbox 965 2037 1018 2084; x_wconf 88' lang='lat' dir='ltr'><strong>Sat.</strong></span> <span class='ocrx_word' id='word_1_133' title='bbox 1032 2035 1102 2096; x_wconf 86' lang='lat' dir='ltr'><strong>t,9,</strong></span> <span class='ocrx_word' id='word_1_134' title='bbox 1121 2035 1162 2084; x_wconf 73' lang='grc'><strong>33.</strong></span> <span class='ocrx_word' id='word_1_135' title='bbox 1178 2062 1205 2071; x_wconf 84' lang='lat'>-</span> <span class='ocrx_word' id='word_1_136' title='bbox 1219 2035 1339 2099; x_wconf 67' lang='lat' dir='ltr'><strong>matre]</strong></span> 
     </span>
     <span class='ocr_line' id='line_1_17' title="bbox 251 2106 1341 2173; baseline -0.002 -11"><span class='ocrx_word' id='word_1_137' title='bbox 251 2112 332 2162; x_wconf 87' lang='lat' dir='ltr'><strong>Stoici</strong></span> <span class='ocrx_word' id='word_1_138' title='bbox 348 2125 444 2162; x_wconf 86' lang='lat' dir='ltr'><strong>sanum</strong></span> <span class='ocrx_word' id='word_1_139' title='bbox 455 2124 609 2162; x_wconf 78' lang='lat' dir='ltr'><strong>vocamus.»</strong></span> <span class='ocrx_word' id='word_1_140' title='bbox 644 2112 778 2162; x_wconf 86' lang='lat' dir='ltr'><strong>Haucau-</strong></span> <span class='ocrx_word' id='word_1_141' title='bbox 816 2110 952 2162; x_wconf 70' lang='lat' dir='ltr'><strong>«laborant</strong></span> <span class='ocrx_word' id='word_1_142' title='bbox 969 2112 1015 2160; x_wconf 91' lang='lat' dir='ltr'><strong>aut</strong></span> <span class='ocrx_word' id='word_1_143' title='bbox 1030 2106 1171 2173; x_wconf 86' lang='lat' dir='ltr'><strong>pleuritide</strong></span> <span class='ocrx_word' id='word_1_144' title='bbox 1186 2110 1231 2159; x_wconf 89' lang='lat' dir='ltr'><strong>aut</strong></span> <span class='ocrx_word' id='word_1_145' title='bbox 1243 2122 1341 2160; x_wconf 90' lang='lat' dir='ltr'><strong>renum</strong></span> 
     </span>
     <span class='ocr_line' id='line_1_18' title="bbox 251 2183 1342 2247; baseline -0.002 -11"><span class='ocrx_word' id='word_1_146' title='bbox 251 2189 308 2236; x_wconf 86' lang='lat' dir='ltr'><strong>tem</strong></span> <span class='ocrx_word' id='word_1_147' title='bbox 325 2185 474 2235; x_wconf 88' lang='lat' dir='ltr'><strong>doctrinam</strong></span> <span class='ocrx_word' id='word_1_148' title='bbox 491 2185 658 2240; x_wconf 84' lang='lat' dir='ltr'><strong>diversorum</strong></span> <span class='ocrx_word' id='word_1_149' title='bbox 671 2184 780 2235; x_wconf 90' lang='lat' dir='ltr'><strong>morbo-</strong></span> <span class='ocrx_word' id='word_1_150' title='bbox 815 2185 923 2246; x_wconf 90' lang='lat' dir='ltr'><strong>morbo,</strong></span> <span class='ocrx_word' id='word_1_151' title='bbox 944 2187 972 2234; x_wconf 87' lang='lat' dir='ltr'><strong>ut</strong></span> <span class='ocrx_word' id='word_1_152' title='bbox 983 2195 1031 2234; x_wconf 89' lang='lat' dir='ltr'><strong>uos</strong></span> <span class='ocrx_word' id='word_1_153' title='bbox 1043 2183 1254 2247; x_wconf 76' lang='lat' dir='ltr'><strong>ipsi&#39;videmus.»</strong></span> <span class='ocrx_word' id='word_1_154' title='bbox 1272 2185 1342 2234; x_wconf 89' lang='lat' dir='ltr'><strong>Cou-</strong></span> 
     </span>
     <span class='ocr_line' id='line_1_19' title="bbox 252 2257 1342 2323; baseline -0.002 -13"><span class='ocrx_word' id='word_1_155' title='bbox 252 2273 314 2310; x_wconf 89' lang='lat' dir='ltr'><strong>rum</strong></span> <span class='ocrx_word' id='word_1_156' title='bbox 321 2257 451 2323; x_wconf 86' lang='lat' dir='ltr'><strong>exemplis</strong></span> <span class='ocrx_word' id='word_1_157' title='bbox 460 2257 579 2320; x_wconf 88' lang='lat' dir='ltr'><strong>illustrat,</strong></span> <span class='ocrx_word' id='word_1_158' title='bbox 590 2271 706 2323; x_wconf 90' lang='lat' dir='ltr'><strong>quorum</strong></span> <span class='ocrx_word' id='word_1_159' title='bbox 714 2272 780 2323; x_wconf 91' lang='lat' dir='ltr'><strong>quo-</strong></span> <span class='ocrx_word' id='word_1_160' title='bbox 815 2261 947 2311; x_wconf 88' lang='lat' dir='ltr'><strong>iunctivus</strong></span> <span class='ocrx_word' id='word_1_161' title='bbox 964 2263 1087 2309; x_wconf 75' lang='lat' dir='ltr'><strong>tentemur</strong></span> <span class='ocrx_word' id='word_1_162' title='bbox 1098 2257 1259 2321; x_wconf 80' lang='lat' dir='ltr'><strong>significaret</strong></span> <span class='ocrx_word' id='word_1_163' title='bbox 1270 2259 1342 2309; x_wconf 87' lang='lat' dir='ltr'><strong>banc</strong></span> 
     </span>
     <span class='ocr_line' id='line_1_20' title="bbox 253 2331 1342 2399; baseline -0.001 -14"><span class='ocrx_word' id='word_1_164' title='bbox 253 2348 306 2399; x_wconf 90' lang='lat' dir='ltr'><strong>quo</strong></span> <span class='ocrx_word' id='word_1_165' title='bbox 318 2331 412 2398; x_wconf 90' lang='lat' dir='ltr'><strong>aliquis</strong></span> <span class='ocrx_word' id='word_1_166' title='bbox 423 2335 553 2393; x_wconf 87' lang='lat' dir='ltr'><strong>tentetur,</strong></span> <span class='ocrx_word' id='word_1_167' title='bbox 571 2344 653 2383; x_wconf 86' lang='lat' dir='ltr'><strong>sanus</strong></span> <span class='ocrx_word' id='word_1_168' title='bbox 665 2345 779 2397; x_wconf 88' lang='lat' dir='ltr'><strong>corpore</strong></span> <span class='ocrx_word' id='word_1_169' title='bbox 816 2336 946 2385; x_wconf 88' lang='lat' dir='ltr'><strong>rationem</strong></span> <span class='ocrx_word' id='word_1_170' title='bbox 957 2347 973 2384; x_wconf 90' lang='lat' dir='ltr'><strong>a</strong></span> <span class='ocrx_word' id='word_1_171' title='bbox 985 2335 1095 2384; x_wconf 85' lang='lat' dir='ltr'><strong>Cratero</strong></span> <span class='ocrx_word' id='word_1_172' title='bbox 1107 2333 1209 2394; x_wconf 77' lang='lat' dir='ltr'><strong>afferri,</strong></span> <span class='ocrx_word' id='word_1_173' title='bbox 1228 2333 1255 2384; x_wconf 89' lang='lat' dir='ltr'><strong>id</strong></span> <span class='ocrx_word' id='word_1_174' title='bbox 1267 2333 1342 2397; x_wconf 92' lang='lat' dir='ltr'><strong>quod</strong></span> 
     </span>
     <span class='ocr_line' id='line_1_21' title="bbox 253 2403 1343 2477; baseline -0.002 -17"><span class='ocrx_word' id='word_1_175' title='bbox 253 2410 358 2460; x_wconf 88' lang='lat' dir='ltr'><strong>nonsit.</strong></span> <span class='ocrx_word' id='word_1_176' title='bbox 372 2408 616 2458; x_wconf 82' lang='lat' dir='ltr'><strong>Ceterumoimtum</strong></span> <span class='ocrx_word' id='word_1_177' title='bbox 624 2421 781 2470; x_wconf 80' lang='lat' dir='ltr'><strong>operuecon-</strong></span> <span class='ocrx_word' id='word_1_178' title='bbox 817 2410 904 2461; x_wconf 87' lang='lat' dir='ltr'><strong>miuus</strong></span> <span class='ocrx_word' id='word_1_179' title='bbox 926 2411 1018 2473; x_wconf 88' lang='lat' dir='ltr'><strong>aptum</strong></span> <span class='ocrx_word' id='word_1_180' title='bbox 1042 2410 1091 2458; x_wconf 90' lang='lat' dir='ltr'><strong>est.</strong></span> <span class='ocrx_word' id='word_1_181' title='bbox 1113 2435 1140 2443; x_wconf 85' lang='lat'>—</span> <span class='ocrx_word' id='word_1_182' title='bbox 1158 2407 1241 2472; x_wconf 67' lang='lat' dir='ltr'><strong>uado]</strong></span> <span class='ocrx_word' id='word_1_183' title='bbox 1260 2403 1343 2477; x_wconf 76' lang='grc' dir='ltr'><strong><em>ὀξείᾳ</em></strong></span> 
     </span>
     <span class='ocr_line' id='line_1_22' title="bbox 253 2480 1341 2550; baseline -0.002 -16"><span class='ocrx_word' id='word_1_184' title='bbox 253 2483 513 2545; x_wconf 73' lang='lat' dir='ltr'><strong>mritercStot&#39;ets,</strong></span> <span class='ocrx_word' id='word_1_185' title='bbox 537 2483 781 2543; x_wconf 67' lang='lat' dir='ltr'><strong>meaeimequrp·</strong></span> <span class='ocrx_word' id='word_1_186' title='bbox 816 2481 904 2550; x_wconf 79' lang='grc' dir='ltr'><strong><em>νόσῳ.</em></strong></span> <span class='ocrx_word' id='word_1_187' title='bbox 935 2480 1046 2541; x_wconf 82' lang='lat' dir='ltr'><strong>Cels.3,</strong></span> <span class='ocrx_word' id='word_1_188' title='bbox 1066 2482 1095 2530; x_wconf 87' lang='lat' dir='ltr'><strong>l:</strong></span> <span class='ocrx_word' id='word_1_189' title='bbox 1116 2482 1341 2546; x_wconf 71' lang='lat' dir='ltr'><strong>Qatdomtmorbi)</strong></span> 
     </span>
     <span class='ocr_line' id='line_1_23' title="bbox 252 2557 1344 2621; baseline -0.001 -12"><span class='ocrx_word' id='word_1_190' title='bbox 252 2557 782 2621; x_wconf 72' lang='lat' dir='ltr'><strong>stppo,dammorbiscorporumcompara·</strong></span> <span class='ocrx_word' id='word_1_191' title='bbox 817 2559 902 2610; x_wconf 58' lang='lat' dir='ltr'><strong>bever</strong></span> <span class='ocrx_word' id='word_1_192' title='bbox 925 2557 1041 2619; x_wconf 72' lang='lat' dir='ltr'><strong>armique</strong></span> <span class='ocrx_word' id='word_1_193' title='bbox 1065 2560 1137 2617; x_wconf 78' lang='lat' dir='ltr'><strong>suot,</strong></span> <span class='ocrx_word' id='word_1_194' title='bbox 1163 2558 1207 2617; x_wconf 81' lang='lat' dir='ltr'><strong>qut</strong></span> <span class='ocrx_word' id='word_1_195' title='bbox 1230 2558 1279 2607; x_wconf 83' lang='lat' dir='ltr'><strong>cito</strong></span> <span class='ocrx_word' id='word_1_196' title='bbox 1303 2559 1344 2608; x_wconf 86' lang='lat' dir='ltr'><strong>oel</strong></span> 
     </span>
     <span class='ocr_line' id='line_1_24' title="bbox 254 2631 1344 2697; baseline -0.001 -14"><span class='ocrx_word' id='word_1_197' title='bbox 254 2637 297 2683; x_wconf 78' lang='lat' dir='ltr'><strong>tor</strong></span> <span class='ocrx_word' id='word_1_198' title='bbox 306 2631 452 2682; x_wconf 82' lang='lat' dir='ltr'><strong>morborum</strong></span> <span class='ocrx_word' id='word_1_199' title='bbox 462 2632 542 2682; x_wconf 67' lang='lat' dir='ltr'><strong>cuent</strong></span> <span class='ocrx_word' id='word_1_200' title='bbox 556 2631 699 2681; x_wconf 70' lang='lat' dir='ltr'><strong>omdintdo.</strong></span> <span class='ocrx_word' id='word_1_201' title='bbox 723 2631 778 2682; x_wconf 89' lang='lat' dir='ltr'><strong>Cic.</strong></span> <span class='ocrx_word' id='word_1_202' title='bbox 817 2633 906 2684; x_wconf 70' lang='lat' dir='ltr'><strong>murat</strong></span> <span class='ocrx_word' id='word_1_203' title='bbox 921 2633 1044 2682; x_wconf 80' lang='lat' dir='ltr'><strong>bominem</strong></span> <span class='ocrx_word' id='word_1_204' title='bbox 1060 2631 1099 2680; x_wconf 84' lang='lat' dir='ltr'><strong>ott</strong></span> <span class='ocrx_word' id='word_1_205' title='bbox 1119 2631 1167 2693; x_wconf 84' lang='lat' dir='ltr'><strong>ipsi</strong></span> <span class='ocrx_word' id='word_1_206' title='bbox 1182 2633 1230 2682; x_wconf 79' lang='lat' dir='ltr'><strong>cito</strong></span> <span class='ocrx_word' id='word_1_207' title='bbox 1245 2633 1344 2697; x_wconf 64' lang='lat' dir='ltr'><strong>finiuit-</strong></span> 
     </span>
     <span class='ocr_line' id='line_1_25' title="bbox 254 2705 1344 2771; baseline 0.001 -14"><span class='ocrx_word' id='word_1_208' title='bbox 254 2708 332 2758; x_wconf 80' lang='lat' dir='ltr'><strong>l&#39;use.</strong></span> <span class='ocrx_word' id='word_1_209' title='bbox 345 2707 374 2767; x_wconf 92' lang='grc'><strong>4,</strong></span> <span class='ocrx_word' id='word_1_210' title='bbox 393 2707 438 2769; x_wconf 79' lang='lat' dir='ltr'><strong>lt),</strong></span> <span class='ocrx_word' id='word_1_211' title='bbox 451 2707 492 2758; x_wconf 75' lang='lat'><strong>23.</strong></span> <span class='ocrx_word' id='word_1_212' title='bbox 509 2734 537 2743; x_wconf 98' lang='lat'>-</span> <span class='ocrx_word' id='word_1_213' title='bbox 550 2707 616 2769; x_wconf 74' lang='lat' dir='ltr'><strong>Gur,</strong></span> <span class='ocrx_word' id='word_1_214' title='bbox 628 2705 733 2771; x_wconf 77' lang='lat' dir='ltr'><strong>Stoicel]</strong></span> <span class='ocrx_word' id='word_1_215' title='bbox 746 2707 779 2756; x_wconf 86' lang='lat' dir='ltr'><strong>Se</strong></span> <span class='ocrx_word' id='word_1_216' title='bbox 817 2715 873 2769; x_wconf 80' lang='lat' dir='ltr'><strong>tur,·</strong></span> <span class='ocrx_word' id='word_1_217' title='bbox 891 2707 994 2770; x_wconf 80' lang='lat' dir='ltr'><strong>quidum</strong></span> <span class='ocrx_word' id='word_1_218' title='bbox 1010 2706 1091 2769; x_wconf 65' lang='lat' dir='ltr'><strong>tonat,</strong></span> <span class='ocrx_word' id='word_1_219' title='bbox 1109 2705 1153 2755; x_wconf 82' lang='lat' dir='ltr'><strong>sut</strong></span> <span class='ocrx_word' id='word_1_220' title='bbox 1165 2706 1253 2768; x_wconf 71' lang='lat' dir='ltr'><strong>potore</strong></span> <span class='ocrx_word' id='word_1_221' title='bbox 1264 2721 1344 2768; x_wconf 81' lang='lat' dir='ltr'><strong>neque</strong></span> 
     </span>
     <span class='ocr_line' id='line_1_26' title="bbox 255 2782 1344 2847; baseline 0.001 -16"><span class='ocrx_word' id='word_1_222' title='bbox 255 2784 312 2847; x_wconf 87' lang='lat' dir='ltr'><strong>ipse</strong></span> <span class='ocrx_word' id='word_1_223' title='bbox 329 2784 475 2845; x_wconf 76' lang='lat' dir='ltr'><strong>interrogat</strong></span> <span class='ocrx_word' id='word_1_224' title='bbox 486 2783 633 2833; x_wconf 88' lang='lat' dir='ltr'><strong>Stertinius.</strong></span> <span class='ocrx_word' id='word_1_225' title='bbox 660 2784 689 2832; x_wconf 92' lang='lat' dir='ltr'><strong>ln</strong></span> <span class='ocrx_word' id='word_1_226' title='bbox 701 2794 781 2847; x_wconf 90' lang='lat' dir='ltr'><strong>prosa</strong></span> <span class='ocrx_word' id='word_1_227' title='bbox 817 2784 914 2833; x_wconf 79' lang='lat' dir='ltr'><strong>sonitus</strong></span> <span class='ocrx_word' id='word_1_228' title='bbox 935 2782 962 2830; x_wconf 83' lang='lat' dir='ltr'><strong>tn</strong></span> <span class='ocrx_word' id='word_1_229' title='bbox 982 2782 1125 2843; x_wconf 81' lang='lat' dir='ltr'><strong>propinquo</strong></span> <span class='ocrx_word' id='word_1_230' title='bbox 1141 2794 1220 2842; x_wconf 77' lang='lat' dir='ltr'><strong>aeque</strong></span> <span class='ocrx_word' id='word_1_231' title='bbox 1236 2783 1344 2833; x_wconf 65' lang='lat' dir='ltr'><strong>mittum</strong></span> 
     </span>
     <span class='ocr_line' id='line_1_27' title="bbox 256 2855 862 2920; baseline 0.002 -14"><span class='ocrx_word' id='word_1_232' title='bbox 256 2857 386 2907; x_wconf 77' lang='lat' dir='ltr'><strong>oratione:</strong></span> <span class='ocrx_word' id='word_1_233' title='bbox 414 2858 496 2918; x_wconf 79' lang='lat' dir='ltr'><strong>«Cur,</strong></span> <span class='ocrx_word' id='word_1_234' title='bbox 515 2870 549 2907; x_wconf 82' lang='lat' dir='ltr'><strong>ex</strong></span> <span class='ocrx_word' id='word_1_235' title='bbox 565 2869 626 2906; x_wconf 86' lang='lat' dir='ltr'><strong>mea</strong></span> <span class='ocrx_word' id='word_1_236' title='bbox 644 2855 781 2920; x_wconf 87' lang='lat' dir='ltr'><strong>disciplina</strong></span> <span class='ocrx_word' id='word_1_237' title='bbox 818 2863 862 2909; x_wconf 83' lang='lat' dir='ltr'><strong>cst.</strong></span> 
     </span>
    </p>

    <p class='ocr_par' dir='ltr' id='par_1_9' title="bbox 256 2929 1413 4258">
     <span class='ocr_line' id='line_1_28' title="bbox 256 2929 1344 2994; baseline 0.001 -14"><span class='ocrx_word' id='word_1_238' title='bbox 256 2931 344 2980; x_wconf 85' lang='lat' dir='ltr'><strong>Stoica</strong></span> <span class='ocrx_word' id='word_1_239' title='bbox 361 2929 476 2978; x_wconf 81' lang='lat' dir='ltr'><strong>dinam.»</strong></span> <span class='ocrx_word' id='word_1_240' title='bbox 509 2931 551 2979; x_wconf 87' lang='lat' dir='ltr'><strong>sio</strong></span> <span class='ocrx_word' id='word_1_241' title='bbox 569 2929 665 2980; x_wconf 87' lang='lat' dir='ltr'><strong>crebro</strong></span> <span class='ocrx_word' id='word_1_242' title='bbox 686 2931 713 2980; x_wconf 91' lang='lat' dir='ltr'><strong>iu</strong></span> <span class='ocrx_word' id='word_1_243' title='bbox 729 2932 781 2980; x_wconf 80' lang='lat' dir='ltr'><strong>Ar-</strong></span> <span class='ocrx_word' id='word_1_244' title='bbox 851 2929 972 2982; x_wconf 90' lang='grc'>464-466.</span> <span class='ocrx_word' id='word_1_245' title='bbox 994 2930 1052 2980; x_wconf 80' lang='lat' dir='ltr'><strong>Noc</strong></span> <span class='ocrx_word' id='word_1_246' title='bbox 1068 2933 1103 2979; x_wconf 80' lang='lat' dir='ltr'><strong>est</strong></span> <span class='ocrx_word' id='word_1_247' title='bbox 1119 2929 1182 2994; x_wconf 80' lang='lat' dir='ltr'><strong>cet]</strong></span> <span class='ocrx_word' id='word_1_248' title='bbox 1200 2931 1344 2982; x_wconf 74' lang='lat' dir='ltr'><strong>«Concedo</strong></span> 
     </span>
     <span class='ocr_line' id='line_1_29' title="bbox 256 3001 1341 3070; baseline 0.002 -17"><span class='ocrx_word' id='word_1_249' title='bbox 256 3003 323 3053; x_wconf 89' lang='lat' dir='ltr'><strong>riaui</strong></span> <span class='ocrx_word' id='word_1_250' title='bbox 347 3004 483 3066; x_wconf 83' lang='lat' dir='ltr'><strong>Epicteto,</strong></span> <span class='ocrx_word' id='word_1_251' title='bbox 509 3007 540 3054; x_wconf 94' lang='lat' dir='ltr'><strong>ut</strong></span> <span class='ocrx_word' id='word_1_252' title='bbox 559 3006 589 3065; x_wconf 76' lang='lat'><strong>2,</strong></span> <span class='ocrx_word' id='word_1_253' title='bbox 612 3005 658 3065; x_wconf 74' lang='lat'><strong>20,</strong></span> <span class='ocrx_word' id='word_1_254' title='bbox 680 3005 727 3054; x_wconf 72' lang='lat'><strong>22:</strong></span> <span class='ocrx_word' id='word_1_255' title='bbox 753 3005 781 3054; x_wconf 79' lang='grc' dir='ltr'><strong>τι</strong></span> <span class='ocrx_word' id='word_1_256' title='bbox 818 3007 935 3070; x_wconf 88' lang='lat' dir='ltr'><strong>aliquem</strong></span> <span class='ocrx_word' id='word_1_257' title='bbox 951 3001 1099 3055; x_wconf 88' lang='lat' dir='ltr'><strong>sceleribus</strong></span> <span class='ocrx_word' id='word_1_258' title='bbox 1110 3017 1163 3054; x_wconf 93' lang='lat' dir='ltr'><strong>nou</strong></span> <span class='ocrx_word' id='word_1_259' title='bbox 1175 3007 1341 3069; x_wconf 86' lang='lat' dir='ltr'><strong>coopertum,</strong></span> 
     </span>
     <span class='ocr_line' id='line_1_30' title="bbox 256 3069 1344 3143; baseline 0.003 -17"><span class='ocrx_word' id='word_1_260' title='bbox 256 3074 612 3143; x_wconf 47' lang='lat' dir='ltr'><strong>ttyaffipttooopqmid.</strong></span> <span class='ocrx_word' id='word_1_261' title='bbox 626 3077 707 3142; x_wconf 62' lang='lat' dir='ltr'><strong>Ml:</strong></span> <span class='ocrx_word' id='word_1_262' title='bbox 726 3069 779 3140; x_wconf 75' lang='lat' dir='ltr'><strong>ui,</strong></span> <span class='ocrx_word' id='word_1_263' title='bbox 818 3093 872 3132; x_wconf 88' lang='lat' dir='ltr'><strong>non</strong></span> <span class='ocrx_word' id='word_1_264' title='bbox 903 3080 1041 3143; x_wconf 89' lang='lat' dir='ltr'><strong>periurum</strong></span> <span class='ocrx_word' id='word_1_265' title='bbox 1070 3091 1130 3128; x_wconf 89' lang='lat' dir='ltr'><strong>esse</strong></span> <span class='ocrx_word' id='word_1_266' title='bbox 1161 3092 1247 3143; x_wconf 90' lang='lat' dir='ltr'><strong>neque</strong></span> <span class='ocrx_word' id='word_1_267' title='bbox 1274 3079 1344 3130; x_wconf 88' lang='lat' dir='ltr'><strong>adeo</strong></span> 
     </span>
     <span class='ocr_line' id='line_1_31' title="bbox 257 3147 1345 3224; baseline 0.004 -23"><span class='ocrx_word' id='word_1_268' title='bbox 257 3147 415 3214; x_wconf 75' lang='grc' dir='ltr'><strong><em>φιλόσοφε.</em></strong></span> <span class='ocrx_word' id='word_1_269' title='bbox 444 3179 471 3189; x_wconf 91' lang='grc'><strong>-</strong></span> <span class='ocrx_word' id='word_1_270' title='bbox 498 3153 645 3217; x_wconf 65' lang='lat' dir='ltr'><strong>cardimus]</strong></span> <span class='ocrx_word' id='word_1_271' title='bbox 671 3150 782 3224; x_wconf 78' lang='lat' dir='ltr'><strong>Kapdta</strong></span> <span class='ocrx_word' id='word_1_272' title='bbox 818 3153 972 3213; x_wconf 86' lang='lat' dir='ltr'><strong>sordidum,</strong></span> <span class='ocrx_word' id='word_1_273' title='bbox 990 3155 1020 3202; x_wconf 88' lang='lat' dir='ltr'><strong>ut</strong></span> <span class='ocrx_word' id='word_1_274' title='bbox 1036 3153 1274 3217; x_wconf 85' lang='lat' dir='ltr'><strong>propteraafldem</strong></span> <span class='ocrx_word' id='word_1_275' title='bbox 1290 3153 1345 3205; x_wconf 87' lang='lat' dir='ltr'><strong>lae-</strong></span> 
     </span>
     <span class='ocr_line' id='line_1_32' title="bbox 258 3224 1346 3288; baseline -0.001 -10"><span class='ocrx_word' id='word_1_276' title='bbox 258 3240 312 3278; x_wconf 92' lang='lat' dir='ltr'><strong>nou</strong></span> <span class='ocrx_word' id='word_1_277' title='bbox 329 3224 416 3277; x_wconf 90' lang='lat' dir='ltr'><strong>solum</strong></span> <span class='ocrx_word' id='word_1_278' title='bbox 435 3240 495 3287; x_wconf 91' lang='lat' dir='ltr'><strong>cor,</strong></span> <span class='ocrx_word' id='word_1_279' title='bbox 513 3227 563 3278; x_wconf 91' lang='lat' dir='ltr'><strong>sed</strong></span> <span class='ocrx_word' id='word_1_280' title='bbox 580 3228 659 3277; x_wconf 88' lang='lat' dir='ltr'><strong>etiam</strong></span> <span class='ocrx_word' id='word_1_281' title='bbox 677 3240 708 3278; x_wconf 92' lang='lat' dir='ltr'><strong>os</strong></span> <span class='ocrx_word' id='word_1_282' title='bbox 719 3241 783 3278; x_wconf 81' lang='lat' dir='ltr'><strong>reu·</strong></span> <span class='ocrx_word' id='word_1_283' title='bbox 819 3229 865 3280; x_wconf 88' lang='lat' dir='ltr'><strong>dat</strong></span> <span class='ocrx_word' id='word_1_284' title='bbox 882 3241 914 3277; x_wconf 88' lang='lat' dir='ltr'><strong>ac</strong></span> <span class='ocrx_word' id='word_1_285' title='bbox 926 3227 1040 3288; x_wconf 83' lang='lat' dir='ltr'><strong>iuretur,</strong></span> <span class='ocrx_word' id='word_1_286' title='bbox 1059 3226 1179 3278; x_wconf 86' lang='lat' dir='ltr'><strong>concedo</strong></span> <span class='ocrx_word' id='word_1_287' title='bbox 1192 3239 1254 3278; x_wconf 90' lang='lat' dir='ltr'><strong>eum</strong></span> <span class='ocrx_word' id='word_1_288' title='bbox 1265 3227 1346 3278; x_wconf 88' lang='lat' dir='ltr'><strong>ideir-</strong></span> 
     </span>
     <span class='ocr_line' id='line_1_33' title="bbox 257 3298 1344 3366; baseline 0.001 -15"><span class='ocrx_word' id='word_1_289' title='bbox 257 3299 344 3351; x_wconf 88' lang='lat' dir='ltr'><strong>triculi</strong></span> <span class='ocrx_word' id='word_1_290' title='bbox 366 3298 507 3365; x_wconf 56' lang='lat' dir='ltr'><strong>significat}</strong></span> <span class='ocrx_word' id='word_1_291' title='bbox 533 3303 579 3366; x_wconf 91' lang='lat' dir='ltr'><strong>qui</strong></span> <span class='ocrx_word' id='word_1_292' title='bbox 604 3302 683 3352; x_wconf 86' lang='lat' dir='ltr'><strong>huius</strong></span> <span class='ocrx_word' id='word_1_293' title='bbox 708 3302 783 3352; x_wconf 89' lang='lat' dir='ltr'><strong>infir·</strong></span> <span class='ocrx_word' id='word_1_294' title='bbox 820 3317 852 3355; x_wconf 90' lang='lat' dir='ltr'><strong>co</strong></span> <span class='ocrx_word' id='word_1_295' title='bbox 863 3301 970 3353; x_wconf 60' lang='lat' dir='ltr'><strong>tantus</strong></span> <span class='ocrx_word' id='word_1_296' title='bbox 981 3301 1080 3364; x_wconf 74' lang='lat' dir='ltr'><strong>aeque,</strong></span> <span class='ocrx_word' id='word_1_297' title='bbox 1094 3301 1182 3363; x_wconf 91' lang='lat' dir='ltr'><strong>idest,</strong></span> <span class='ocrx_word' id='word_1_298' title='bbox 1196 3315 1248 3352; x_wconf 90' lang='lat' dir='ltr'><strong>nou</strong></span> <span class='ocrx_word' id='word_1_299' title='bbox 1261 3303 1344 3364; x_wconf 86' lang='lat' dir='ltr'><strong>iratis,</strong></span> 
     </span>
     <span class='ocr_line' id='line_1_34' title="bbox 257 3373 1344 3448; baseline 0.001 -22"><span class='ocrx_word' id='word_1_300' title='bbox 257 3377 349 3426; x_wconf 79' lang='lat' dir='ltr'><strong>mitate</strong></span> <span class='ocrx_word' id='word_1_301' title='bbox 361 3375 476 3439; x_wconf 88' lang='lat' dir='ltr'><strong>laborat,</strong></span> <span class='ocrx_word' id='word_1_302' title='bbox 495 3379 607 3428; x_wconf 84' lang='lat' dir='ltr'><strong>vocatur</strong></span> <span class='ocrx_word' id='word_1_303' title='bbox 616 3373 780 3448; x_wconf 72' lang='grc' dir='ltr'><strong><em>καρδιακός.</em></strong></span> <span class='ocrx_word' id='word_1_304' title='bbox 819 3391 902 3444; x_wconf 87' lang='lat' dir='ltr'><strong>porco</strong></span> <span class='ocrx_word' id='word_1_305' title='bbox 919 3377 1008 3427; x_wconf 88' lang='lat' dir='ltr'><strong>lacere</strong></span> <span class='ocrx_word' id='word_1_306' title='bbox 1025 3389 1106 3441; x_wconf 85' lang='lat' dir='ltr'><strong>posse</strong></span> <span class='ocrx_word' id='word_1_307' title='bbox 1125 3376 1181 3439; x_wconf 86' lang='lat' dir='ltr'><strong>(cir.</strong></span> <span class='ocrx_word' id='word_1_308' title='bbox 1195 3376 1243 3426; x_wconf 88' lang='lat' dir='ltr'><strong>Od.</strong></span> <span class='ocrx_word' id='word_1_309' title='bbox 1256 3376 1287 3438; x_wconf 88' lang='grc'><strong>3,</strong></span> <span class='ocrx_word' id='word_1_310' title='bbox 1300 3377 1344 3438; x_wconf 73' lang='grc'><strong>23,</strong></span> 
     </span>
     <span class='ocr_line' id='line_1_35' title="bbox 258 3449 1344 3516; baseline -0.002 -14"><span class='ocrx_word' id='word_1_311' title='bbox 258 3449 327 3502; x_wconf 86' lang='lat' dir='ltr'><strong>Cels.</strong></span> <span class='ocrx_word' id='word_1_312' title='bbox 341 3451 369 3513; x_wconf 87' lang='grc'><strong>3,</strong></span> <span class='ocrx_word' id='word_1_313' title='bbox 388 3452 435 3502; x_wconf 83' lang='lat' dir='ltr'><strong>to:</strong></span> <span class='ocrx_word' id='word_1_314' title='bbox 461 3452 506 3502; x_wconf 76' lang='lat' dir='ltr'><strong>ists</strong></span> <span class='ocrx_word' id='word_1_315' title='bbox 521 3452 614 3502; x_wconf 81' lang='lat' dir='ltr'><strong>morbis</strong></span> <span class='ocrx_word' id='word_1_316' title='bbox 630 3453 718 3516; x_wconf 86' lang='lat' dir='ltr'><strong>(variis</strong></span> <span class='ocrx_word' id='word_1_317' title='bbox 741 3453 783 3502; x_wconf 89' lang='lat' dir='ltr'><strong>in·</strong></span> <span class='ocrx_word' id='word_1_318' title='bbox 820 3453 864 3516; x_wconf 86' lang='grc'>4.);</span> <span class='ocrx_word' id='word_1_319' title='bbox 883 3455 911 3502; x_wconf 89' lang='lat' dir='ltr'><strong>at</strong></span> <span class='ocrx_word' id='word_1_320' title='bbox 922 3451 1047 3512; x_wconf 87' lang='lat' dir='ltr'><strong>eundem,</strong></span> <span class='ocrx_word' id='word_1_321' title='bbox 1061 3451 1083 3501; x_wconf 88' lang='lat' dir='ltr'><strong>si</strong></span> <span class='ocrx_word' id='word_1_322' title='bbox 1094 3451 1129 3500; x_wconf 85' lang='lat' dir='ltr'><strong>sit</strong></span> <span class='ocrx_word' id='word_1_323' title='bbox 1139 3450 1295 3501; x_wconf 86' lang='lat' dir='ltr'><strong>ambitiosus</strong></span> <span class='ocrx_word' id='word_1_324' title='bbox 1308 3453 1344 3513; x_wconf 90' lang='lat' dir='ltr'><strong>et,</strong></span> 
     </span>
     <span class='ocr_line' id='line_1_36' title="bbox 258 3523 1347 3590; baseline 0 -15"><span class='ocrx_word' id='word_1_325' title='bbox 258 3526 348 3576; x_wconf 86' lang='lat' dir='ltr'><strong>suniae</strong></span> <span class='ocrx_word' id='word_1_326' title='bbox 366 3526 517 3589; x_wconf 71' lang='lat' dir='ltr'><strong>generibus)</strong></span> <span class='ocrx_word' id='word_1_327' title='bbox 534 3528 670 3589; x_wconf 76' lang='lat' dir='ltr'><strong>praecipuo</strong></span> <span class='ocrx_word' id='word_1_328' title='bbox 683 3531 785 3577; x_wconf 79' lang='lat' dir='ltr'><strong>contra-</strong></span> <span class='ocrx_word' id='word_1_329' title='bbox 820 3540 874 3590; x_wconf 92' lang='lat' dir='ltr'><strong>quo</strong></span> <span class='ocrx_word' id='word_1_330' title='bbox 886 3525 1024 3576; x_wconf 88' lang='lat' dir='ltr'><strong>ambitioni</strong></span> <span class='ocrx_word' id='word_1_331' title='bbox 1041 3524 1198 3586; x_wconf 86' lang='lat' dir='ltr'><strong>satislaciat,</strong></span> <span class='ocrx_word' id='word_1_332' title='bbox 1217 3523 1347 3575; x_wconf 88' lang='lat' dir='ltr'><strong>audacter</strong></span> 
     </span>
     <span class='ocr_line' id='line_1_37' title="bbox 257 3596 1347 3671; baseline 0.003 -24"><span class='ocrx_word' id='word_1_333' title='bbox 257 3599 326 3648; x_wconf 77' lang='lat' dir='ltr'><strong>risen</strong></span> <span class='ocrx_word' id='word_1_334' title='bbox 341 3604 377 3648; x_wconf 82' lang='lat' dir='ltr'><strong>cst</strong></span> <span class='ocrx_word' id='word_1_335' title='bbox 392 3600 419 3648; x_wconf 83' lang='lat' dir='ltr'><strong>id</strong></span> <span class='ocrx_word' id='word_1_336' title='bbox 434 3613 525 3663; x_wconf 72' lang='lat' dir='ltr'><strong>penus,</strong></span> <span class='ocrx_word' id='word_1_337' title='bbox 544 3603 610 3663; x_wconf 83' lang='lat' dir='ltr'><strong>quod</strong></span> <span class='ocrx_word' id='word_1_338' title='bbox 626 3596 784 3671; x_wconf 76' lang='grc' dir='ltr'><strong><em>καρδιακὸν</em></strong></span> <span class='ocrx_word' id='word_1_339' title='bbox 820 3599 903 3651; x_wconf 89' lang='lat' dir='ltr'><strong>multa</strong></span> <span class='ocrx_word' id='word_1_340' title='bbox 920 3599 1057 3660; x_wconf 86' lang='lat' dir='ltr'><strong>moliatur,</strong></span> <span class='ocrx_word' id='word_1_341' title='bbox 1076 3598 1201 3662; x_wconf 86' lang='lat' dir='ltr'><strong>aquibus</strong></span> <span class='ocrx_word' id='word_1_342' title='bbox 1213 3597 1347 3650; x_wconf 82' lang='lat' dir='ltr'><strong>abstineat</strong></span> 
     </span>
     <span class='ocr_line' id='line_1_38' title="bbox 259 3672 1348 3733; baseline 0.004 -13"><span class='ocrx_word' id='word_1_343' title='bbox 259 3686 277 3721; x_wconf 83' lang='lat' dir='ltr'><strong>u</strong></span> <span class='ocrx_word' id='word_1_344' title='bbox 293 3672 397 3721; x_wconf 70' lang='lat' dir='ltr'><strong>erasus</strong></span> <span class='ocrx_word' id='word_1_345' title='bbox 412 3675 566 3724; x_wconf 66' lang='lat' dir='ltr'><strong>maaser.</strong></span> <span class='ocrx_word' id='word_1_346' title='bbox 597 3675 635 3725; x_wconf 82' lang='lat' dir='ltr'><strong>Cf.</strong></span> <span class='ocrx_word' id='word_1_347' title='bbox 653 3688 678 3724; x_wconf 80' lang='lat' dir='ltr'><strong>v.</strong></span> <span class='ocrx_word' id='word_1_348' title='bbox 696 3677 737 3726; x_wconf 80' lang='lat'><strong>28.</strong></span> <span class='ocrx_word' id='word_1_349' title='bbox 754 3703 781 3712; x_wconf 89' lang='lat'>—</span> <span class='ocrx_word' id='word_1_350' title='bbox 820 3676 900 3724; x_wconf 86' lang='lat' dir='ltr'><strong>bomo</strong></span> <span class='ocrx_word' id='word_1_351' title='bbox 912 3673 1063 3733; x_wconf 87' lang='lat' dir='ltr'><strong>modestus,</strong></span> <span class='ocrx_word' id='word_1_352' title='bbox 1077 3673 1200 3723; x_wconf 90' lang='lat' dir='ltr'><strong>insanum</strong></span> <span class='ocrx_word' id='word_1_353' title='bbox 1212 3685 1272 3724; x_wconf 88' lang='lat' dir='ltr'><strong>esse</strong></span> <span class='ocrx_word' id='word_1_354' title='bbox 1284 3687 1348 3724; x_wconf 88' lang='lat' dir='ltr'><strong>eeu-</strong></span> 
     </span>
     <span class='ocr_line' id='line_1_39' title="bbox 260 3744 1346 3814; baseline 0.003 -19"><span class='ocrx_word' id='word_1_355' title='bbox 260 3744 401 3809; x_wconf 68' lang='lat' dir='ltr'><strong>materam]</strong></span> <span class='ocrx_word' id='word_1_356' title='bbox 417 3745 547 3797; x_wconf 86' lang='lat' dir='ltr'><strong>illustrem</strong></span> <span class='ocrx_word' id='word_1_357' title='bbox 564 3747 784 3814; x_wconf 88' lang='lat' dir='ltr'><strong>illorumtempo-</strong></span> <span class='ocrx_word' id='word_1_358' title='bbox 820 3761 879 3808; x_wconf 87' lang='lat' dir='ltr'><strong>seo,</strong></span> <span class='ocrx_word' id='word_1_359' title='bbox 906 3761 938 3796; x_wconf 90' lang='lat' dir='ltr'><strong>ac</strong></span> <span class='ocrx_word' id='word_1_360' title='bbox 959 3749 1100 3811; x_wconf 86' lang='lat' dir='ltr'><strong>propterea</strong></span> <span class='ocrx_word' id='word_1_361' title='bbox 1119 3747 1143 3796; x_wconf 86' lang='lat' dir='ltr'><strong>ei</strong></span> <span class='ocrx_word' id='word_1_362' title='bbox 1168 3748 1346 3811; x_wconf 88' lang='lat' dir='ltr'><strong>praecipiam,</strong></span> 
     </span>
     <span class='ocr_line' id='line_1_40' title="bbox 259 3818 1349 3884; baseline 0.006 -17"><span class='ocrx_word' id='word_1_363' title='bbox 259 3831 320 3868; x_wconf 93' lang='lat' dir='ltr'><strong>rum</strong></span> <span class='ocrx_word' id='word_1_364' title='bbox 345 3818 495 3881; x_wconf 88' lang='lat' dir='ltr'><strong>medicum,</strong></span> <span class='ocrx_word' id='word_1_365' title='bbox 522 3833 577 3884; x_wconf 92' lang='lat' dir='ltr'><strong>quo</strong></span> <span class='ocrx_word' id='word_1_366' title='bbox 602 3823 655 3872; x_wconf 86' lang='lat' dir='ltr'><strong>ianr</strong></span> <span class='ocrx_word' id='word_1_367' title='bbox 682 3825 784 3874; x_wconf 74' lang='lat' dir='ltr'><strong>Atticus</strong></span> <span class='ocrx_word' id='word_1_368' title='bbox 820 3825 850 3872; x_wconf 87' lang='lat' dir='ltr'><strong>ut</strong></span> <span class='ocrx_word' id='word_1_369' title='bbox 866 3823 1020 3884; x_wconf 79' lang='lat' dir='ltr'><strong>Anticyram</strong></span> <span class='ocrx_word' id='word_1_370' title='bbox 1038 3821 1167 3884; x_wconf 79' lang='lat' dir='ltr'><strong>naviget.»</strong></span> <span class='ocrx_word' id='word_1_371' title='bbox 1188 3849 1214 3856; x_wconf 83' lang='grc'><strong>-</strong></span> <span class='ocrx_word' id='word_1_372' title='bbox 1238 3822 1349 3872; x_wconf 83' lang='lat' dir='ltr'><strong>immolet</strong></span> 
     </span>
     <span class='ocr_line' id='line_1_41' title="bbox 260 3892 1413 3960; baseline 0.003 -18"><span class='ocrx_word' id='word_1_373' title='bbox 260 3895 408 3942; x_wconf 85' lang='lat' dir='ltr'><strong>ususerat.</strong></span> <span class='ocrx_word' id='word_1_374' title='bbox 444 3893 674 3959; x_wconf 78' lang='lat' dir='ltr'><strong>Cic.udlltt.t2,</strong></span> <span class='ocrx_word' id='word_1_375' title='bbox 694 3898 738 3960; x_wconf 88' lang='grc'><strong>43,</strong></span> <span class='ocrx_word' id='word_1_376' title='bbox 760 3900 782 3947; x_wconf 93' lang='grc'><strong>4.</strong></span> <span class='ocrx_word' id='word_1_377' title='bbox 821 3895 984 3958; x_wconf 75' lang='lat' dir='ltr'><strong>--porcstml</strong></span> <span class='ocrx_word' id='word_1_378' title='bbox 1003 3896 1059 3945; x_wconf 84' lang='lat' dir='ltr'><strong>Nou</strong></span> <span class='ocrx_word' id='word_1_379' title='bbox 1077 3892 1194 3957; x_wconf 91' lang='lat' dir='ltr'><strong>loquitur</strong></span> <span class='ocrx_word' id='word_1_380' title='bbox 1211 3893 1244 3944; x_wconf 90' lang='lat' dir='ltr'><strong>de</strong></span> <span class='ocrx_word' id='word_1_381' title='bbox 1263 3899 1349 3946; x_wconf 84' lang='lat' dir='ltr'><strong>sucri-</strong></span> <span class='ocrx_word' id='word_1_382' title='bbox 1410 3951 1413 3957; x_wconf 52' lang='grc'>,</span> 
     </span>
     <span class='ocr_line' id='line_1_42' title="bbox 262 3965 1348 4033; baseline 0.004 -17"><span class='ocrx_word' id='word_1_383' title='bbox 262 3966 308 4027; x_wconf 68' lang='grc'><strong>44,</strong></span> <span class='ocrx_word' id='word_1_384' title='bbox 328 3965 372 4028; x_wconf 87' lang='grc'><strong>44,</strong></span> <span class='ocrx_word' id='word_1_385' title='bbox 390 3965 414 4017; x_wconf 89' lang='grc'><strong>4.</strong></span> <span class='ocrx_word' id='word_1_386' title='bbox 436 3995 464 4003; x_wconf 94' lang='grc'>-</span> <span class='ocrx_word' id='word_1_387' title='bbox 476 3969 548 4019; x_wconf 78' lang='lat' dir='ltr'><strong>Recta</strong></span> <span class='ocrx_word' id='word_1_388' title='bbox 557 3972 602 4032; x_wconf 81' lang='lat' dir='ltr'><strong>est]</strong></span> <span class='ocrx_word' id='word_1_389' title='bbox 616 3971 671 4021; x_wconf 89' lang='lat' dir='ltr'><strong>Cic.</strong></span> <span class='ocrx_word' id='word_1_390' title='bbox 685 3972 719 4021; x_wconf 85' lang='lat' dir='ltr'><strong>ad</strong></span> <span class='ocrx_word' id='word_1_391' title='bbox 730 3973 783 4022; x_wconf 79' lang='lat' dir='ltr'><strong>Att.</strong></span> <span class='ocrx_word' id='word_1_392' title='bbox 822 3971 882 4020; x_wconf 86' lang='lat' dir='ltr'><strong>licio</strong></span> <span class='ocrx_word' id='word_1_393' title='bbox 899 3969 1059 4033; x_wconf 80' lang='lat' dir='ltr'><strong>expiatorio,</strong></span> <span class='ocrx_word' id='word_1_394' title='bbox 1078 3967 1127 4018; x_wconf 88' lang='lat' dir='ltr'><strong>sod</strong></span> <span class='ocrx_word' id='word_1_395' title='bbox 1145 3967 1179 4018; x_wconf 87' lang='lat' dir='ltr'><strong>de</strong></span> <span class='ocrx_word' id='word_1_396' title='bbox 1197 3970 1293 4031; x_wconf 88' lang='lat' dir='ltr'><strong>quovis</strong></span> <span class='ocrx_word' id='word_1_397' title='bbox 1307 3969 1348 4020; x_wconf 88' lang='lat' dir='ltr'><strong>vel</strong></span> 
     </span>
     <span class='ocr_line' id='line_1_43' title="bbox 263 4039 1350 4108; baseline 0.005 -18"><span class='ocrx_word' id='word_1_398' title='bbox 263 4041 291 4099; x_wconf 95' lang='grc'><strong>4,</strong></span> <span class='ocrx_word' id='word_1_399' title='bbox 310 4039 338 4088; x_wconf 79' lang='lat'><strong>7:</strong></span> <span class='ocrx_word' id='word_1_400' title='bbox 362 4041 436 4104; x_wconf 78' lang='lat' dir='ltr'><strong>Apud</strong></span> <span class='ocrx_word' id='word_1_401' title='bbox 455 4047 563 4094; x_wconf 80' lang='lat' dir='ltr'><strong>matrem</strong></span> <span class='ocrx_word' id='word_1_402' title='bbox 577 4049 644 4095; x_wconf 79' lang='lat' dir='ltr'><strong>reete</strong></span> <span class='ocrx_word' id='word_1_403' title='bbox 658 4051 702 4096; x_wconf 80' lang='lat' dir='ltr'><strong>est.</strong></span> <span class='ocrx_word' id='word_1_404' title='bbox 730 4046 783 4096; x_wconf 88' lang='lat' dir='ltr'><strong>Cir.</strong></span> <span class='ocrx_word' id='word_1_405' title='bbox 823 4047 960 4096; x_wconf 85' lang='lat' dir='ltr'><strong>menstruo</strong></span> <span class='ocrx_word' id='word_1_406' title='bbox 970 4042 1012 4093; x_wconf 88' lang='lat' dir='ltr'><strong>vol</strong></span> <span class='ocrx_word' id='word_1_407' title='bbox 1024 4043 1350 4108; x_wconf 84' lang='lat' dir='ltr'><strong>anniversario,aquibus</strong></span> 
     </span>
     <span class='ocr_line' id='line_1_44' title="bbox 262 4114 1351 4184; baseline -0.007 -8"><span class='ocrx_word' id='word_1_408' title='bbox 262 4114 357 4175; x_wconf 63' lang='lat' dir='ltr'><strong>SM,</strong></span> <span class='ocrx_word' id='word_1_409' title='bbox 376 4115 404 4177; x_wconf 62' lang='grc' dir='ltr'><strong>ἲ,</strong></span> <span class='ocrx_word' id='word_1_410' title='bbox 425 4116 481 4165; x_wconf 79' lang='lat'>⁴⁰6·</span> <span class='ocrx_word' id='word_1_411' title='bbox 502 4143 529 4152; x_wconf 89' lang='grc'><strong>-</strong></span> <span class='ocrx_word' id='word_1_412' title='bbox 549 4119 620 4180; x_wconf 71' lang='lat' dir='ltr'><strong>Quod</strong></span> <span class='ocrx_word' id='word_1_413' title='bbox 638 4119 705 4169; x_wconf 67' lang='lat' dir='ltr'><strong>totas</strong></span> <span class='ocrx_word' id='word_1_414' title='bbox 721 4119 785 4184; x_wconf 81' lang='lat' dir='ltr'><strong>cet]</strong></span> <span class='ocrx_word' id='word_1_415' title='bbox 822 4123 913 4170; x_wconf 86' lang='lat' dir='ltr'><strong>mente</strong></span> <span class='ocrx_word' id='word_1_416' title='bbox 942 4119 1012 4183; x_wconf 89' lang='lat' dir='ltr'><strong>capti</strong></span> <span class='ocrx_word' id='word_1_417' title='bbox 1041 4118 1215 4178; x_wconf 81' lang='lat' dir='ltr'><strong>arcebantur3</strong></span> <span class='ocrx_word' id='word_1_418' title='bbox 1250 4131 1351 4182; x_wconf 87' lang='lat' dir='ltr'><strong>quarn-</strong></span> 
     </span>
     <span class='ocr_line' id='line_1_45' title="bbox 261 4187 1350 4258; baseline 0.006 -19"><span class='ocrx_word' id='word_1_419' title='bbox 261 4188 337 4240; x_wconf 90' lang='lat' dir='ltr'><strong>ldem</strong></span> <span class='ocrx_word' id='word_1_420' title='bbox 354 4187 501 4242; x_wconf 87' lang='lat' dir='ltr'><strong>versiculus</strong></span> <span class='ocrx_word' id='word_1_421' title='bbox 513 4195 555 4243; x_wconf 87' lang='lat' dir='ltr'><strong>est</strong></span> <span class='ocrx_word' id='word_1_422' title='bbox 565 4193 632 4257; x_wconf 86' lang='lat' dir='ltr'><strong>Epp.</strong></span> <span class='ocrx_word' id='word_1_423' title='bbox 647 4194 675 4256; x_wconf 87' lang='lat' dir='ltr'><strong>t,</strong></span> <span class='ocrx_word' id='word_1_424' title='bbox 694 4194 723 4255; x_wconf 89' lang='grc'><strong>6,</strong></span> <span class='ocrx_word' id='word_1_425' title='bbox 742 4193 783 4245; x_wconf 76' lang='lat' dir='ltr'><strong>te.</strong></span> <span class='ocrx_word' id='word_1_426' title='bbox 823 4207 921 4258; x_wconf 88' lang='lat' dir='ltr'><strong>quam,</strong></span> <span class='ocrx_word' id='word_1_427' title='bbox 952 4195 974 4246; x_wconf 87' lang='lat' dir='ltr'><strong>si</strong></span> <span class='ocrx_word' id='word_1_428' title='bbox 1003 4195 1063 4258; x_wconf 88' lang='lat' dir='ltr'><strong>quis</strong></span> <span class='ocrx_word' id='word_1_429' title='bbox 1091 4193 1191 4245; x_wconf 86' lang='lat' dir='ltr'><strong>insania</strong></span> <span class='ocrx_word' id='word_1_430' title='bbox 1219 4191 1350 4245; x_wconf 85' lang='lat' dir='ltr'><strong>liberatus</strong></span> 
     </span>
    </p>
   </div>
   <div class='ocr_carea' id='block_1_5' title="bbox 0 0 1491 4892">
    <p class='ocr_par' dir='ltr' id='par_1_10' title="bbox 0 0 1491 4892">
     <span class='ocr_line' id='line_1_46' title="bbox 0 0 1491 4892; baseline 0 0"><span class='ocrx_word' id='word_1_431' title='bbox 0 0 1491 4892; x_wconf 95' lang='lat' dir='ltr'><strong> </strong></span> 
     </span>
    </p>
   </div>
  </div>
 </body>
</html>
