2925 4892
284 350 346 415 320
663 350 990 402 uonnrusnrrnnnuu

325 508 487 573 iurantem
508 526 559 573 rue
582 506 666 574 scire
687 504 765 571 nihil
787 505 944 572 mirantur
965 515 1001 571 ut
1021 527 1123 572 unum

326 628 455 697 Scilicet
477 627 597 715 egregii
620 626 790 693 mortalem
811 625 933 714 altique
955 626 1070 693 silenti.

327 750 475 817 Perditur
496 748 577 815 haec
600 747 681 814 inter
703 748 822 815 misero
844 748 899 814 lux
920 769 986 816 non
1007 749 1078 815 sine
1100 748 1199 815 votis:

327 874 356 939 Ο
379 892 448 947 rus,
471 869 602 958 quando
624 890 686 956 ego
708 879 741 935 te
756 868 958 956 adspiciam?
979 869 1177 958 quandoque
1192 870 1302 937 licebit
1329 874 1370 937 oo

325 994 415 1059 Nunc
437 1001 582 1059 veterum
604 989 710 1066 libris,
735 1010 821 1057 nunc
843 1010 957 1057 somno
980 1001 1013 1057 et
1034 990 1191 1058 inertibus
1213 990 1303 1058 horis

348 1248 388 1298 st.
415 1247 545 1296 mirantur
560 1243 645 1309 bScp,
671 1243 793 1309 plerique
818 1245 947 1306 Pettierii‚
973 1244 1057 1295 terr:
1076 1246 1188 1295 meatur
1212 1248 1338 1309 quattuor

316 1321 444 1379 Pottierii.
464 1334 497 1371 ex
514 1318 580 1371 cod.
600 1318 692 1369 Battel.
711 1318 845 1369 Bentleius
863 1321 890 1369 et
906 1320 940 1369 M.
958 1346 984 1355 —
997 1324 1021 1368 ct
1035 1332 1115 1368 uuum
1133 1334 1156 1369 c.
1177 1346 1205 1355 -
1224 1320 1264 1369 59.
1277 1322 1338 1370 Por-

299 1528 393 1579 tat-ct.
409 1526 496 1591 uuum]
517 1498 707 1590 «praecipuum
723 1524 808 1575 omui·
843 1524 923 1575 tertii
939 1526 1022 1575 Duces
1036 1524 1191 1576 nembro.
1218 1526 1287 1589 virg.
1300 1529 1366 1576 Aen.

282 1617 338 1665 um,
363 1604 494 1666 quotquot
517 1602 604 1652 sunt.»
640 1601 671 1651 Ut
693 1600 805 1650 Cicero:
844 1599 874 1660 6,
892 1598 956 1649 7⁴3:
985 1600 1369 1665 Animas·-tettueiudrtu-

281 1692 347 1729 unas
362 1678 490 1740 qluuiutor
505 1677 541 1726 Μ.
554 1675 691 1734 Antonius,
715 1670 808 1723 catut·
843 1673 918 1723 muts
928 1675 1024 1724 undare
1034 1675 1141 1724 Semeros
1156 1675 1241 1725 latices
1252 1681 1276 1725 et
1291 1676 1369 1739 torua

281 1752 334 1803 lus:
354 1766 418 1802 unus
434 1750 615 1813 caprimulgus.
637 1777 664 1785 —
682 1747 806 1811 Perrlttm]
843 1747 936 1797 otttoto
948 1753 1047 1810 potum.
1078 1747 1134 1799 Vol.
1153 1747 1237 1800 Flacc.
1256 1749 1285 1811 4,
1303 1750 1366 1802 536:

282 1828 339 1877 Hoc
360 1839 432 1876 nunc
455 1824 565 1888 quidem
588 1824 695 1875 unicum
713 1836 807 1873 exem·
843 1823 933 1886 touque
954 1826 1084 1874 ducenum
1099 1824 1194 1874 otttoto
1211 1838 1317 1888 poenus.
1340 1854 1367 1863 -

281 1900 356 1965 plum
367 1902 410 1951 est
425 1898 574 1963 praesentis
592 1898 690 1962 passivi
707 1898 735 1947 in
748 1910 808 1946 ver-
843 1896 935 1947 ottiuta
949 1899 1026 1960 uitae]
1043 1900 1107 1948 Stat.
1127 1898 1188 1949 Silv.
1209 1900 1239 1960 4,
1262 1899 1292 1960 4,
1317 1902 1367 1950 57:

281 1974 317 2025 bo
331 1975 450 2037 perdere,
469 1972 542 2022 unde
560 1972 745 2022 Lachmanuus
757 1984 806 2021 suo
840 1973 931 2035 piqrac
948 1972 1107 2035 (Marklautk
1123 1976 1211 2039 ptyra)
1229 1975 1371 2026 muciani-

281 2050 339 2100 iure
362 2048 396 2097 de
418 2046 566 2110 corruptela
589 2046 721 2108 cogitavit.
753 2044 807 2095 Sed
842 2052 892 2097 tae.
908 2073 935 2083 -
946 2048 1010 2110 sata
1025 2050 1184 2112 mttaqorur
1193 2051 1310 2115 murata]
1323 2053 1371 2103 Ss-

281 2138 345 2176 cum
362 2126 442 2175 etiam
459 2123 508 2173 alia
521 2122 591 2187 apud
610 2123 749 2173 Horatium
765 2119 807 2170 le·
843 2134 924 2172 renus
949 2123 1055 2172 Samon.
1076 2135 1102 2172 v.
1124 2122 1185 2173 itt:
1211 2125 1371 2189 Furtuqcraa

281 2200 376 2263 gantur
387 2188 464 2261 ἅπαξ
476 2194 632 2263 λεγόμενα,
647 2196 806 2261 prudentius
842 2202 951 2259 comiato
974 2196 1051 2261 (iuba)
1075 2197 1123 2246 leui
1147 2199 1248 2247 conatu
1267 2201 1369 2251 rumino

280 2273 386 2323 videtur
413 2272 439 2321 in
468 2272 591 2321 codicum
621 2269 732 2320 lectione
759 2283 805 2319 ac·
841 2271 963 2321 Proderit.
993 2270 1153 2322 «subruunt
1174 2273 1246 2323 enim
1269 2275 1370 2336 Pytha·

282 2348 432 2411 quiescere.
453 2372 476 2383 —
498 2347 552 2407 luo]
572 2344 671 2395 adies.»
698 2343 737 2393 Ci.
751 2345 804 2393 Sat.
842 2358 935 2408 goras,
965 2358 999 2395 au
1024 2347 1052 2395 in
1077 2360 1110 2395 eo
1135 2359 1248 2411 corpore
1272 2346 1371 2400 lateret

283 2424 312 2482 4,
331 2424 360 2483 5,
379 2422 418 2471 39.
449 2422 502 2470 Sat.
521 2422 552 2481 2,
576 2421 605 2480 2,
631 2419 687 2469 446.
708 2442 735 2453 -
755 2432 806 2467 nou
842 2421 931 2470 anima
953 2420 1036 2484 patris
1053 2422 1094 2471 sui
1117 2434 1151 2470 an
1168 2419 1277 2473 alterius
1302 2436 1371 2486 pro-

280 2495 411 2559 siueuotis]
422 2495 556 2545 «cousins
569 2493 720 2544 huiusmodi
732 2495 806 2556 opta-
841 2495 948 2559 pinqui,
972 2495 1076 2559 quade
1094 2509 1123 2544 re
1141 2495 1211 2545 ridet
1227 2510 1291 2547 eum
1314 2499 1370 2549 lio-

282 2572 340 2631 tis‚·›
359 2569 445 2635 qualia
463 2572 621 2632 sequuntur.
642 2596 667 2607 -
685 2568 804 2632 ostentm]
841 2571 924 2619 ratius
949 2572 977 2618 et
1001 2570 1058 2620 eius
1083 2583 1246 2633 sequaces.»
1278 2573 1366 2623 Corra.

281 2646 442 2709 scriptoram
471 2647 533 2696 ante
562 2643 741 2695 Alexandrum
769 2644 803 2693 lli.
843 2645 1368 2711 CruoPythagoreisinterdictumesse,

281 2721 419 2780 Similiter.
438 2721 488 2771 sed
505 2718 566 2770 κατ’
583 2720 743 2790 εἰρωνείαν,
756 2719 806 2767 Lu·
842 2732 876 2770 ne
901 2715 1028 2782 κυάμοις
1059 2723 1251 2780 vescerentur,
1285 2722 1371 2773 refert

281 2798 349 2847 cien.
360 2796 435 2846 lthet.
447 2798 536 2846 Praec.
550 2796 594 2845 ti:
607 2788 805 2859 ἀναγίγνωσκε
842 2794 937 2844 Cicero
954 2792 989 2842 de
1006 2794 1091 2843 Divin.
1110 2795 1139 2854 4,
1158 2794 1203 2855 30,
1222 2795 1276 2855 62,
1302 2799 1371 2858 quod

280 2866 317 2920 τὰ
339 2865 470 2919 παλαιὰ
491 2867 546 2933 μὲν
562 2864 605 2933 μὴ
623 2866 659 2918 σύ
677 2882 722 2933 ye,
747 2868 805 2917 lso-
841 2868 913 2917 lrubct
935 2867 1090 2931 inflationem
1108 2880 1230 2931 maqraum
1246 2871 1268 2919 is
1283 2871 1369 2933 cibus,

281 2947 396 3004 cratem,
421 2943 643 3001 Demosthenem,
668 2938 805 2991 Platonem
842 2942 1021 3002 tranquillitati
1042 2944 1131 2991 rncutis
1147 2945 1290 3003 quaerentis
1304 2960 1371 2997 veru

281 3016 454 3079 subiungens.
491 3016 565 3066 Conl.
584 3018 636 3065 Sat.
654 3016 682 3075 Ξ,
701 3015 730 3075 3,
759 3016 802 3065 ll:
841 3016 1012 3075 eontrarium
1037 3014 1080 3065 alii
1101 3015 1166 3067 alias
1187 3031 1282 3069 causas
1299 3020 1370 3071 atte-

281 3095 407 3155 Quorsum
433 3091 556 3152 pertinuit
579 3090 675 3151 stipare
699 3090 805 3139 Platona
842 3094 912 3141 mut.
932 3090 994 3152 (Cir.
1011 3091 1118 3140 Aristot.
1135 3103 1178 3154 apt
1191 3093 1265 3155 Diog.
1278 3095 1367 3145 Laert.

238 3168 242 3180 '
280 3167 436 3225 saunari,
464 3164 586 3227 Eupolis,
616 3164 803 3225 Archilochum,
841 3165 871 3225 8,
889 3164 940 3227 34.)
970 3167 1081 3215 Prorsus
1099 3167 1231 3217 contraria
1248 3170 1290 3219 est
1306 3172 1370 3220 Ari·

280 3242 380 3293 comites
397 3238 683 3301 (rusleducerctautosl
699 3239 764 3302 Epp.
779 3240 803 3299 4,
842 3240 945 3290 stoxeoi
973 3239 1186 3301 narratiuncula,
1220 3247 1265 3305 qut
1293 3246 1369 3307 apud

280 3318 312 3379 2,
340 3318 370 3366 l:
402 3314 504 3364 Troiani
528 3314 582 3364 betti
607 3314 805 3376 scriptume·-
842 3312 947 3375 oetl.t‚
968 3315 1012 3363 lt:
1030 3313 1099 3363 nullo
1115 3316 1213 3375 saepius
1228 3317 1370 3381 teqmrnernto

280 3392 410 3441 Praeneste
433 3388 517 3453 relect.
548 3416 575 3425 —
601 3388 694 3452 somno]
721 3390 805 3439 meri-
840 3388 1013 3451 Pumaaorum
1029 3387 1094 3438 dicit
1108 3401 1183 3438 suum
1199 3403 1276 3451 quarn
1290 3392 1367 3454 fauts,

279 3466 372 3526 diano,
391 3464 479 3524 uesta,
498 3463 570 3526 quod
587 3464 671 3513 Varro
689 3464 716 3512 lt.
731 3463 760 3512 R.
774 3464 802 3523 4,
841 3463 962 3524 quoniam
978 3464 1000 3512 is
1015 3463 1083 3512 cibus
1099 3469 1123 3513 et
1143 3463 1290 3516 seducaei
1308 3478 1369 3517 ren-

279 3541 311 3599 2,
329 3541 353 3589 tt.
373 3531 450 3588 dicit:
479 3538 600 3588 aestiuum
622 3538 687 3587 riiorn
708 3538 729 3586 si
754 3550 805 3586 ooo
840 3538 887 3586 sim
908 3536 995 3586 uuum
1014 3542 1038 3587 et
1059 3538 1187 3601 teviqaret.
1223 3538 1367 3603 Volgarem

279 3613 434 3676 stimuum
454 3613 557 3663 iustitio
576 3626 662 3662 sornuo
684 3611 802 3672 curtae,
841 3610 1021 3662 narrationem
1037 3612 1081 3661 hio
1098 3612 1238 3663 mauilesto
1255 3619 1368 3669 secutus

278 3687 422 3737 uiuerouou
435 3700 540 3749 pemmo.
571 3688 636 3751 Epp.
651 3688 678 3747 4,
699 3684 739 3747 44,
758 3686 801 3735 st:
841 3688 882 3735 est
908 3687 1039 3737 Horatius.
1078 3687 1164 3737 Locus
1190 3690 1231 3739 est
1254 3702 1369 3753 prorsus

279 3761 464 3811 Gosuatreuis
484 3763 557 3811 iuuat
577 3766 600 3810 ct
620 3774 699 3823 prope
720 3761 805 3810 riuum
840 3759 933 3811 similis
957 3762 1022 3825 Epp.
1043 3762 1072 3815 2.
1097 3762 1125 3822 4,
1148 3762 1194 3811 ts:
1222 3768 1246 3812 et
1266 3766 1370 3816 summ

278 3848 380 3885 sunaus
395 3836 421 3883 tn
437 3836 521 3885 terta
542 3861 571 3871 —
592 3834 712 3885 inertibus
727 3835 803 3899 toris]
839 3836 1004 3899 Putruqorea.
1041 3836 1096 3885 iloc
1108 3836 1187 3899 igitur
1197 3837 1275 3887 dicit:
1296 3842 1369 3890 «No-

280 3910 348 3971 quel
372 3909 454 3958 dolce
477 3910 529 3971 sur
552 3910 666 3959 niente.
708 3908 802 3960 Tibull.
839 3909 893 3961 bile
920 3909 983 3961 illud
1007 3909 1145 3973 legumen,
1174 3912 1248 3975 quod
1272 3912 1369 3977 volgus

280 3986 307 4044 4,
328 3984 355 4043 4,
374 3984 407 4033 t:
436 3984 477 4033 lla
500 3996 557 4033 mou
578 3989 719 4046 pauculas
736 3984 804 4034 uitas
840 3984 951 4049 quidem
975 3998 1104 4048 spernere
1129 3985 1210 4046 solet,
1239 3988 1290 4038 sed
1316 4002 1369 4053 pro

279 4058 398 4107 traducat
414 4058 495 4107 inerti.
516 4084 543 4093 —
562 4058 671 4121 Ducere]
695 4049 801 4121 ἕλκειν,
841 4061 955 4122 cognato
967 4060 1018 4110 sibi
1035 4059 1129 4109 habuit
1140 4060 1181 4110 vel
1200 4062 1257 4124 ipse
1269 4063 1371 4126 Pytlra-

279 4133 356 4197 quasi
370 4134 462 4183 vinum
474 4130 649 4192 «obsorbere,
668 4133 802 4183 haurire.»
839 4146 944 4196 goras.»
983 4136 1075 4199 Utique
1098 4135 1180 4185 utitur
1203 4134 1291 4200 lepida
1316 4139 1371 4187 iro-

278 4207 326 4257 Orl.
341 4208 364 4269 4,
380 4208 418 4269 li,
438 4206 482 4257 st:
501 4206 547 4256 liic
559 4207 695 4257 innocentis
708 4208 802 4269 poeula
840 4209 897 4269 uia,
923 4210 972 4260 sed
995 4208 1065 4260 nulla
1088 4210 1157 4261 inest
1179 4209 1320 4261 virulentia
1341 4213 1370 4263 in
