2925 4892
276 362 317 427 22
659 358 789 410 ttottmt
806 357 987 407 snttatautt

320 518 481 605 Quodque
505 516 610 583 aliena
632 514 756 603 capelia
778 523 869 601 gerat
889 511 1060 578 distentius
1081 510 1179 584 uber,
1304 508 1368 575 tto

319 640 489 715 Tabeseat,
514 656 621 725 neque
644 656 680 702 se
703 635 817 701 maiori
839 634 1069 721 pauperiorum

319 760 445 827 Turbae
468 768 647 846 comparet,
671 756 757 823 hunc
779 765 877 843 atque
900 754 986 820 hunc
1008 774 1165 841 superare
1188 752 1322 821 laboret.

319 882 372 948 Sic
393 880 553 948 festinanti
577 898 708 966 semper
730 876 922 962 locupietior
943 874 1060 949 obstat,

318 1001 373 1079 Ut,
398 1023 473 1070 cum
495 1000 682 1068 carceribus
706 999 823 1065 missos
845 997 929 1084 rapit
948 996 1069 1083 ungula
1091 1016 1222 1071 currus,

318 1125 415 1190 instat
436 1123 530 1211 equis
558 1121 669 1209 auriga
692 1140 770 1186 suos
791 1117 1007 1193 vincentibus,
1032 1116 1120 1182 ilium
1304 1117 1367 1183 ii5

341 1266 397 1314 tlt.
415 1266 513 1315 naeliori
526 1264 634 1327 Cruquii
652 1275 759 1327 operae.
782 1289 809 1297 -
830 1260 885 1310 443.
905 1260 1015 1310 vietelli
1034 1264 1061 1310 et
1078 1259 1143 1311 Cod.
1157 1260 1284 1319 Tonsani,
1303 1262 1333 1309 ut

307 1338 434 1390 volebant
458 1338 608 1403 Stephanus
634 1340 661 1387 et
685 1336 817 1387 Wieiand.
839 1364 867 1374 -
888 1339 943 1388 tili.
962 1338 1013 1387 auis
1036 1336 1072 1387 bd
1090 1338 1118 1387 et
1138 1349 1179 1400 pr.
1199 1338 1224 1385 S.
1260 1335 1332 1399 (lud

308 1426 443 1477 superscr.
462 1416 536 1475 atos.)

275 1532 402 1585 Consulto
410 1534 613 1598 repetitverba,
628 1532 725 1595 quibus
735 1545 800 1583 usus
840 1531 1041 1597 intelligamusn
1052 1534 1204 1597 -lenmensl
1216 1532 1292 1582 Haud
1304 1546 1367 1583 raro

274 1610 332 1659 erut
348 1622 372 1657 v.
392 1609 416 1659 3.
839 1609 892 1657 hoc
907 1607 1020 1672 simplici
1037 1609 1122 1657 verbo
1133 1610 1242 1658 utuntur
1257 1610 1366 1672 poetae.

306 1693 427 1744 tro-rra.
446 1695 530 1743 elesa
547 1694 645 1755 capelle
661 1708 685 1756 ρ.
707 1693 801 1742 etsen-
839 1684 909 1745 virg.
923 1685 988 1733 len·
1010 1683 1039 1742 t,
1057 1681 1120 1733 54²:
1138 1684 1167 1732 8¹·
1182 1696 1261 1746 pem
1276 1683 1368 1733 ame

272 1769 321 1817 tius
330 1768 399 1831 ube]
413 1769 616 1829 «Proverbium,
635 1768 800 1831 quoaiOvi-
837 1768 899 1805 ”tim
919 1762 943 1806 0²
957 1757 1078 1805 4410444ῑό44
1098 1758 1206 1806 “militis
1221 1770 1306 1807 atmo-
1333 1758 1365 1815 6,

273 1842 332 1892 dius
348 1854 414 1893 usus
431 1845 473 1893 est
490 1845 527 1905 (λ.
541 1846 571 1893 Α.
587 1844 614 1901 4,
633 1842 714 1903 iiiii),
737 1853 799 1891 eum
839 1832 901 1881 ⁶2⁰1
923 1831 1017 1880 Dt'tciit
1033 1831 1155 1881 ‘willam
1169 1833 1259 1882 monili
1274 1837 1298 1882 02
1313 1847 1368 1882 m

273 1918 322 1966 eii:
341 1918 458 1966 Fertilior
473 1922 589 1979 tepescet
606 1917 801 1976 attentesemper
838 1911 945 1955 mo
969 1906 1046 1955 ditm·
1092 1908 1120 1955 1¹¹
1146 1919 1225 1970 prosa
1244 1908 1366 1957 milone

272 1992 300 2040 4η
312 1992 395 2054 affl'it,
418 1992 578 2052 Vicinumque
591 2004 668 2052 pecus
677 1990 801 2052 prandiam
838 1980 934 2044 iegitur
950 1981 1022 2044 apud
1037 1981 1118 2031 Tacit.
1138 1981 1203 2031 Hisi.
1222 1981 1252 2040 3,
1270 1980 1312 2031 47.
1333 2010 1363 2017 -

272 2064 334 2114 uber
351 2064 449 2113 habet.»
479 2067 572 2114 Porus,
593 2091 621 2100 -
640 2064 704 2112 illinc
725 2068 801 2123 atque
838 2054 969 2118 animnos]
987 2051 1143 2105 ἀντίτυπον
1160 2058 1203 2105 esi
1222 2058 1366 2119 pauperio-

273 2138 347 2199 lmnc]
367 2150 413 2187 eac
436 2139 523 2200 primo
540 2140 681 2202 superato,
705 2149 799 2187 rursus
837 2144 896 2179 rien
912 2130 995 2180 turba·

274 2214 470 2275 sequentem„
491 2214 573 2272 jeist
590 2212 661 2273 den,
679 2212 800 2275 pieicd
871 2205 992 2254 iimi-
1022 2204 1212 2268 1444444094]
1235 2206 1365 2256 «mxime

273 2286 392 2347 dorcas
413 2286 469 2335 den
494 2285 677 2349 Folpeadea.
707 2312 733 2321 -
758 2285 800 2334 Sic
838 2282 948 2342 propter
964 2280 1087 2329 insanum
1104 2280 1156 2329 hoc
1172 2282 1278 2330 ceteros
1295 2278 1370 2328 divis

271 2360 400 2423 retinenti
417 2359 479 2421 cet]
498 2360 557 2419 «Et,
576 2361 621 2422 qui
634 2360 672 2409 sic
684 2358 718 2408 ad
730 2358 800 2408 divi·
838 2354 880 2403 tiis
896 2353 1041 2417 superandi
1058 2353 1176 2403 studium
1193 2353 1236 2415 iit,
1258 2355 1289 2403 ut
1308 2356 1365 2404 iam

275 2434 324 2484 tias
348 2432 491 2497 ampliores
515 2434 663 2494 cont-audit,
691 2444 801 2496 semper
838 2441 899 2477 raro
928 2429 1110 2489 inveniamus,
1141 2429 1185 2491 qui
1211 2441 1306 2492 reapse
1333 2442 1365 2478 ὅθ

273 2506 340 2557 alius
364 2508 444 2556 etiarn
473 2504 629 2571 locupietior
656 2509 682 2557 in
707 2506 799 2557 ocutos
838 2502 948 2552 beatum
970 2503 1129 2552 existimet·⁸
1151 2526 1177 2538 -
1200 2504 1238 2551 “ii
1257 2505 1366 2553 cmlvivu

274 2582 384 2631 incurrit
400 2582 480 2646 atque
493 2581 621 2633 molestus
635 2584 701 2633 est.»
717 2608 744 2617 -
760 2583 799 2642 iit,
837 2578 917 2640 satur]
941 2575 1095 2626 Aristoteles
1118 2576 1189 2640 apud
1211 2578 1317 2627 Maxim.
1336 2581 1366 2627 et

272 2670 330 2705 eum
345 2656 488 2706 carceribus
504 2657 567 2721 cet]
586 2658 686 2707 Versus
706 2657 798 2720 utique
838 2656 932 2702 Antea.
951 2665 979 2715 p.
998 2651 1059 2701 878:
1075 2645 1124 2700 Ἐκ
1141 2648 1193 2701 τοῦ
1210 2649 1278 2711 βίου
1295 2647 1366 2723 κρά-

272 2730 396 2781 heroicus
418 2731 563 2781 liirclmero
587 2732 615 2781 ei
637 2731 748 2780 Frankio
771 2732 797 2779 4.
837 2722 936 2777 arcade·
953 2725 1032 2777 ἐστιν
1049 2721 1175 2791 ἐξελθεῖν
1191 2720 1232 2787 ὠς
1251 2740 1366 2791 cepero-

272 2804 303 2854 Η.
326 2818 351 2867 p.
375 2805 416 2854 83.
438 2804 545 2855 videtur
568 2806 661 2855 festiva
688 2804 797 2868 perodin
837 2804 918 2859 eloe,
944 2798 1019 2866 μήτε
1039 2798 1188 2862 διψῶντα,
1213 2796 1289 2866 μήτε
1310 2816 1366 2865 με·

273 2877 405 2939 Virgiiiani
421 2876 491 2929 iilius
508 2880 554 2927 Ge.
568 2880 596 2936 4,
616 2879 677 2928 4444;
699 2880 799 2927 (limen
836 2872 954 2926 θύοντα.
974 2880 1106 2938 Anonym.
1117 2874 1189 2939 apud
1200 2874 1274 2924 Stob.
1285 2876 1366 2925 Gess-

272 2951 415 3000 corceribue
436 2964 486 3001 sese
509 2954 618 3013 efficiere
643 2954 796 3016 quadripes:
837 2951 894 3000 neri
906 2950 953 3000 Ed.
966 2951 1053 3013 Tigna.
1066 2950 1138 2999 teta.
1152 2963 1178 3013 p.
1193 2950 1239 2999 49ε
1252 2942 1366 3020 ’Ὠσπερ

273 3024 344 3073 unde
362 3023 487 3087 coliigunt
502 3025 599 3088 Virgilii
612 3028 758 3090 Georgicon
770 3027 799 3078 li·
836 3025 869 3076 ἐκ
886 3026 1053 3090 συμποσίου
1071 3017 1290 3087 ἀπαλλάττομαι
1311 3019 1366 3075 οὐ·

272 3097 352 3147 brum
378 3097 473 3147 saltem
497 3100 614 3162 primum
640 3104 700 3151 ante
727 3103 797 3154 hane
836 3098 883 3151 etv
895 3098 1100 3167 δυσχεραίνων,
1114 3091 1191 3150 οὕτω
1202 3100 1252 3149 καλ
1262 3099 1295 3149 ἐκ
1307 3098 1362 3150 τοῦ

273 3172 385 3222 satiram
403 3171 504 3223 editum
522 3186 597 3234 esse,
621 3175 647 3225 ld
665 3176 738 3239 quod
755 3181 798 3227 ta-
836 3175 917 3236 βίου,
943 3169 1015 3225 ὅταν
1032 3171 1050 3240 ἡ
1069 3169 1130 3245 ὥρα
1146 3165 1175 3246 ᾖ.
1206 3177 1311 3226 Lucret.
1330 3176 1362 3232 3,

273 3258 336 3295 rnen
361 3248 493 3297 incertum
520 3247 640 3310 videtur,
670 3252 796 3313 quoniam
836 3252 897 3300 att:
921 3250 974 3300 Cur
988 3264 1053 3311 nen,
1071 3256 1099 3299 at
1113 3251 1202 3312 plenus
1216 3250 1284 3299 uitae
1299 3264 1365 3300 con-

274 3321 386 3381 utorque
403 3324 481 3385 poeta
499 3320 612 3373 tortasse
630 3327 690 3375 ante
706 3325 798 3376 oeulos
834 3328 906 3385 4444,
933 3325 1126 3385 recedensque
1143 3327 1277 3387 mmmmm
1292 3327 1366 3387 copis

273 3394 374 3444 trabere
402 3398 507 3461 poterat
530 3400 664 3461 antiquius
689 3399 797 3463 aliquod
835 3413 964 3455 securam,
976 3399 1057 3459 stulta
1068 3400 1192 3461 quietem?
1208 3402 1291 3451 Nimis
1302 3414 1365 3450 ver-

272 3469 416 3534 exemplar.
438 3498 464 3509 -
482 3473 731 3538 missos--eurruel
744 3476 797 3524 En·
835 3472 902 3523 bose
929 3474 997 3523 hene
1017 3473 1216 3525 similitudinem
1239 3477 1364 3539 exposuit

273 3543 331 3594 nius
354 3547 420 3594 Anu.
446 3549 476 3606 4,
505 3548 567 3598 404;
596 3550 671 3598 ueluti
695 3550 796 3609 conari,
835 3549 884 3598 Dio
908 3548 1002 3610 Chrys.
1024 3549 1048 3597 in
1072 3548 1232 3599 Chaddemo
1256 3550 1298 3599 Or.
1318 3550 1362 3600 30.

271 3630 328 3667 cum
338 3620 544 3683 mitteresipaum
558 3624 619 3683 Veli,
635 3626 798 3674 omnesaoldi
836 3625 902 3672 extr.
921 3622 1034 3672 Omnino
1057 3624 1209 3673 convivium
1232 3636 1285 3673 uon
1310 3625 1365 3674 mi-

272 3693 628 3756 apeetuntadcareere'soroe,
643 3698 798 3758 Quammoe
835 3710 885 3746 nus
911 3697 1038 3759 frequens
1062 3700 1104 3747 est
1127 3698 1197 3747 vilae
1226 3698 1363 3749 humanae

273 3765 371 3814 ernlttut
384 3766 458 3827 pletis
474 3781 507 3817 ee
522 3768 631 3830 4444444
649 3784 751 3823 curram.
769 3800 794 3809 -
835 3772 936 3833 imago,
964 3784 1045 3833 quam
1070 3786 1133 3832 eae,
1160 3771 1258 3835 quibus
1280 3773 1366 3822 utitur

272 3838 342 3887 444444
353 3840 527 3905 Proeieitum]
540 3844 700 3905 «aurigam»,
715 3848 746 3895 ut
756 3847 798 3896 in·
835 3846 983 3897 Menander
1000 3848 1110 3897 lieinek.
1131 3848 1207 3897 Com.
1227 3846 1274 3897 Ed.
1294 3848 1362 3897 min.

274 3915 435 3975 terpretatur
446 3913 569 3976 Vossius,
589 3929 640 3966 non
653 3931 795 3982 «equum».
835 3931 862 3984 p.
885 3919 947 3969 959:
974 3918 1141 3993 Πατήγυριτ
1162 3918 1289 3987 νόμτσόν
1308 3927 1363 3973 τιν·

273 3986 353 4035 ltecte
377 3988 448 4037 enim
476 3989 657 4042 Funlrhaenei:
687 3992 796 4045 nPluraii
836 3989 909 4043 eiveu
919 3989 971 4043 τὸν
987 3995 1108 4066 χρόνον,
1122 3990 1176 4047 “Oa
1186 4013 1274 4087 φ7μτ,
1292 3993 1365 4047 τοῦ-

272 4072 384 4109 nurnero
401 4073 466 4112 usus
477 4066 551 4113 esset
567 4068 658 4129 podia,
678 4069 699 4117 si
712 4082 797 4133 equos
835 4084 886 4118 τον
911 4064 932 4134 ἢ
953 4064 1116 4136 ’πιὸημίατ,
1142 4072 1174 4123 ἐν
1197 4090 1221 4139 ῳ
1239 4064 1361 4135 Ὄχλος,

272 4134 460 4195 significassem
482 4142 562 4201 nique
580 4141 637 4205 ipse
655 4156 797 4207 eompara—
834 4138 943 4215 oiyopei‚
962 4144 1092 4208 κλέπται,
1111 4146 1240 4208 eadelm,
1253 4144 1365 4217 διατρι-

271 4209 306 4258 tio
324 4208 452 4272 postulet,
471 4217 501 4264 ut
518 4217 665 4269 certantem
677 4220 796 4281 aurigam
834 4219 894 4279 dai.
917 4250 943 4258 -
958 4222 1075 4286 Crispini]
1094 4222 1261 4289 «Philosophi
1273 4224 1365 4274 euius·
