2925 4892
482 384 542 435 nin.
561 386 580 435 l.
616 386 714 438 inrisu.
733 386 798 439 xvi.

140 538 205 604 Nec
228 536 345 603 lurtum
366 538 426 605 leni
451 560 511 606 444
534 540 613 629 lugi,
638 542 664 607 si
687 541 765 608 mihi
786 542 873 611 dicat

140 658 276 735 Servus,
301 658 409 727 llabes
431 660 585 747 pretium,
609 661 687 729 loris
709 684 774 729 non
795 666 917 741 uraris,
941 666 1003 732 aio.

138 780 208 845 Non
230 780 393 847 hominem
415 781 528 849 occidi.
573 786 642 851 Non
664 802 782 869 pasces
803 785 836 849 in
858 805 956 852 arnae
977 806 1103 855 corvos.

139 900 220 966 Sum
240 899 346 967 bonus
368 911 402 968 st
423 902 514 988 frugi.
559 903 675 969 llenuit
696 905 882 993 negitatque
904 906 1069 975 Sabellus:

128 1062 161 1111 ii.
173 1059 249 1111 cont.
259 1062 311 1110 Sat.
322 1062 346 1121 2,
360 1062 384 1121 4,
399 1060 439 1110 65.
455 1088 482 1097 -
495 1058 536 1111 is.
550 1062 729 1128 meminens,
743 1064 863 1115 Lctios:
877 1066 937 1116 44444
947 1068 980 1129 ta
994 1080 1072 1118 «cum
1085 1068 1150 1119 duo·

128 1133 179 1184 bus
191 1132 411 1195 ravennatibus.»
423 1132 558 1187 Bantlaius
569 1138 597 1187 ai
608 1139 641 1198 ii.
660 1139 724 1188 444444
734 1136 760 1188 i.
775 1166 803 1177 ·-
817 1138 859 1190 is.
871 1146 948 1205 44444
959 1146 1034 1204 atqua
1050 1142 1153 1207 nsuep,

128 1210 171 1265 Li.
189 1209 321 1270 4444444444
331 1213 455 1272 mantuan
468 1209 533 1259 Cud.
547 1211 712 1263 Barsmanni.
733 1215 772 1278 [ut
783 1228 846 1275 uos,
863 1228 905 1281 pr.
918 1232 952 1277 κ,
971 1216 1090 1268 Blandin.
1104 1230 1154 1269 an-

129 1284 308 1346 tiquissimus,
328 1282 444 1333 Potuerii
461 1284 472 1333 4
493 1286 521 1334 44
538 1284 572 1347 7.)

99 1414 123 1461 L.
137 1414 161 1473 a,
174 1412 220 1463 69:
239 1412 348 1475 84444444
358 1414 436 1465 aliam
446 1428 560 1477 4444444,
580 1417 624 1477 qai
659 1430 779 1480 proram
795 1432 944 1485 suspensor.
958 1428 968 1472 4
980 1420 1082 1473 litterae
1090 1434 1119 1485 ρ.
1137 1410 1188 1473 ife-

98 1487 158 1536 44444
171 1487 253 1549 [aemi
261 1486 403 1551 altianum·
416 1490 443 1539 44
452 1490 516 1539 Galo
527 1488 552 1551 3,
564 1490 622 1540 tin:
662 1494 793 1544 terumde
802 1508 826 1544 v.
839 1495 977 1546 introrsum
987 1496 1122 1547 interdum
1130 1496 1187 1547 lare

98 1562 141 1610 liu
158 1574 186 1611 so
202 1573 316 1624 nunquia,
334 1562 378 1623 qai
389 1564 529 1625 4444444444,
547 1563 624 1613 salam
661 1566 828 1631 homonyma
845 1582 908 1619 aum
919 1583 944 1619 v.
957 1570 1070 1621 4444444.
1084 1568 1189 1621 Forael-

98 1636 139 1685 alii
150 1634 276 1699 aliqum
293 1650 400 1698 qaorum
410 1637 474 1688 44444
483 1651 621 1701 memoras,
660 1638 752 1691 linum.
766 1668 798 1684 -.
806 1643 913 1707 tarasia]
923 1645 1039 1695 maxima
1051 1642 1086 1693 nb
1098 1642 1188 1705 gulam

97 1710 157 1759 aliua
179 1711 404 1773 fldeurumismraa,
434 1712 497 1761 ulios
520 1714 623 1777 finalm-
660 1727 692 1764 aa
714 1714 839 1783 libidines
856 1730 978 1767 arcanas.
998 1742 1027 1755 -
1051 1718 1189 1779 4444444444

96 1783 493 1845 4444444444444.4444.446;
512 1788 623 1849 Spoaanr
657 1788 721 1849 pelta
746 1789 855 1853 4444444]
882 1788 958 1840 conl.
983 1792 1056 1840 Pars.
1077 1788 1111 1850 i,
1136 1789 1185 1841 ll:

97 1858 130 1906 itu
140 1858 329 1921 intmoaaiur:
345 1871 479 1910 rnrnnuu
489 1860 623 1913 suornm?
659 1874 759 1911 numia
774 1862 928 1925 nequiquam
939 1862 1005 1925 psile
1021 1865 1134 1913 (4444444.
1155 1891 1183 1900 -

97 1932 157 1991 [Fan
170 1930 285 1997 explicat
296 1932 330 1982 de
344 1934 496 1997 mauors,
512 1934 562 1985 sad
574 1936 623 1984 Ga-
658 1936 710 1985 Nec
725 1936 823 1999 pietatm
839 1936 901 2001 cet]
921 1938 1028 2000 alisque
1046 1935 1117 1987 aliud
1126 1948 1189 2001 prn-

96 2006 135 2055 ius
151 2004 218 2055 ibid.
238 2007 299 2057 us:
325 2008 458 2068 Sponsor-is
474 2013 497 2058 44
511 2008 622 2072 iidepra-
659 2011 730 2061 laeta
748 2013 801 2073 ast,
824 2012 848 2062 si
865 2011 898 2061 ad
916 2012 972 2061 veri
989 2012 1117 2061 trutinam
1134 2012 1188 2061 exi-

96 2080 205 2128 missaris
221 2080 309 2128 44444444
324 2082 450 2141 cundwin,
470 2083 623 2145 fidelissimis
659 2086 737 2147 gutur
761 2083 849 2149 plebis
869 2085 905 2135 de
921 2086 979 2135 viro
996 2083 1039 2135 illo
1055 2084 1128 2135 bano
1144 2086 1188 2136 iu·

96 2154 166 2204 444444
176 2154 322 2216 milis.)
341 2154 417 2213 Quod
430 2156 547 2206 Diinizer
558 2157 622 2208 dicit
659 2158 774 2220 dicium,
794 2172 876 2223 quam
884 2160 906 2211 si
915 2172 1011 2211 seruus
1019 2157 1114 2222 aliquis
1124 2158 1187 2209 idan

97 2240 159 2278 «ms
177 2226 361 2279 utrumuis
380 2229 414 2279 de
431 2230 582 2281 testimonio
594 2232 621 2283 44
659 2232 747 2283 bonus
763 2238 791 2283 at
807 2233 875 2297 frugi
898 2232 992 2284 haberi
1008 2233 1086 2293 velit,
1112 2233 1186 2297 quod

96 2300 189 2351 indicio
208 2300 281 2351 dicta
298 2299 460 2366 explicasse;
482 2304 565 2354 immo
580 2302 621 2355 lo-
658 2307 785 2357 immunis
811 2307 882 2357 sita
903 2307 973 2357 vitiis
994 2319 1090 2357 savem
1107 2308 1186 2370 puni-

97 2376 138 2438 qui
155 2376 295 2425 Horatium
312 2377 346 2426 de
362 2378 429 2427 actis
440 2390 462 2427 s.
475 2376 622 2430 documen·
659 2380 730 2429 tiona
743 2380 855 2443 dignis.»
866 2404 894 2417 -
905 2380 986 2430 444444
992 2380 1111 2443 pruina]
1125 2380 1186 2429 «Sa-

95 2450 136 2511 lis,
164 2451 195 2499 ui
220 2463 291 2501 nnnc
317 2450 445 2511 dicimus,
472 2452 499 2503 44
522 2453 619 2503 iudicio
658 2449 691 2503 tls
707 2456 735 2503 ie
752 2466 801 2517 pro
819 2456 874 2504 tam
890 2450 1034 2517 praeclaris
1044 2452 1186 2503 virtutibus

96 2522 216 2585 prolatis,
233 2524 314 2587 idque
324 2523 432 2588 probari
444 2527 527 2577 Persii
538 2526 563 2587 5,
576 2528 617 2576 84.
658 2528 825 2578 remunerari
841 2528 906 2578 mihi
917 2526 1036 2576 videar.»
1048 2554 1075 2562 -
1093 2524 1185 2589 444444]

95 2598 250 2649 imitatione:
274 2598 392 2662 4444944,
417 2600 519 2662 liures,
541 2600 620 2650 tabel-
658 2600 742 2665 Epod.
755 2601 784 2662 i,
804 2601 832 2651 3:
850 2602 952 2651 Ibarieia
968 2605 1069 2662 amuis
1085 2598 1187 2661 1444444444

95 2671 164 2721 lau·
177 2671 349 2723 falsissimum
362 2676 416 2734 ast;
430 2676 535 2726 Persius
547 2676 619 2727 enim
657 2676 732 2725 44444.
752 2701 779 2711 -
803 2675 831 2723 ia
847 2674 929 2738 aare]
951 2673 1035 2722 mili
1053 2672 1183 2733 matildi),

95 2748 144 2809 agit
169 2746 204 2796 de
227 2748 389 2797 testamento
412 2761 427 2797 a
445 2750 534 2800 Marco
551 2746 618 2799 «444
658 2749 739 2799 Tacit.
753 2750 818 2798 llist.
832 2745 861 2809 i,
876 2748 916 2797 44.
936 2746 1043 2797 cisat.
1058 2746 1086 2805 4,
1099 2744 1128 2805 3,
1141 2744 1182 2795 82.

95 2832 153 2870 aum
170 2818 406 2884 aliisobsiguatu.»
433 2824 500 2873 Nam
514 2824 565 2875 hoc
578 2826 620 2874 est
657 2824 683 2884 2,
695 2823 719 2881 ’4,
734 2821 775 2873 ii.
790 2846 818 2857 -
831 2822 910 2887 [4494]
923 2816 1083 2892 χρήσιμος,
1097 2817 1182 2879 bran,

95 2892 271 2959 4144444944.
292 2922 319 2931 -
344 2897 465 2960 tenuitur]
493 2898 547 2949 Cic.
569 2912 619 2962 pro
658 2909 727 2961 quaa
745 2908 851 2947 summa
869 2893 1095 2946 eutramnus.
1123 2891 1182 2941 vid.

95 2970 170 3019 Casu.
184 2968 227 3031 24,
241 2970 286 3019 67:
299 2970 446 3021 8444444444
457 2972 545 3021 amisti
555 2986 619 3022 444-
657 2970 692 3021 ad
708 2971 762 3020 Sat.
775 2972 805 3032 2,
823 2970 853 3031 7,
867 2970 891 3021 3.
906 2996 933 3005 -
952 2966 1041 3016 4444444
1056 2978 1098 3030 pr.
1116 2968 1183 3017 nutu

94 3057 144 3094 sam
167 3046 239 3107 apina
255 3046 420 3095 centumviros
436 3060 486 3097 non
503 3048 616 3099 44444444.
656 3041 1026 3107 recusanmmsaatvarbia.
1044 3040 1183 3093 Manilffllo

95 3118 198 3168 sueton.
216 3119 314 3169 Domit.
333 3120 360 3168 9:
382 3133 427 3170 naa
443 3123 522 3183 rapaii
540 3121 617 3185 (reos)
656 3122 747 3169 autam
766 3130 863 3168 uarum
883 3119 926 3167 esi
946 3117 1101 3181 4494444444,
1128 3129 1183 3180 qun

95 3192 137 3241 4444
161 3194 232 3241 intra
258 3206 354 3243 annum
375 3208 454 3258 saque
475 3196 618 3245 4444444444
655 3191 740 3241 verbo
758 3193 799 3243 usi
815 3192 878 3242 sunt
894 3190 1014 3252 Plautus,
1033 3190 1181 3252 Lueretius,

94 3268 214 3328 44444444,
232 3272 261 3316 ut
278 3270 433 3329 4444444444,
452 3268 618 3329 unianimam
656 3264 793 3317 Salustius.
808 3292 837 3303 -·
855 3266 975 3329 8444444444]
996 3263 1183 3327 «44441444-

94 3354 139 3389 444
162 3346 271 3400 immet,
299 3340 416 3391 avritiam
437 3354 521 3403 noma
546 3348 614 3394 erasi.
655 3342 749 3404 pterea
766 3340 848 3390 hamo
865 3338 978 3402 simplex
995 3342 1023 3387 at
1038 3350 1132 3398 verax,
1152 3340 1182 3388 ut

95 3413 259 3464 Contrarium
276 3414 318 3463 est
334 3428 413 3465 casus
429 3416 527 3466 cadon.
655 3426 705 3477 ego
731 3426 820 3464 sum.»
852 3414 895 3463 sic
912 3413 1003 3462 nutam
1019 3424 1049 3460 se
1066 3406 1182 3473 appellat

123 3486 205 3538 liin.
224 3486 328 3549 uicinis]
340 3488 399 3539 vid.
411 3487 446 3553 sd
458 3488 524 3552 Epp.
536 3490 560 3551 4,
573 3489 614 3550 47,
654 3488 765 3552 propter
789 3486 931 3551 praedium
947 3484 1074 3535 Sabinum
1090 3483 1181 3546 potius

95 3561 131 3610 62,
155 3562 344 3611 -1ntroruaa
370 3560 433 3626 eat]
456 3563 510 3612 sat.
531 3563 560 3624 2,
586 3564 614 3624 4,
654 3564 718 3627 puio
745 3572 827 3624 quam
853 3557 925 3623 quod
954 3559 1039 3623 patria
1063 3556 1180 3607 Venusia
1220 3605 1226 3614 ,

95 3632 138 3685 iil:
153 3635 257 3697 4444444,
274 3636 368 3685 numus
384 3650 436 3699 qaia
453 3637 556 3699 4444444
569 3651 617 3699 por
654 3634 716 3686 olim
734 3648 750 3684 a
768 3632 879 3685 Sabellis
895 3633 1013 3684 habitata
1030 3632 1097 3681 erat.
1125 3630 1178 3681 Cir.

94 3722 139 3758 ora
154 3710 266 3771 6444444,
284 3710 422 3760 latrorum
433 3712 522 3773 tumis.
549 3712 615 3762 Mira
654 3711 751 3771 sati,
771 3710 800 3770 9,
819 3709 861 3758 29.
879 3706 1004 3770 2,4,344.
1024 3705 1181 3770 (aliquidem

95 3780 131 3831 illa
157 3782 236 3835 lectio
261 3784 334 3849 apud
359 3785 519 3837 Meinekium
544 3786 616 3835 Hauc
653 3781 787 3834 Sabellum
813 3784 894 3833 istum
915 3782 1000 3845 magis
1017 3781 1052 3831 ad
1068 3779 1180 3831 Sabinos

92 3856 616 3921 Wmloenennonestnisiilauthalii
654 3870 803 3921 eorumque
830 3869 942 3920 agrum,
974 3856 1001 3905 in
1030 3866 1084 3917 qun
1111 3854 1180 3903 haec

95 3932 241 3982 uenientum
251 3934 357 3997 reperta
368 3930 506 3998 posteaab
519 3932 615 3983 eodem
653 3932 743 3981 amnia
760 3933 820 3982 aeta
841 3930 989 3994 finguntur,
1014 3926 1179 3978 retulerim.»

95 4004 119 4053 in
133 4006 215 4055 codd.
233 4006 295 4071 aliq.
309 4010 337 4057 44
353 4021 369 4057 4
386 4020 430 4059 ms
451 4010 477 4057 in
497 4006 615 4073 reliquiis
652 4006 754 4068 04444.)
773 4002 867 4055 strabo
879 4006 904 4055 5.
919 4004 943 4067 5.
958 4004 998 4053 42.
1011 4016 1038 4067 p.
1050 4001 1109 4051 2440.
1128 4000 1177 4050 Sa-

96 4076 158 4127 Cud.
167 4079 364 4143 Einsiedlensis,
375 4082 423 4131 sed
433 4081 546 4132 tortasse
557 4083 615 4131 orta
652 4080 751 4130 mnitss
767 4092 800 4129 44
816 4091 881 4129 vare
898 4090 975 4128 sacro
988 4090 1003 4127 a
1016 4075 1121 4126 sabinis
1132 4086 1179 4123 or-

96 4162 125 4199 ex
137 4164 211 4203 mero
222 4168 313 4204 amore
324 4154 438 4205 duorum
448 4154 532 4206 Codd.
544 4153 614 4219 apud
653 4154 693 4203 los
711 4152 790 4203 tradit
801 4167 807 4199 :
828 4147 906 4214 εἰκὸς
916 4149 948 4202 al
964 4146 1013 4202 διὰ
1029 4144 1117 4199 τοῦτο
1127 4147 1179 4197 καὶ

96 4226 208 4279 eundem
226 4228 268 4293 lad
284 4230 367 4280 Persii
384 4230 436 4281 Sat.
450 4232 469 4281 1.
483 4244 509 4295 p.
521 4230 569 4291 8.l‚
587 4230 614 4280 in
652 4224 816 4290 Σαβέλλους
831 4220 938 4288 αὐτοὺς
949 4219 1178 4304 armamaxas

481 4312 496 4337 .
