2925 4892
279 377 341 441 704
765 374 894 427 nomm

323 535 360 601 Bt
380 522 615 599 iuvenum'ritu
638 529 754 597 florent
774 528 872 597 modo
893 538 967 597 nata
989 528 1174 617 vigentque.

321 654 486 720 Debemur
507 652 600 719 morti
622 672 682 717 nos
704 662 896 737 nostraque;
921 650 990 717 sive
1013 660 1164 736 recaptus

323 777 421 841 Tarra
442 776 609 861 Neptunus
631 772 755 841 aiassas
777 771 983 860 aquilonibus
1005 781 1107 847 aresi,

321 895 417 981 Regis
438 914 537 982 opus,
560 892 718 961 sterilisve
741 892 797 959 diu
819 892 913 980 patus
935 902 1077 979 aptaque
1099 893 1199 959 remis
1331 896 1373 957 65
1448 976 1449 979 Ἴ

321 1018 447 1084 Vicinas
469 1014 569 1081 urbes
592 1014 647 1079 alit
669 1022 702 1079 et
723 1032 822 1101 grave
845 1012 940 1079 sentit
962 1022 1116 1087 aratrum,

344 1188 385 1237 et.
398 1182 634 1249 ommeqmabsrc
647 1185 674 1233 et
690 1194 785 1233 omnes
803 1182 924 1244 Gonodii‚
943 1184 1008 1233 item
1025 1184 1077 1233 LCt
1088 1186 1115 1233 ei
1131 1181 1280 1233 Bentleius:
1299 1184 1341 1231 oi·
1448 1182 1449 1193 ¹

311 1266 415 1321 roreque
431 1272 464 1310 ex
481 1271 534 1307 uno
558 1256 624 1307 Cod.
643 1257 696 1306 FM.
718 1282 745 1292 -
768 1257 809 1307 63.
829 1258 949 1307 urbanos
965 1259 1114 1308 Priscianus
1133 1260 1151 1308 1.
1169 1271 1195 1322 p.
1215 1258 1274 1306 477.
1294 1259 1339 1306 Kr.

315 1363 342 1370 -
356 1335 397 1383 66.
416 1332 553 1393 steriliaque
570 1331 660 1381 ebert
679 1332 740 1393 (non
753 1332 798 1391 ST,
817 1328 885 1395 βζω,
905 1333 982 1383 actii
999 1336 1026 1382 et
1043 1330 1196 1393 Bentleius).
1218 1359 1246 1367 —
1266 1338 1342 1380 uoto-

313 1422 361 1469 qoa
376 1420 445 1457 unua
462 1408 545 1465 Feae,
572 1406 691 1456 stertitque
705 1406 781 1467 patus
795 1407 868 1467 prius
884 1412 994 1468 optoque
1011 1405 1145 1457 Bentleius
1161 1406 1247 1463 coni,
1266 1406 1342 1455 steri-

280 1544 729 1609 terascentiaatqueohsoleta.·7
743 1545 804 1609 rito]
844 1546 901 1595 747.
923 1558 984 1596 oum
1012 1548 1104 1595 eontra
1125 1546 1186 1594 Sex.
1213 1546 1375 1608 Pompeium

281 1624 320 1675 Ci.
335 1622 428 1679 Sata,
444 1620 475 1677 3,
492 1621 550 1671 4644.
577 1621 620 1669 Sic
637 1621 689 1669 iam
706 1620 805 1671 Ennius
844 1619 914 1671 maie
925 1632 985 1671 rem
996 1622 1122 1683 gessisset
1135 1619 1297 1669 Octavianus
1309 1620 1375 1669 Cae·

280 1702 348 1749 Anu.
362 1698 407 1755 t5,
424 1694 454 1744 8:
479 1695 530 1743 teto
547 1693 641 1743 orooro
663 1694 727 1741 niuis
743 1694 804 1743 ritu.
843 1706 902 1755 sar,
921 1697 951 1744 ut
967 1693 1119 1743 reficiendis
1132 1692 1265 1743 classibus
1283 1691 1375 1743 iocum

281 1769 516 1833 Rutii.t.up.t‚6:
533 1767 744 1817 anne-motiano
755 1768 807 1818 rtto
843 1769 930 1818 tutum
953 1766 1078 1827 haberet,
1105 1767 1238 1830 Agrippae
1262 1764 1375 1817 consilio

280 1858 331 1894 esre
345 1857 390 1893 ruo
407 1855 512 1903 corpore
528 1842 641 1891 abruma.
663 1869 690 1877 -
707 1843 806 1905 ommit-
845 1844 952 1905 portum
970 1842 1097 1891 Baianum
1117 1842 1142 1890 in
1154 1842 1214 1891 sinu
1227 1838 1375 1891 Puteolano

281 1920 336 1983 quo]
355 1919 428 1967 itane
446 1916 507 1967 lect.
520 1916 627 1966 firmant
643 1916 728 1973 codd.
741 1916 807 1967 auti·
845 1915 1056 1967 commodiorem
1066 1916 1102 1965 itu
1111 1914 1236 1973 reddidit,
1246 1911 1375 1965 utisoum

281 1994 364 2055 qniss.
383 1994 411 2041 ei
433 1994 475 2040 est
495 1991 547 2039 hoo
564 1990 641 2053 ionge
658 1990 805 2051 venustius,
846 1990 986 2041 Lucrinum
1004 1989 1142 2039 interiecto
1160 2000 1259 2050 aggere
1275 2002 1292 2037 u
1306 1989 1375 2038 mari

281 2071 312 2117 ut
327 2066 423 2124 verba.
442 2078 512 2128 quae
530 2066 639 2128 proprie
655 2064 690 2115 de
707 2066 807 2115 iuveni·
844 2066 980 2119 seclusum
1006 2078 1067 2115 oum
1093 2064 1153 2115 lacu
1177 2068 1300 2125 Averno,
1327 2066 1375 2127 qui

281 2140 333 2190 bus
350 2142 525 2203 usurpantur,
544 2138 579 2188 ad
590 2138 674 2188 verba
693 2138 806 2189 transie-
845 2142 958 2192 Lucrino
969 2139 1118 2198 adiacebat,
1131 2140 1316 2200 emungeret,
1329 2150 1376 2200 ag-

282 2216 387 2270 rantur;
408 2225 471 2261 nam
487 2226 512 2261 v.
532 2215 623 2276 plorare
639 2212 673 2262 de
691 2213 806 2264 homiui·
845 2212 1374 2279 garemuutem.quiV.stadiorumerat,

282 2286 334 2336 bus
351 2287 518 2348 usurpatum,
537 2288 606 2349 tropi
618 2290 741 2337 naturam
753 2288 806 2337 iam
844 2292 987 2354 postquam
1009 2303 1042 2339 eo
1064 2288 1185 2352 periosso
1203 2286 1307 2337 aditum
1324 2300 1375 2335 na-

286 2362 403 2409 axuerat.
844 2364 923 2415 vibus
941 2364 966 2414 iu
984 2366 1090 2427 portum
1105 2362 1218 2420 iecerat,
1238 2362 1274 2410 itu
1287 2361 1375 2410 muni·

846 2440 899 2499 ret,
918 2440 948 2487 ut
964 2450 979 2485 a
997 2436 1123 2486 fluctibus
1140 2436 1262 2497 superari
1279 2436 1375 2497 nequi-

315 2508 405 2559 63-69.
430 2508 554 2559 Debonor
571 2509 633 2573 cat]
658 2511 807 2563 Simonides
846 2516 888 2563 ret
903 2511 1069 2575 navibusque
1087 2511 1159 2560 tutus
1172 2510 1239 2559 iutra
1251 2521 1316 2559 eum
1328 2521 1375 2559 es·

283 2584 375 2647 p.ii8.
384 2583 476 2633 schum
488 2580 605 2651 θανάτῳ
616 2580 808 2647 edisserimu-
846 2590 888 2639 set
905 2588 1037 2649 receptus.
1063 2585 1111 2635 iiie
1122 2585 1216 2633 Portus
1233 2582 1316 2635 iulius
1327 2596 1375 2632 vo-

282 2653 405 2723 λόμεθα.
418 2659 706 2719 Ovid.itatam.iii,32:
717 2661 808 2709 omnio
846 2664 930 2713 catus.
955 2661 1042 2723 (Nune
1060 2662 1101 2709 est
1116 2656 1306 2707 arundinetum
1324 2670 1374 2721 pu-

281 2733 670 2799 deoemoroobisffliisinserir),
685 2735 808 2797 oouiom-
846 2737 941 2796 lustra,
967 2736 1029 2787 Mor
1051 2732 1170 2795 morto.)»
1200 2731 1239 2782 Cf.
1261 2733 1372 2782 sueton.

282 2822 331 2869 que
353 2810 448 2858 morati
467 2809 553 2858 Serius
573 2814 619 2859 not
639 2810 713 2859 sitires
727 2810 808 2859 aedem
846 2812 903 2861 Oet.
917 2810 957 2859 46.
971 2810 1047 2859 Dion.
1061 2808 1136 2857 Cass.
1146 2805 1188 2865 te,
1198 2805 1240 2855 64).
1260 2803 1326 2855 Plin.
1340 2806 1371 2855 44.

282 2884 599 2945 proporomosodonom.
630 2883 732 2933 Similes
749 2897 809 2933 sen·
846 2888 877 2935 N.
891 2884 915 2944 3,
929 2886 953 2943 6,
967 2884 992 2931 9.
1010 2882 1051 2941 36,
1065 2882 1105 2941 45,
1118 2878 1373 2941 ato-napum]

284 2957 382 3007 tentiae
402 2958 465 3005 aunt
481 2955 528 3005 od.
541 2958 572 3015 2,
589 2957 620 3014 3,
635 2958 738 3019 sasqq.
758 2958 806 3007 0d.
847 2960 885 3009 Ci.
904 2958 970 3021 epp.
985 2958 1014 3017 4,
1034 2957 1079 3013 44,
1096 2956 1136 3003 ⁴⁰·
1157 2978 1184 2989 ··
1203 2954 1373 3014 “timi

283 3030 309 3087 2,
324 3027 364 3087 44,
377 3029 406 3076 tt
420 3041 482 3091 sqq.
500 3055 527 3063 -
545 3042 591 3079 uos
606 3032 749 3095 nostroque]
767 3032 805 3082 Ci.
847 3026 1171 3097 proomnibuspruoeliis‚
1182 3029 1294 3091 utvirg.
1305 3032 1370 3079 Aen.

283 3103 350 3164 Epp.
362 3102 387 3159 Ξ,
399 3103 423 3160 4,
434 3102 475 3150 89.
490 3129 518 3139 -
530 3109 643 3164 receptus
654 3106 733 3154 Tarra
745 3106 807 3167 cet]
846 3106 871 3167 4,
884 3106 945 3155 34οε
964 3106 997 3155 lit
1007 3104 1093 3155 modiis
1106 3114 1231 3165 properos
1241 3102 1371 3163 aquam

283 3176 394 3238 Egregia
419 3176 477 3225 arta
499 3188 564 3227 usus
584 3179 693 3240 Augusti
713 3178 808 3231 laudes
846 3181 890 3231 bor
906 3180 943 3229 ire
957 3193 1005 3241 por
1020 3179 1107 3228 mam.
1127 3178 1174 3229 Est
1190 3178 1284 3227 nutem
1301 3176 1372 3227 abiu-

283 3252 394 3315 propter
410 3249 809 3315 magnifioaoperapubiieaat
846 3256 925 3305 tivus.
953 3254 992 3305 ci.
1006 3253 1113 3316 Eppi,
1129 3253 1158 3311 8,
1176 3252 1217 3301 46.
1244 3253 1274 3302 ln
1293 3264 1370 3315 prosa

284 3326 358 3383 texit,
371 3326 488 3388 peritura
499 3325 566 3375 haee
578 3339 694 3390 quoque,
708 3330 738 3377 ut
748 3341 809 3392 per·
846 3329 981 3379 oratione:
1007 3324 1160 3389 «aquilones
1177 3327 1255 3377 arcet
1272 3340 1287 3375 a
1303 3324 1371 3375 cias·

285 3400 355 3458 iere,
379 3399 534 3450 vaticinans.
566 3402 617 3451 Per
642 3404 668 3451 te
697 3404 806 3461 senties,
846 3402 947 3454 sibus.»
982 3399 1034 3451 Sed
1054 3412 1117 3450 oum
1136 3398 1227 3451 verbis
1251 3400 1369 3457 arsendi,

285 3475 393 3538 opinor,
407 3476 727 3539 quamparumapposite
739 3476 809 3537 Hey-
847 3474 1019 3533 defendendi,
1045 3474 1165 3525 mutandi
1190 3468 1371 3546 ἀντίστροφα

285 3549 345 3599 nius
362 3548 396 3596 ad
408 3549 478 3610 virg.
491 3551 537 3599 Ge.
551 3550 576 3607 4,
590 3550 651 3599 iot:
669 3550 809 3600 ,44444444-
847 3562 929 3614 snape
946 3550 1140 3613 permutantur.
1164 3574 1190 3585 -
1212 3550 1289 3611 tionis
1304 3549 1371 3613 opio]

284 3634 338 3672 rem
354 3626 444 3682 portas
460 3623 618 3683 uocemque
633 3623 722 3673 moto
737 3626 809 3674 4444-
848 3626 977 3688 «dignum
1002 3622 1045 3672 vai
1070 3635 1133 3685 rega
1159 3624 1371 3685 potentissimo,-

284 3700 340 3745 stro
355 3696 434 3755 Atque
455 3696 613 3758 inoipootum
633 3698 734 3760 mopots
749 3701 809 3749 stri—
848 3698 972 3758 utOM,
987 3698 1026 3755 46,
1041 3698 1070 3745 i:
1089 3697 1174 3759 rapine
1184 3698 1273 3747 otoias.
1289 3702 1373 3747 -ste

285 3767 387 3817 ansius
396 3781 501 3828 osorton
513 3770 580 3819 latito
590 3784 643 3831 quo
649 3777 727 3833 ponto
738 3774 810 3837 toopa
846 3774 931 3823 riiisue
948 3772 992 3821 diu
1005 3770 1087 3835 potia]
1112 3772 1181 3821 Saue
1199 3772 1373 3823 statuendum

284 3842 543 3904 momonoorefmo,
564 3844 810 3907 Turromroquafro-
848 3851 901 3907 est,
920 3845 1024 3895 lieentia
1041 3846 1160 3908 poetica,
1180 3847 1273 3895 notata
1291 3848 1373 3897 iama

285 3916 695 3969 tirimmtttituroastoaaoeruis?
711 3921 809 3971 Horatii
847 3922 938 3972 Servio
962 3919 996 3968 ad
1019 3922 1084 3969 Aen.
1101 3920 1130 3979 2,
1152 3919 1193 3969 66.
1216 3923 1245 3971 et
1265 3921 1296 3981 6,
1317 3920 1371 3971 toi.

285 3989 376 4039 iocum
401 3990 591 4053 interpretatus
615 3994 649 4043 sit
673 3993 707 4044 da
730 3996 808 4058 portu
847 4008 935 4057 neque
954 3992 1006 4045 nlla
1028 3993 1179 4043 coniectura
1203 3994 1371 4058 corrigentia,

285 4062 474 4120 Alexandrino,
492 4077 581 4125 repom
596 4064 809 4117 Ptolemaeorum
847 4082 926 4121 usum
943 4081 1003 4121 essa
1019 4068 1155 4117 Horatium
1168 4068 1194 4117 iu
1205 4066 1301 4121 ultima
1313 4068 1369 4131 syii.

286 4151 368 4199 opera.
403 4138 498 4188 Cetera
520 4141 593 4189 recte
611 4142 766 4207 exsequitur
782 4142 809 4191 et
846 4157 871 4194 v.
886 4144 963 4205 potus
978 4140 1158 4205 corripienda;
1186 4142 1221 4191 da
1239 4157 1294 4207 qua
1311 4156 1371 4193 our-

286 4211 321 4261 iie
339 4216 366 4263 et
384 4213 460 4264 Voss.
480 4214 527 4263 Ge.
546 4226 572 4277 p.
585 4214 648 4265 335:
676 4220 728 4266 «A.
742 4230 767 4267 u.
782 4230 805 4267 o.
846 4218 966 4281 raptione
987 4230 1058 4267 nuno
1082 4215 1262 4269 consulendus
1279 4218 1369 4269 44444-
