2925 4892
232 359 295 426 244
612 355 743 408 4454445
760 352 942 408 5444544544

274 519 468 584 Praesentes
484 512 607 590 Austri,
630 511 761 599 coquite
775 509 892 576 horum
906 507 1053 575 obsonia.
1077 509 1282 595 Quamquam

273 639 368 703 Putet
387 655 468 723 aper
487 632 709 720 rhombusque
731 651 862 708 recens,
886 628 970 696 mala
995 629 1091 717 copia
1112 628 1243 718 quando

167 785 169 788 ⁴
274 760 416 844 Aegrum
437 754 587 822 sollicitat
608 751 824 830 stomachum,
848 772 923 818 oum
945 749 1058 838 rapula
1079 749 1195 838 plenus

273 882 378 965 Atque
400 876 511 945 auidas
533 873 654 942 mavolt
673 873 789 940 inulas.
833 871 979 940 Necdum
1000 871 1105 940 omnis
1127 869 1241 938 abacta

273 999 452 1086 Pauperies
474 996 580 1085 epulis
602 1015 734 1082 regum3
757 1013 832 1060 narn
852 990 970 1060 vilibus
992 993 1062 1060 ovis
1279 990 1323 1055 45

273 1120 447 1208 Nigrisque
469 1127 520 1184 est
541 1117 621 1185 oleis
643 1116 741 1184 hodie
763 1116 865 1182 locus.
909 1113 1005 1181 Haud
1026 1113 1070 1180 445
1091 1111 1217 1200 pridem

277 1213 401 1308 Gallobi
421 1240 594 1329 praeconis
616 1248 686 1306 erat
707 1237 899 1325 acipensere
921 1255 1036 1302 mensa

274 1360 412 1428 lniamis.
443 1359 553 1441 Quid?
574 1369 651 1426 tunc
664 1357 820 1424 rhombos
835 1357 942 1424 minus
956 1375 1101 1444 aequora
1115 1353 1267 1423 alebant?

300 1540 342 1592 44.
361 1540 482 1602 05545444
498 1541 546 1603 p,t.
568 1563 595 1574 -
614 1537 656 1589 ta.
668 1537 735 1588 mole
751 1549 781 1598 5,
799 1537 838 1587 544
854 1535 962 1588 volebat
978 1536 1103 1600 Doering.
1123 1562 1151 1572 -
1169 1534 1210 1586 48.
1228 1539 1288 1584 tuuc

263 1613 331 1664 bSc:
350 1619 404 1664 tum
418 1614 518 1677 p,LCt‚
535 1609 685 1671 Bentleius,
704 1612 757 1662 rm.
773 1639 800 1648 -
815 1624 910 1672 555554
921 1610 1004 1661 545554
1014 1609 1065 1671 bS,
1082 1610 1198 1660 Pottierii
1210 1607 1290 1674 pleri-

267 1701 331 1753 que,
350 1690 411 1739 LCt.
432 1687 545 1751 4444555,
564 1698 660 1752 55,κμ,
672 1698 713 1751 pr.
727 1700 753 1746 ν,
772 1685 970 1736 lambethanus
979 1687 1007 1734 et
1017 1683 1132 1736 Pettierii
1145 1685 1287 1748 quattuor.)

230 1828 313 1878 tiosos
329 1839 424 1876 eorum
441 1825 543 1876 cibos.»
571 1825 603 1875 ,44
619 1824 760 1888 indignan-
796 1825 860 1875 tio·
890 1823 976 1889 404555
989 1825 1061 1876 enim
1078 1822 1132 1874 cibi
1148 1823 1324 1886 cupiditatem

231 1903 266 1952 tis
281 1904 334 1962 est,
353 1903 434 1964 atque
445 1913 642 1965 saepenumero
653 1899 679 1949 in
690 1899 760 1949 votis
797 1900 923 1960 exeiteut;
941 1900 1175 1964 aiprorraneutem
1184 1898 1218 1948 de
1228 1898 1326 1951 condi-

232 1974 514 2038 exsecratiouibusque
539 1975 664 2024 concitati
691 1973 760 2024 5445-
797 1975 856 2023 4545
869 1973 1007 2038 praecepit
1021 1972 1124 2024 Colum.
1133 1973 1174 2034 48,
1186 1973 1218 2022 50
1230 1973 1257 2022 54
1269 1973 1323 2035 54.)

231 2052 291 2100 5455
308 2047 436 2099 indicium
453 2047 574 2112 praebet.
611 2048 664 2098 Cir.
682 2047 758 2098 Hand
829 2047 918 2100 46-49.
939 2050 1096 2098 «Praeterea
1112 2048 1198 2096 variat
1214 2058 1326 2110 semper

232 2125 307 2174 Tura.
328 2123 348 2172 1.
370 2136 397 2186 p.
418 2121 463 2174 444
484 2135 525 2186 sq.
554 2148 583 2156 -
607 2123 759 2184 4455455444]
796 2119 937 2175 4545555444
959 2123 993 2173 de
1017 2122 1084 2174 cibis
1106 2122 1230 2187 pretiosis
1252 2120 1326 2170 iudi-

232 2197 324 2260 ·quasi
346 2197 455 2246 numina
477 2208 587 2246 omnem
608 2208 687 2246 suam
703 2196 758 2247 vim
797 2198 884 2257 cium;
910 2198 950 2250 sio
972 2199 1113 2262 acipenser
1136 2196 1226 2262 (sacr)
1252 2197 1326 2258 opud

232 2273 414 2322 exserentes.»
443 2270 518 2321 Coni.
540 2270 588 2321 Od.
610 2272 640 2330 4,
663 2269 708 2332 35,
731 2272 756 2321 2.
796 2274 914 2334 55445555
933 2273 1041 2336 54554545
1059 2271 1224 2322 mbilicum
1246 2269 1322 2334 (Plin.

234 2372 262 2380 —
283 2346 445 2407 0555455545
471 2345 533 2408 554]
559 2344 689 2407 «corrigit
712 2357 757 2404 se,
797 2348 828 2397 H.
842 2347 873 2397 N.
886 2347 916 2408 9,
935 2347 987 2409 ti.)
1005 2347 1059 2396 iam
1077 2345 1326 2396 minorisaesiima·

232 2419 310 2482 quasi
331 2419 429 2469 trustra
451 2421 563 2472 Austros
585 2419 757 2478 invocaverit.
797 2422 839 2470 tur
852 2421 1025 2483 (quamquam
1035 2418 1325 2471 555445455554544554

232 2506 295 2544 5554
322 2491 463 2544 luxuriosis
492 2495 527 2544 sit
554 2507 666 2546 necesse
694 2505 758 2544 suus
797 2493 905 2544 Ovidius
930 2493 1042 2546 Helieut.
1065 2507 1092 2544 v.
1116 2493 1204 2555 484.);
1231 2493 1326 2542 555445

230 2570 325 2631 putere
343 2565 436 2631 epulas
447 2570 529 2631 atque
541 2565 658 2628 delicias,
677 2579 760 2630 quan·
795 2567 913 2618 rhombus
935 2569 998 2631 (Sat.
1016 2569 1043 2628 4,
1061 2569 1091 2628 t,
1110 2567 1177 2630 446.)
1199 2568 1256 2618 tum
1272 2579 1326 2616 ne-

230 2642 329 2694 tenvis
345 2641 468 2705 sapidas,
484 2643 598 2705 propter
607 2642 759 2692 satietatem
798 2639 900 2704 glectus
922 2655 994 2692 nunc
1017 2641 1181 2705 quaeritur.»
1202 2667 1230 2678 -
1246 2641 1326 2691 44555

231 2715 642 2774 545441554445545654444455.
654 2716 760 2779 (05554-
796 2717 834 2766 445
851 2715 959 2778 puden]
978 2715 1084 2766 «Lucilii
1106 2719 1241 2780 tempore,
1269 2715 1326 2766 cir·

229 2790 280 2850 544,
302 2788 376 2854 quod
392 2792 482 2840 tamen
499 2789 648 2840 4544545545
664 2791 760 2839 55545-
797 2791 864 2841 54454
885 2791 947 2840 ente
969 2791 1019 2841 hos
1042 2791 1138 2840 LXXX.
1158 2802 1268 2840 annos.»
1291 2813 1323 2826 -

230 2864 307 2914 ritate
319 2865 401 2924 caret,
414 2862 532 2926 praefert
541 2862 648 2913 44454454
657 2863 692 2913 ad
703 2865 760 2913 445-
797 2865 897 2916 Galloni
911 2863 1051 2928 5455554444]
1064 2862 1212 2914 «Gallonius
1223 2875 1326 2928 praeeo

230 2940 280 2987 rat.
290 2950 318 3001 p.
331 2936 400 2999 445.)
413 2937 533 3000 45444]
552 2937 702 2988 «festidium
713 2951 760 3002 pa·
797 2939 900 3004 primus
922 2939 1107 3002 acipenserem
1130 2939 1233 3001 piscem
1256 2949 1325 2988 suae

230 3011 279 3072 444,
292 3011 369 3073 quasi
379 3012 498 3073 puteat.»
509 3038 537 3048 -
546 3012 672 3076 rhombus]
683 3010 760 3078 ψῆτ-
797 3025 907 3063 mansee
920 3013 1058 3077 apposuit,
1075 3025 1158 3077 quare
1173 3014 1231 3062 eius
1242 3025 1325 3062 meu-

232 3099 283 3145 m,
300 3084 398 3134 liutto.
418 3110 446 3120 -
463 3085 631 3150 moiocopia]
650 3100 756 3150 «prava,
796 3099 827 3138 sa
843 3085 1206 3137 etiemaLuciliotanatur.·
1236 3087 1324 3136 Coun.

232 3171 303 3221 quae
326 3156 400 3217 45544,
429 3159 460 3207 54
486 3160 625 3209 stomacho
651 3158 760 3210 labore-
797 3161 876 3218 Cano.
907 3158 997 3210 Lucilii
1016 3173 1112 3212 versus
1132 3161 1249 3212 servavit
1265 3161 1324 3211 Cic.

233 3243 321 3282 mus.»
341 3257 369 3266 -
386 3232 495 3295 praedo]
514 3233 756 3296 «quandoquidem,
797 3235 831 3284 de
850 3236 922 3285 Finn.
935 3235 965 3294 8,
984 3235 1015 3296 8,
1033 3235 1080 3286 tl:
1100 3235 1218 3296 OPubli,
1236 3235 1326 3298 5554-

232 3305 385 3369 55554545»,
404 3319 467 3356 nam
479 3308 585 3372 tempus
596 3307 761 3370 significatur
796 3323 851 3373 pes,
870 3309 985 3360 Gattaei:
1002 3323 1027 3359 54
1037 3309 1109 3360 homo
1119 3311 1209 3371 mirer,
1226 3309 1323 3372 445544,

232 3379 322 3430 statim
347 3382 415 3444 part.
436 3393 555 3430 com.—
526 3381 677 3446 —ropuiol
702 3384 760 3433 445-
797 3385 912 3434 coenasti
926 3385 954 3434 45
969 3384 1024 3434 5445
1033 3397 1164 3447 amquam
1175 3385 1248 3446 bene,
1266 3397 1327 3434 5554

231 3455 430 3504 54545455.-·
447 3455 557 3504 554555-
545 3456 664 3520 davida]
691 3469 759 3506 enon
797 3459 883 3508 544445
903 3457 931 3506 ia
951 3457 1002 3508 4445
1022 3459 1151 3510 0544455444
1170 3458 1326 3520 455444554-

231 3528 294 3590 quia
314 3529 408 3578 acido
426 3532 469 3580 est
491 3531 561 3581 44555
585 3531 683 3593 herba,
709 3531 760 3582 sed
797 3533 1323 3597 paeooipenaereeummuomffieeumano.

232 3602 319 3665 quod,
338 3615 401 3653 eum
418 3605 554 3667 coquitur,
572 3609 649 3656 aceto
665 3604 760 3656 condi·
797 3607 965 3671 Coni.§.25.
992 3608 1136 3670 4,88,90.
1152 3621 1202 3671 pro
1217 3608 1323 3667 Quinct.

231 3679 284 3727 tur.
313 3675 387 3726 15515
412 3681 503 3728 autem
527 3691 612 3742 genus
637 3683 678 3731 est
702 3679 760 3730 oie·
797 3681 842 3742 30,
869 3680 964 3732 94.-
986 3680 1050 3744 erut]
1076 3681 1160 3732 Huius
1185 3694 1211 3730 v.
1230 3679 1326 3732 5144545

234 3753 394 3800 rummare.
413 3749 669 3815 (anatomiam.)
684 3753 761 3804 ,4455-
797 3719 900 3818 syllaba
933 3756 960 3804 vi
994 3767 1122 3806 caesurae
1155 3755 1323 3820 producitur.

232 3825 483 3888 ruavocatSat.t,
501 3827 533 3886 8,
551 3827 592 3876 54.
798 3829 872 3879 Coni.
890 3830 944 3878 Sat.
962 3829 990 3890 4,
1009 3827 1038 3890 4,
1056 3830 1098 3880 84.
1126 3831 1153 3888 4,
1172 3831 1203 3892 5,
1223 3830 1264 3880 844.
1291 3831 1324 3891 4,

265 3898 355 3950 44-46.
377 3901 759 3967 Necdumcet.]«Quamquam
797 3903 886 3963 9,2t.
916 3903 945 3965 4,
966 3903 1055 3964 4,84.
1085 3903 1113 3962 4,
1139 3903 1167 3964 3,
1190 3905 1214 3953 4.
1243 3902 1323 3964 4,3,

233 3973 285 4024 54144
318 3973 452 4025 naturales
485 3977 513 4025 54
540 3975 674 4041 simplices
704 3991 758 4028 non
796 3976 855 4027 too.
868 3977 1064 4041 -4545-5455]
1080 3978 1141 4040 quia
1152 3976 1325 4042 pulliearum

232 4060 344 4113 prorsus
367 4051 499 4100 removeri
522 4053 667 4115 potuerunt
684 4066 700 4101 a
717 4050 759 4102 di·
797 4051 916 4104 nondum
945 4064 995 4116 pro
1021 4050 1121 4104 55445444
1143 4051 1323 4102 habebantur.

232 4123 318 4174 vitum
334 4121 430 4186 epulis;
450 4136 511 4174 nem
526 4125 584 4175 ovis
599 4125 758 4190 atqueoleis
828 4127 934 4177 50-54.
968 4129 1057 4176 amtor
1072 4151 1086 4161 -
1097 4124 1255 4189 praetoriae]
1285 4125 1326 4176 Ex

233 4196 386 4248 etiamnunc
406 4199 517 4250 5455454
538 4212 685 4253 5555545444
706 4200 758 4252 454-
797 4200 948 4254 scholiustis
971 4201 1039 4252 iuter
1061 4213 1091 4252 se
1114 4199 1214 4252 55445445
1236 4200 1325 4250 iater-
