2925 4892
478 406 537 459 tte.
557 410 576 458 l.
613 409 711 460 Eetst.
729 408 784 459 vlt.

129 570 227 655 Spem
250 564 381 633 mentita
403 584 515 652 seges,
539 563 600 630 bos
621 574 672 630 est
692 574 827 631 enectus
848 566 987 636 arando,

128 687 282 756 Oll'ensus
304 685 430 752 damnis
452 684 560 751 medin
581 685 624 753 de
646 694 740 753 440040
761 684 922 752 caballum

127 807 248 896 Arripit
269 808 437 896 iratusque
460 806 597 895 Philippi
620 806 722 873 tendit
743 807 785 873 ad
812 806 922 875 aedes.

128 933 234 1012 Quem
250 928 346 997 simul
362 928 510 1017 adspexit
525 927 677 995 scabrum
695 928 923 1017 intonsumque
939 928 1113 1017 Philippus,
1136 932 1178 994 90

128 1054 254 1129 Durus,
278 1051 338 1146 ait,
361 1048 481 1128 Vellei,
505 1049 601 1116 nimis
623 1058 829 1138 attentusque
851 1050 973 1117 videris

129 1174 211 1239 iisse
234 1172 321 1238 mihi.
366 1170 497 1239 Polme
520 1172 692 1249 miserum,
717 1181 867 1259 panone,
892 1190 1041 1246 vocares,

130 1295 164 1362 Si
186 1294 302 1371 velles,
325 1294 442 1381 inquit,
466 1314 580 1359 verum
603 1292 680 1357 mihi
703 1313 828 1380 ponere
850 1294 983 1361 nomen!

129 1415 227 1497 Quod
250 1426 280 1481 te
303 1435 362 1503 per
384 1414 521 1481 Genium
545 1413 757 1501 dextramque
780 1413 928 1503 deosque
949 1417 1087 1483 Penates

130 1538 280 1605 Obsecro
302 1546 335 1603 et
356 1535 515 1611 obtestor,
540 1535 624 1601 vitae
647 1555 699 1601 me
721 1534 823 1602 redde
844 1536 954 1623 priori.
1137 1540 1180 1601 4444

152 1728 194 1778 93.
210 1725 453 1791 portunensem
473 1726 550 1789 (eum
567 1724 601 1789 gl.
620 1725 758 1788 4044000040)
777 1739 804 1790 p,
821 1723 860 1792 βγ
880 1728 923 1776 «et
938 1724 1012 1787 alliu
1030 1728 1145 1777 Pettierii

120 1801 252 1869 plerique,
271 1802 336 1853 item
353 1802 456 1853 Veneta
473 1800 546 1853 4484.
568 1800 606 1852 Cl.
627 1803 680 1853 Sat.
699 1802 724 1862 4,
743 1802 768 1860 4,
787 1800 828 1851 td.

91 1972 285 2023 «0440004400»
300 1972 391 2022 Senon.
411 1972 492 2021 Poeta
504 1983 547 2035 ap.
561 1971 616 2021 Cle.
654 1974 736 2018 400404
751 1971 878 2030 quemue.
898 1997 926 2006 -
942 1970 995 2035 Pol]
1013 1971 1182 2023 «4404140410-

89 2046 165 2096 lose.
185 2047 212 2105 4,
230 2047 260 2106 5,
280 2044 326 2096 tu:
354 2045 509 2095 0000004144
529 2044 620 2091 40010-
655 2054 743 2091 uem.»
777 2044 816 2093 De
840 2042 883 2091 1440
899 2044 1055 2094 iuramentis
1071 2045 1180 2109 (0410001,

89 2119 133 2169 lus.
153 2119 193 2170 ct.
208 2120 244 2169 ad
261 2120 312 2168 nu.
326 2120 354 2177 6,
369 2120 392 2177 4,
406 2118 431 2165 4.
449 2118 502 2166 Liv.
516 2117 558 2177 44,
571 2114 616 2166 to:
654 2120 765 2177 0004404,
773 2116 901 2178 4440404010)
911 2116 945 2167 04.
954 2118 1100 2169 Varronem
1109 2121 1181 2184 apud

87 2196 166 2257 farm,
178 2196 286 2257 frtqore,
297 2192 390 2252 illuvie,
403 2192 521 2253 40001040
531 2190 617 2240 meoli.
656 2187 719 2239 Gell.
740 2192 784 2251 44,
803 2192 827 2239 6.
849 2214 877 2227 -
900 2204 989 2241 umen
1004 2194 1065 2243 444444
1077 2196 1181 2261 ponere]

88 2267 130 2315 sie
140 2268 167 2317 14.
178 2267 196 2317 l.
210 2264 296 2316 boves
307 2268 370 2316 sunt
382 2267 492 2329 propter
503 2264 618 2314 maciem
654 2263 703 2315 Alii
720 2266 802 2315 dteere
818 2264 1017 2329 eglossemate.
1036 2267 1076 2319 Cl.
1089 2271 1142 2320 Sat.
1157 2273 1181 2332 4,

89 2343 168 2403 atque
179 2339 362 2391 infirmitatem
372 2340 447 2403 operi
458 2338 558 2389 rustico
571 2339 619 2388 im·
654 2340 738 2401 3,44.
757 2341 785 2400 4,
804 2340 835 2401 3,
853 2340 893 2391 48.
925 2342 1053 2393 Ceterum
1069 2356 1124 2394 non
1140 2347 1183 2395 eet

89 2427 166 2479 pares
184 2414 256 2465 laeti.
291 2412 341 2465 Alii
358 2412 522 2465 contendunt
537 2412 618 2475 signi-
655 2414 767 2463 imitatio
791 2414 924 2479 Euripidis
946 2416 1030 2481 tuing,
1057 2418 1083 2467 in
1103 2420 1181 2469 Taur.

90 2489 162 2539 lieari
185 2488 300 2549 «boves,
327 2488 372 2550 qui
394 2490 500 2538 arentes
517 2489 544 2537 in
561 2487 618 2550 ips'o
656 2486 717 2537 tue:
737 2488 784 2537 ῙΦ.
798 2488 851 2538 Σοὶ
861 2486 885 2537 δ’
900 2481 996 2553 ὄνομα
1008 2496 1093 2540 rotor
1103 2485 1182 2543 ΞΜ

90 2576 170 2628 opere
187 2563 288 2613 rustico
305 2562 402 2613 mortni
419 2562 617 2620 00ηεί0044040
656 2556 673 2612 ὁ
696 2558 839 2628 γεννήσας
862 2560 975 2634 πατήρ,·
1000 2564 1052 2615 ΟΡ.
1072 2561 1112 2615 Τὸ
1128 2566 1184 2632 μὲν

89 2650 182 2687 verum
209 2636 262 2687 hoc
283 2637 394 2687 nimium
419 2636 533 2687 videtur.
564 2634 617 2685 Clr.
655 2635 767 2686 31440404
792 2634 944 2700 δυστυχεῖς
965 2633 1119 2709 4404λῄ44049Γ
1135 2632 1182 2690 ἄν.

90 2712 217 2762 Priscian.
236 2711 267 2771 s,
287 2710 319 2773 6,
338 2710 378 2761 31.
400 2738 427 2747 -
447 2708 619 2773 urond01eo-
689 2710 778 2761 st-ea.
803 2712 874 2775 Quod
890 2717 914 2761 te
930 2712 992 2777 eet]
1010 2714 1082 2763 llaec
1099 2718 1142 2766 est
1158 2716 1185 2767 in

90 2784 144 2835 lum
160 2796 285 2836 macrum
303 2786 330 2835 et
347 2782 506 2849 lapidosum.
523 2812 551 2821 -
569 2796 621 2833 4440-
656 2784 810 2848 quotidiano
835 2798 944 2849 quoque
965 2798 1092 2838 sermone
1109 2787 1185 2839 solita

90 2862 132 2910 diu
143 2861 174 2911 30
183 2860 266 2922 noete]
284 2860 323 2911 ct.
335 2860 402 2923 Epp.
417 2860 441 2920 4,
454 2860 480 2921 4,
493 2858 534 2909 34.
552 2859 620 2909 4404-
656 2859 842 2911 obtestationis
853 2858 974 2909 termula.
985 2861 1091 2911 Terent.
1101 2861 1183 2913 Andr.

90 2936 159 2985 thiae
177 2934 214 2985 ad
231 2934 349 2997 Ciepro
366 2935 468 2985 4444400.
488 2932 512 2997 5.
526 2934 568 2983 44.
590 2959 617 2968 -
657 2936 688 2996 4,
708 2936 737 2995 5,
755 2932 802 2983 ot:
822 2932 893 2995 Quod
908 2938 932 2983 te
947 2946 1054 2998 000004
1069 2936 1188 2987 muoso

89 3008 214 3072 4004444444]
241 3006 407 3071 aequalidum
429 3010 509 3071 atque
531 3008 621 3071 impu-
656 3008 721 3057 44000
737 3020 791 3056 oro.
809 3007 881 3070 Vtrg.
900 3009 965 3058 leo.
984 3009 1015 3069 4,
1034 3008 1096 3063 tlt:
1115 3013 1187 3074 (10041

91 3096 175 3133 mm.»
203 3083 247 3131 Sin
264 3082 372 3133 Lueieni
388 3082 480 3132 Timon
499 3079 620 3131 eiusdem
657 3084 850 3143 1000404ορ0404
861 3108 902 3121 --
913 3095 967 3132 040.
986 3084 1016 3144 t,
1029 3084 1096 3136 36³:
1115 3087 1187 3149 (tuoe

91 3170 121 3207 ae
137 3158 217 3209 liene
235 3159 292 3207 tum
309 3156 472 3209 condicionis
490 3157 522 3205 7:
542 3168 622 3205 0440-
658 3159 682 3204 10
700 3168 750 3219 per
765 3157 830 3206 00014
846 3157 983 3208 iucundum
1001 3158 1085 3209 14044044
1101 3166 1125 3211 et
1140 3176 1187 3212 ou·

91 3227 139 3301 ρός
163 3225 234 3293 enoc
252 3232 302 3281 καὶ
319 3224 440 3296 αὐχμῶν
457 3230 507 3281 καὶ
524 3222 621 3280 rinell-
656 3242 715 3291 ruo,
740 3232 788 3280 Per
810 3231 948 3294 0004404044
972 3245 1035 3295 040,
1058 3246 1108 3296 per
1132 3248 1187 3297 spes

91 3306 210 3377 φθερος.
241 3332 269 3343 -
295 3306 429 3370 intonsum]
455 3306 487 3355 El
511 3306 621 3369 propter
657 3304 781 3367 0040040440
803 3304 860 3354 Iuli.
897 3304 940 3355 Sil.
966 3304 1022 3356 Ital.
1050 3307 1095 3368 43,
1119 3306 1184 3358 tte:

91 3382 228 3430 evantium
245 3382 274 3430 el
289 3382 399 3445 propter
421 3380 540 3430 taedium
557 3378 618 3428 inle-
659 3380 730 3440 Quod
747 3384 770 3428 te
782 3392 831 3441 per
846 3380 926 3428 000144
939 3380 1032 3430 1404140
1041 3394 1135 3442 precor
1145 3394 1187 3431 00-

91 3453 232 3507 lidesimee
244 3453 420 3517 agriculturae
432 3464 540 3504 omnem
551 3454 620 3503 vitae
657 3452 728 3502 mulo
743 3454 815 3516 40010
831 3455 883 3501 eet.
911 3452 957 3502 Est
974 3452 1113 3504 relativum
1130 3454 1187 3504 inll-

93 3524 192 3576 eullnm
208 3527 378 3591 neglexerat,
399 3528 477 3592 longe
495 3540 566 3578 nune
583 3526 620 3576 di·
657 3528 758 3588 ultum,
778 3523 885 3587 «διότι,
903 3528 1124 3591 propterquod.»
1141 3530 1187 3580 444-

92 3612 185 3651 versus
202 3599 238 3650 ub
257 3600 315 3663 illo,
342 3604 388 3665 qui
412 3603 499 3654 luerat
515 3603 622 3651 tonsoris
658 3614 708 3651 nus
736 3602 810 3650 40040
840 3600 882 3651 alii
910 3602 1090 3652 inversionem
1124 3616 1186 3654 esse

94 3674 233 3725 4044444440.
266 3676 392 3727 Cetemm
409 3676 502 3729 similis
520 3676 621 3727 004140-
657 3674 766 3725 dieunt:
789 3676 859 3725 vitoe
876 3688 916 3725 me
930 3677 1007 3726 redde
1021 3677 1115 3739 044044,
1141 3676 1184 3742 (id)

94 3751 234 3814 nophontio
252 3750 287 3800 de
302 3750 430 3803 Phoraula
441 3752 557 3803 namatio
570 3752 622 3813 Cy·
657 3751 724 3812 0004
734 3750 887 3801 40-0400040.
897 3751 1182 3816 -perGeoiteoJCont

94 3836 147 3887 rop.
166 3824 195 3885 8,
215 3824 246 3885 3,
266 3824 298 3874 35
315 3838 376 3890 sqq.
401 3854 427 3863 —
451 3827 539 3877 110400
556 3825 619 3888 cet]
657 3825 768 3889 Enni,
788 3826 816 3886 4,
836 3824 1120 3890 444-410044040000]
1132 3828 1184 3876 Ρο4

94 3896 155 3961 Epp.
175 3899 206 3957 t,
226 3898 271 3959 46,
288 3900 337 3949 7οι
365 3902 418 3950 siue
436 3906 526 3963 poscat
543 3902 621 3949 00404
657 3898 779 3949 dextram
807 3902 898 3949 autem
928 3898 998 3963 (fidei
1024 3895 1183 3964 σύμβολον)

94 3976 202 4033 oretque.
223 3972 325 4035 uPrope
342 3974 421 4025 nimis
432 3972 581 4024 laboriosus
593 3974 620 4023 et
656 3974 784 4037 frequens
795 3972 947 4024 obtestatio.
967 3975 1020 4023 Cio.
1037 3985 1086 4037 pro
1097 3973 1182 4022 Deiot.

95 4047 310 4096 utmtosnureo
320 4046 490 4110 (Terentnd.
501 4052 526 4108 u,
539 4050 563 4105 8,
577 4048 617 4095 34.
656 4047 686 4106 3,
705 4049 738 4095 8:
764 4048 811 4097 Per
836 4048 966 4096 4100404004
990 4053 1014 4097 40
1035 4048 1112 4099 istum
1128 4060 1181 4104 040,

96 4118 145 4168 Cle.
173 4131 225 4183 pro
250 4120 276 4169 S.
301 4120 397 4171 1100040
418 4122 476 4171 Am.
503 4122 548 4180 tu,
568 4120 616 4170 ll:
656 4134 732 4185 quum
756 4122 811 4185 4004
835 4120 956 4170 Deiotaro
985 4121 1071 4184 1400000
1094 4120 1183 4181 hospiti

95 4192 152 4242 loeo
167 4195 540 4259 0400100410044004400004,
559 4191 619 4260 ylt-
652 4196 799 4258 0044004444.
815 4223 843 4232 -
861 4196 966 4258 deosque
977 4195 1088 4257 4000400]
1105 4192 1179 4242 conl.

97 4280 209 4338 0440ος.»
227 4266 423 4327 804.4,6,84;
441 4267 520 4331 Asper
536 4273 559 4319 04
575 4272 619 4319 04-
655 4271 708 4323 Sat.
727 4271 759 4331 4,
778 4270 806 4331 3,
825 4268 881 4319 tto.
908 4294 936 4305 -
960 4270 1079 4319 04000404
1100 4271 1124 4315 04
1140 4264 1181 4313 04-

178 4359 386 4405 }lomr.vou.ll.
417 4370 456 4407 440.
474 4359 579 4405 4444111.
966 4360 994 4404 30
