2925 4892
538 393 597 444 un.
615 391 646 442 n.
681 389 780 442 sersr.
798 391 819 440 ι.
1163 383 1226 450 oli

180 552 333 636 lmpetrat
354 556 387 614 ei
408 565 523 634 pacem
545 555 578 612 et
599 544 793 632 locupletem
814 543 960 632 frugibus
981 564 1110 610 anuum

181 669 330 737 Carmine
351 667 385 734 di
407 666 518 754 superi
541 665 723 754 placantur,
748 667 890 734 carmine
912 667 1032 733 Manes.

178 789 348 878 Agricolae
370 787 477 877 prisci,
501 788 599 854 sortes
621 807 789 876 parvoque
810 787 907 863 beati,

180 910 318 980 Condita
339 920 413 1000 post
433 910 592 976 frumenta
613 908 758 976 levantes
780 918 926 996 ternpore
947 907 1029 975 festo
1163 909 1227 976 4444
1314 917 1320 924 ’

179 1033 308 1120 Corpus
329 1041 362 1098 et
383 1032 490 1120 ipsum
512 1031 663 1107 animum,
687 1051 748 1117 spe
768 1029 843 1095 finis
863 1017 947 1096 dura
967 1030 1137 1108 serentem,
1222 1001 1229 1022 ⁸

180 1153 263 1220 Cum
284 1153 382 1220 sociis
403 1171 556 1240 operum,
579 1151 690 1239 pneris
712 1162 745 1217 ei
766 1151 904 1240 coniuge
926 1149 1006 1228 lida,

181 1273 342 1341 Tellurem
364 1294 479 1362 porco,
504 1271 668 1339 Silvanum
690 1272 772 1340 lacte
794 1273 935 1360 piabant,

206 1473 263 1524 444.
283 1485 386 1535 ορααοι
408 1477 432 1522 si
451 1472 537 1534 pusi-is
557 1483 585 1530 c,
608 1473 670 1522 octo
686 1471 816 1532 Pottierii,
834 1471 943 1534 quintus
958 1471 1094 1532 seumidii,
1112 1473 1194 1524 LCtF.

173 1549 216 1608 (Ut
229 1559 288 1606 nos,
307 1545 384 1610 bSE.)
404 1573 430 1582 -
451 1545 507 1596 443.
523 1559 605 1608 porco
622 1545 742 1596 Lambini
754 1546 881 1609 suspicio,
898 1557 980 1609 quam
997 1545 1086 1596 firmat
1101 1547 1196 1596 tertius

171 1620 312 1684 Schmidii,
331 1622 434 1686 recepit
450 1621 666 1685 Cuninghamius.
686 1622 725 1684 (Ut
739 1633 798 1681 nos,
816 1621 899 1671 nostd
909 1623 937 1670 et
947 1621 1064 1671 Pottierii
1080 1619 1193 1681 omnes.)

137 1803 184 1854 spo
200 1787 285 1848 4444440,
303 1787 475 1838 llis-redimo
491 1799 665 1850 nuqusmsos·
702 1785 888 1851 iursrnlvarro
899 1789 929 1837 ii.
942 1788 971 1837 ii.
986 1788 1010 1848 i,
1024 1787 1047 1848 i,
1061 1785 1086 1837 4.
1099 1787 1229 1837 Modicia

137 1877 188 1926 aare
202 1863 285 1926 [aim
310 1863 462 1926 iterumque
480 1864 585 1913 novies:
607 1863 665 1914 lia·
702 1863 760 1911 daos
776 1863 897 1919 invocat,
915 1861 959 1923 qni
974 1862 1088 1912 οιοσ4οιι
1102 1861 1229 1924 φήσωσ-

137 1951 182 1988 sss
210 1938 276 1987 emis
298 1937 418 2000 paimei!
450 1937 524 1988 ovid.
549 1937 617 1987 Fast.
639 1937 664 1996 s,
701 1936 919 1986 uenditorem.
947 1937 1071 1996 mnium,
1090 1937 1229 1998 wormes

138 2011 188 2064 449
207 2024 268 2075 sqq.
701 2012 800 2075 pocius
823 2011 998 2074 ommium
1020 2011 1090 2060 coeio
1114 2015 1139 2060 et
1158 2015 1229 2060 terro

173 2083 295 2136 439-444.
308 2084 450 2149 damnine]
461 2085 516 2135 iam
525 2086 665 2148 poetarum
702 2087 836 2147 continent,
845 2087 959 2134 invenci
970 2085 1102 2144 Tellurem
1113 2097 1230 2134 --secun-

139 2163 168 2214 st
183 2160 274 2225 poesis
295 2161 321 2210 in
339 2163 464 2210 cunctam
481 2159 616 2209 civitatem
634 2171 666 2208 ac
703 2161 735 2210 do
747 2161 828 2210 8044444
839 2160 1107 2219 cummutatio
1116 2160 1230 2210 Cererem

138 2235 255 2286 deorum
264 2233 364 2284 cultum
373 2235 473 2284 meritis
482 2233 608 2298 expositis
617 2233 668 2282 ori-
703 2241 727 2285 si
744 2234 872 2293 libanam
899 2238 1040 2296 --qocrto
1057 2233 1177 2297 Robigum
1197 2246 1230 2283 oc

138 2310 231 2374 ginem
247 2311 327 2371 atque
345 2309 482 2359 historiam
505 2307 594 2371 poesis
615 2307 667 2356 iio-
703 2309 821 2368 Florum
832 2309 1048 2358 --diinervnsnet
1061 2309 1230 2368 Venerem·-

138 2395 237 2436 munae
259 2395 394 2446 exponere
416 2381 581 2446 aggreditur,
607 2391 667 2430 rem
703 2383 1124 2446 bpnspiiomocbonumliuentien.
1137 2382 1228 2434 cnm

138 2457 277 2510 scenicam
295 2457 463 2520 potissimum
481 2458 616 2520 spectans.
637 2481 664 2490 —
704 2459 854 2509 Mommsen
871 2456 896 2505 d.
908 2456 1037 2506 animm.
1060 2456 1230 2520 bicipiti

137 2531 225 2597 [ortes]
238 2527 666 2582 «adlaboremvaudietsednli.»
704 2543 765 2594 sqq.
800 2529 940 2594 l'emplum
966 2530 1102 2580 isnave!
1124 2531 1229 2581 GENE-

138 2609 234 2657 Scnor..
261 2605 370 2656 SlcSat.
387 2605 418 2666 4,
434 2605 465 2667 4,
483 2606 544 2655 iiii:
562 2605 668 2668 (orten-
707 2605 790 2654 4444444
803 2604 921 2654 dicatum
933 2601 1013 2655 liebel
1031 2603 1131 2654 detexit
1147 2605 1232 2668 inpa-

138 2681 265 2732 coinnmn.
292 2679 362 2743 Virg.
381 2680 428 2730 Ge.
442 2680 472 2740 2,
490 2677 552 2730 lit:
571 2679 603 2728 444
616 2691 668 2740 pc·
705 2679 807 2728 rietinis
822 2676 913 2741 oppidi
925 2675 1029 2738 Cuicul,
1048 2677 1127 2727 hodie
1138 2678 1231 2741 449444-

138 2757 204 2806 tiens
227 2767 331 2817 operam
347 2755 488 2817 maneque
504 2755 609 2803 σοαιιια
626 2754 668 2801 iu—
704 2753 760 2813 iai,
779 2763 863 2816 prope
881 2751 994 2812 Cirtam,
1014 2749 1094 2800 bodie
1111 2752 1232 2802 θοοοοο-

138 2835 237 2882 cmm.
253 2855 280 2864 —
299 2827 484 2891 madescet]
508 2828 588 2877 Arist.
608 2826 666 2877 Eth.
705 2829 769 2878 tim.
793 2853 821 2864 ·-
848 2824 943 2889 porco]
972 2828 1076 2875 Gensre
1103 2825 1230 2876 feminino

140 2907 197 2956 Nic.
212 2904 238 2963 8,
248 2902 273 2962 9,
284 2903 313 2952 6:
332 2901 365 2952 ai
375 2896 494 2972 ἀρχαῖαι
505 2902 607 2952 θυσίαι
618 2901 669 2950 aial
706 2899 848 2952 oraculum
871 2898 1027 2962 Sibyllinum
1044 2899 1115 2963 apud
1132 2901 1229 2949 Zosim.

141 2974 265 3030 σύνοδοι
282 2977 437 3038 φαίνονται
453 2975 602 3042 γίγνεσθαι
617 2989 669 3040 με·
706 2977 737 3037 4,
759 2976 789 3026 6:
816 2965 891 3025 Aioi
911 2973 943 3024 dl
964 2975 1035 3045 Γαίῃ
1052 2973 1232 3046 Πληθομένῃ

141 3049 177 3104 τὰ
201 3045 255 3114 τὰς
276 3048 334 3100 τῶν
355 3047 473 3122 καρπῶν
490 3045 669 3116 συγκομιδὰς
707 3045 808 3120 χοῖρός
824 3064 855 3100 τε
870 3051 920 3100 arod
934 3039 968 3112 ig
980 3050 1087 3120 ispoiro
1097 3047 1229 3115 μέλαινα.

142 3122 208 3176 ο4ον
233 3119 382 3190 ἀπαρχαί·
408 3123 536 3190 μάλιστα
561 3121 616 3194 γὰρ
638 3123 669 3175 ἐν
707 3123 832 3175 Similiter
853 3127 915 3175 ants
932 3138 1052 3176 messem
1069 3126 1176 3186 Cereri,
1202 3125 1233 3173 nt

142 3197 259 3263 τούτοις
284 3197 443 3264 ἐσχόλαζον
466 3204 529 3262 τοῖς
547 3205 668 3270 καιροῖς.
707 3202 745 3250 ait
761 3202 827 3251 ceto
837 3201 866 3250 44.
880 3201 909 3250 ii.
923 3199 996 3259 434..
1010 3199 1234 3262 porcsproecido-

145 3305 172 3314 —
185 3289 231 3338 sps
245 3275 311 3340 finis]
331 3276 484 3326 «Sententia
503 3277 558 3334 est,
576 3273 671 3324 tolera·
706 3289 769 3337 neo,
779 3289 858 3338 porco
868 3275 1153 3338 [enimdedoportet.
1176 3276 1232 3326 Uno

142 3350 227 3402 bilem
257 3349 313 3400 tisri
344 3348 464 3400 laborem
492 3348 591 3400 laboris
616 3348 669 3398 dne
707 3350 779 3410 loco,
798 3350 846 3400 od.
860 3349 885 3408 ³,
898 3349 940 3408 43,
953 3348 989 3410 4.,
1008 3349 1135 3398 teminino
1150 3349 1234 3398 utitur

143 3424 307 3490 proposito.»
328 3426 421 3474 Poma.
445 3451 472 3460 -
500 3425 563 3475 Corn
586 3425 669 3486 sodo]
709 3424 846 3484 Horatius,
860 3421 1124 3472 ceterismascniino.
1140 3423 1234 3472 -sii-

144 3499 270 3565 Explica:
291 3513 374 3550 «cum
385 3499 465 3550 sociis
478 3511 603 3563 operum,
623 3499 671 3549 im·
706 3498 810 3561 vanam]
835 3499 865 3546 in
889 3496 1061 3559 inscriptione
1086 3494 1233 3546 admodum

144 3576 238 3640 prunis
264 3571 355 3624 liberis
380 3575 519 3637 utriusque
541 3585 622 3624 serus
643 3575 671 3623 et
707 3573 832 3634 suspecta
851 3572 941 3631 (inser.
962 3583 998 3619 m.
1020 3570 1076 3618 Lat.
1097 3571 1128 3619 N.
1147 3569 1232 3632 44444.)

144 3651 219 3700 casta
246 3649 384 3712 coniuges
414 3651 481 3699 iiam
502 3649 573 3698 enim
590 3648 671 3712 prisci
708 3645 820 3695 vocatur
845 3646 897 3694 ιον
913 3645 1033 3707 anatis,
1059 3643 1086 3694 in
1106 3655 1233 3707 germana

144 3722 178 3774 ilii
191 3722 324 3787 agricolae
336 3735 429 3773 servos
445 3721 672 3786 possidebantaut
709 3718 756 3783 (ib.
769 3721 800 3769 ii.
815 3719 898 3781 44489.)
911 3719 1076 3768 Οοοοοοσιον
1086 3719 1235 3769 iomis-

145 3798 284 3862 nperarios
297 3796 469 3847 adhibebant.
489 3799 671 3848 Recteantem
709 3795 815 3843 nntium.
846 3793 960 3842 Omnino
977 3791 1077 3843 cultum
1094 3792 1173 3842 buius
1189 3793 1234 3844 dei

145 3871 281 3922 Bentlsius
305 3872 383 3921 eiecit
407 3877 430 3922 et
452 3873 513 3922 ante
534 3885 560 3920 v.
577 3871 671 3933 posits,
709 3870 860 3932 priscorum
876 3867 1051 3930 agricolarum
1068 3867 1163 3931 perdiu
1179 3879 1235 3918 ser

145 3946 219 4010 quod
236 3945 259 3996 si
276 3943 424 4005 adsciscas,
446 3957 545 4009 pueros
563 3948 590 3995 et
606 3957 672 3994 con·
709 3945 801 3993 vatum
813 3954 874 3992 esse
886 3941 1038 4006 complures
1049 3942 1235 4006 inscriptiones

145 4019 235 4083 iugem
259 4019 341 4070 fldem
362 4019 396 4069 ab
414 4021 540 4070 societate
558 4031 671 4083 operum
710 4017 903 4067 demonstrant.
932 4016 970 4066 Gt.
992 4017 1075 4080 Epod.
1095 4018 1124 4076 4,
1142 4017 1184 4066 44.
1205 4043 1232 4052 -

146 4093 286 4154 excludes,
300 4095 372 4158 qnod
384 4095 418 4145 de
429 4097 520 4159 pueris
531 4096 605 4144 vetat
616 4095 672 4157 ipse
706 4091 822 4155 piabunt]
841 4091 907 4140 «sibi
919 4091 1047 4155 propitios
1058 4090 1232 4140 reddebant.-

148 4168 273 4218 iloraiins
284 4169 336 4218 Sat.
347 4169 372 4229 4,
382 4169 407 4230 4,
419 4171 475 4219 4444.
488 4170 555 4230 448.,
568 4169 602 4219 de
612 4181 674 4218 ccu-
711 4169 795 4217 Omne
807 4167 879 4216 enim
891 4165 1051 4216 sacrificium
1062 4167 1105 4214 est
1116 4165 1145 4214 et
1155 4162 1235 4212 animi

147 4243 207 4305 inge
225 4243 356 4306 imprimis
373 4245 457 4308 Epod.
471 4245 496 4304 4,
514 4244 554 4292 344.
576 4267 603 4280 ··-
625 4243 675 4292 Tsi-
711 4243 738 4292 in
754 4242 821 4292 deos
838 4241 905 4304 grati
922 4240 1073 4291 testificatio
1083 4241 1111 4288 et
1121 4238 1234 4302 expiatio
