2925 4892
527 359 585 410 un.
605 361 635 410 u.
655 357 754 410 seur.
772 358 792 409 r.
1143 355 1200 421 titii

158 517 269 582 Paene
284 511 423 582 recens?
445 511 535 580 ideo
550 523 696 580 sanctum
711 521 761 580 cst
775 521 868 580 vetus
883 533 979 581 omne
993 521 1120 601 poema.

159 634 340 723 subigitur
361 633 512 721 quotiens
534 643 606 702 uter
627 641 699 700 utro
721 633 763 698 sit
783 633 887 720 prior,
911 634 1015 701 aufert
1164 636 1205 700 55

157 755 319 824 Pacuvius
341 755 427 822 docti
451 753 566 821 famam
588 754 692 832 senis,
716 753 832 821 Accius
853 753 925 829 alti,

148 935 276 998 Deering.
303 935 340 996 (et
355 933 477 984 mour
491 934 577 984 tuerat
593 935 644 984 cet.
664 933 721 983 stne
739 933 865 997 interrog.
883 934 959 997 sigim
976 933 1048 998 bct.)
1076 962 1104 972 -
1131 937 1172 986 bt.

145 1009 248 1072 smera
258 1009 323 1058 docti
333 1009 436 1071 primns
447 1007 582 1058 Schmidii.
599 1031 626 1043 -
639 1005 727 1058 totu
737 1005 839 1070 bSEop,
851 1009 871 1070 t,
883 1006 1027 1069 Bentleius,
1045 1009 1075 1059 F:
1093 1009 1176 1060 Attius

148 1082 223 1144 ldis,
240 1081 325 1132 Actius
342 1081 396 1132 duo
413 1079 540 1132 Scbmtdii
557 1081 585 1132 et
601 1081 630 1132 C.

111 1238 236 1300 naudus,
263 1251 352 1291 nonne
378 1237 526 1302 permultos
547 1238 643 1288 etiarn-
682 1239 868 1300 aestimandis,
890 1241 926 1291 ita
948 1244 979 1291 ut
994 1241 1125 1306 cuiusque
1141 1242 1208 1292 cba-

110 1327 188 1364 nnnc
222 1312 337 1363 lectores
371 1313 452 1362 habet
484 1315 566 1377 atque
594 1312 645 1362 ad·
684 1314 771 1362 racter
787 1325 840 1364 uno
854 1312 972 1364 alterove
983 1316 1101 1379 epitheto
1111 1315 1208 1367 delini·

111 1387 292 1438 miratoresi·
323 1387 370 1437 Cn.
392 1388 507 1438 Naevius
529 1389 645 1452 Campa·
682 1390 755 1447 ntur,
788 1387 907 1451 qualium
929 1389 1089 1442 iudiciorum
1107 1390 1209 1443 aarum

111 1475 166 1512 nus
184 1475 209 1511 a.
235 1473 262 1512 u.
288 1473 312 1510 c.
339 1461 396 1510 nte.
423 1462 538 1524 primam
567 1460 645 1512 inbu—
682 1461 769 1513 babes
785 1462 857 1526 apud
868 1464 1029 1515 Frontonem
1044 1477 1072 1528 p.
1085 1465 1144 1517 ist.
1156 1464 1205 1516 sd.

110 1535 169 1586 lam
187 1534 293 1594 docuit,
318 1535 440 1584 mortuus
462 1547 486 1584 n.
503 1547 529 1584 u.
542 1548 566 1584 c.
585 1536 642 1585 libo.
683 1536 759 1586 Hom.
780 1549 805 1584 a.
828 1535 900 1587 tete.
937 1538 1018 1588 Totus
1037 1539 1115 1602 igitrrr
1131 1537 1207 1590 iocus

111 1611 220 1670 Uticae,
240 1609 266 1658 in
284 1607 383 1680 exsilio.
413 1610 523 1659 Praeter
539 1612 645 1674 bague-
683 1611 801 1661 eontinet
823 1609 929 1670 laudes,
956 1623 1024 1675 quas
1040 1614 1207 1674 grammatici

110 1683 174 1734 dias
192 1685 222 1732 et
238 1681 391 1734 comoedias
413 1681 566 1733 celebratur
587 1685 644 1733 eius
683 1685 710 1734 et
727 1683 790 1735 mali
806 1687 902 1748 petiae
920 1683 988 1736 illins
1000 1687 1108 1745 aetatis,
1125 1688 1209 1738 inse·

109 1757 220 1809 Bellum
244 1757 371 1806 Punicum
397 1757 525 1820 primum,
554 1759 645 1807 Satur·
682 1771 738 1818 res,
757 1759 844 1820 savii,
858 1759 960 1820 Haesit,
974 1760 1061 1824 petitis
1070 1759 1209 1811 veteribus

110 1833 165 1884 niis
184 1829 310 1882 versibus
327 1831 517 1894 couscriptum,
539 1831 573 1881 de
591 1844 644 1894 quo
682 1831 802 1882 tribuere
819 1831 954 1895 solebant,
973 1847 1028 1897 quo
1043 1835 1209 1885 recentiores

110 1907 170 1956 vid.
195 1905 251 1955 Cic.
273 1905 345 1954 Brut.
368 1905 413 1966 ie,
432 1905 464 1954 75
482 1917 522 1968 sq.
553 1904 591 1956 Cl.
612 1908 641 1956 a.
683 1907 842 1968 (Horatium,
860 1907 1010 1970 Virgilium,
1027 1909 1145 1972 Varium)
1162 1909 1209 1960 de·

110 1981 229 2031 Soblitte
246 1978 281 2028 de
293 1979 341 2028 Cn.
354 1980 452 2029 Naevio
464 1981 551 2043 poeta.
576 1980 644 2030 Her·
683 1981 831 2044 primerent
846 1995 879 2032 ac
895 1980 1047 2042 laederent,
1065 1982 1163 2046 quibus
1174 1997 1208 2034 ex

109 2052 200 2119 bipoli
226 2053 299 2104 tati.
320 2053 343 2102 8.
379 2054 427 2103 Cn.
449 2054 539 2104 Naevii
562 2054 644 2104 vitam
682 2053 805 2105 leudibus
822 2055 963 2108 nonnullas
974 2056 1086 2108 tortasse
1101 2070 1134 2108 ex
1146 2056 1209 2107 Van

109 2127 277 2192 descripsit,
306 2125 431 2191 reliquias
459 2126 563 2191 collegit
590 2129 642 2178 cet.
682 2130 756 2179 renis
772 2127 847 2180 libris
858 2130 893 2180 de
904 2132 990 2194 poetis
1001 2130 1210 2194 desumpserunt

109 2206 178 2256 Ern.
210 2199 378 2252 iilussmann.
409 2203 486 2253 ienae
515 2201 587 2252 leta.
618 2201 642 2252 8.
683 2203 765 2254 invidi
790 2201 835 2254 ilii.
870 2206 926 2254 Nec
948 2203 1062 2255 multum
1084 2205 1210 2256 ditlenrnt

109 2279 199 2330 Hertz
215 2277 244 2325 in
260 2274 352 2326 Annei.
371 2275 457 2326 Beroi.
476 2275 548 2328 iate.
566 2278 598 2326 li.
615 2289 642 2340 p.
683 2289 748 2336 eae,
771 2290 838 2342 quas
855 2277 1029 2339 Quintilianus
1051 2279 1144 2330 tribuit
1159 2293 1209 2330 re-

108 2354 175 2402 atu.
223 2351 262 2400 De
295 2351 385 2400 Naevii
417 2351 561 2414 praetextis
590 2349 642 2401 vid.
683 2350 786 2402 teribus
806 2354 893 2416 poetis
916 2354 1023 2404 Latum
1050 2353 1209 2418 (limburgi

109 2427 234 2477 Grauert
244 2423 329 2474 Ptittot.
340 2424 490 2475 Setoetderu
503 2424 534 2475 Ii.
547 2438 574 2489 p.
587 2425 642 2475 ttb.
685 2425 836 2476 Commeat.
850 2426 885 2476 de
895 2424 950 2476 Hei.
961 2427 1036 2477 conr.
1047 2428 1099 2477 att.
1112 2439 1139 2491 p.
1150 2427 1207 2479 tit.

109 2513 176 2566 sqq.
214 2499 276 2548 Sine
305 2500 509 2562 interrogatione
536 2501 642 2561 autem,
685 2523 711 2534 —
726 2499 819 2563 aufert]
837 2502 929 2562 «quasi
945 2498 1070 2550 donovel
1087 2503 1208 2565 praemio

109 2587 201 2640 quam
225 2575 328 2636 primus
348 2574 472 2638 apposuit
494 2572 643 2635 Bentleius,
683 2575 792 2637 accipit,
811 2576 839 2623 et
849 2574 914 2624 docti
925 2575 1148 2626 existimationem
1158 2575 1209 2625 ob·

110 2651 191 2700 totus
208 2645 284 2696 locus
301 2647 330 2696 lit
346 2647 480 2698 absurdus
493 2660 580 2711 nequo
592 2646 644 2698 ullo
683 2648 774 2697 tinet·
800 2649 842 2696 Sic
860 2647 940 2710 soph.
958 2648 1044 2709 Antig.
1062 2647 1123 2699 iet:
1144 2650 1210 2718 κέρ-

109 2721 201 2774 modo
227 2720 352 2784 explicari
380 2723 485 2785 potest;
514 2723 564 2772 etsi
592 2722 644 2772 boc
682 2718 734 2784 ὄος
755 2722 837 2792 φέρει
859 2734 908 2784 pro
925 2723 1056 2790 φέρεται,
1083 2720 1211 2774 «tucrum

108 2797 207 2848 astute
225 2795 336 2844 tentavit
353 2794 511 2846 Lambinus:
539 2797 644 2846 «Naevii
684 2795 972 2862 aulcrt,adipiscitur.»
987 2821 1014 2833 -
1027 2797 1206 2861 Pocwtuslit.

108 2869 218 2934 scripta
242 2881 293 2918 nen
317 2867 437 2918 teruntur
454 2869 578 2920 manibus
596 2870 645 2919 bo—
684 2872 828 2931 Pacuvius,
848 2869 1033 2935 Brundisinus,
1045 2871 1121 2922 Ennii
1132 2884 1211 2922 soro-

109 2947 237 3002 nainum3
269 2955 332 2993 nam
358 2955 420 2994 eum
450 2945 578 2994 memoria
604 2947 646 2994 te·
685 2946 722 2996 ris
740 2945 824 3006 filins,
842 2947 921 2996 natus
938 2959 1003 2996 a.u.
1017 2945 1124 3007 otti,
1142 2947 1211 2998 ami·

110 3021 198 3078 nent,
217 3029 306 3080 neque
318 3019 398 3080 egent
414 3016 567 3068 adiumento
579 3017 647 3069 litte·
685 3032 734 3071 cus
757 3021 786 3070 C.
803 3018 896 3081 Laelii,
923 3033 986 3070 cum
1011 3021 1106 3071 ιω.
1126 3033 1211 3072 annos

109 3103 220 3144 rarum.
252 3091 348 3140 Haeret
371 3091 396 3140 in
414 3092 534 3142 omnium
551 3093 646 3144 animis
685 3095 763 3144 natus
791 3107 888 3144 novam
920 3094 1057 3146 docuisset
1083 3095 1210 3156 fabulam,

109 3165 247 3234 perinde,
273 3178 306 3215 ac
329 3165 350 3216 si
373 3166 407 3216 sit
423 3179 545 3217 recens.»
567 3191 593 3202 —
619 3168 646 3216 to
684 3169 828 3219 Tarentum
845 3170 968 3233 migr-avit
984 3168 1076 3233 ibique
1095 3174 1212 3221 mortem

108 3240 236 3292 mmsibrtr
248 3267 263 3277 -
275 3239 317 3303 eet]
336 3239 509 3290 «ieoutatur.·
535 3242 644 3292 sueton.
685 3241 752 3292 obiit
767 3256 852 3308 prope
869 3246 1072 3308 nonagenarius.
1099 3245 1136 3294 En
1154 3246 1212 3296 eius

109 3316 202 3380 Calig.
224 3315 269 3364 ld:
296 3315 376 3365 Corui
392 3316 477 3366 Seuera·
495 3317 591 3378 scripto
607 3330 646 3366 re·
686 3316 844 3378 tragoediis,
870 3331 938 3380 quas
962 3316 1106 3368 duodecim
1130 3319 1212 3368 mini-

109 3397 194 3442 nutus
210 3389 329 3440 comatis
342 3389 436 3440 abolito
450 3390 548 3452 requiri
564 3396 587 3440 st
597 3403 647 3440 esse
685 3403 761 3441 mum
777 3393 941 3456 composuit,
965 3391 1130 3441 clarissimae
1152 3391 1212 3442 iue-

109 3469 139 3516 to
155 3463 280 3514 munibus
301 3464 456 3526 lectitarique
473 3464 594 3527 permisit.
617 3493 643 3500 —
684 3465 1063 3528 runtdottopuetilutoreates.
1090 3464 1208 3515 cteris

109 3540 213 3604 linerat]
232 3541 287 3590 Cic.
307 3540 384 3590 Tusc.
404 3540 433 3601 3,
455 3541 485 3601 ἲ,
504 3539 533 3590 3;
556 3542 647 3602 pettoe
685 3541 716 3590 H.
731 3537 1208 3600 rt.3o,t,7:1³reoomeetooruecec,

109 3615 326 3674 nemim,
350 3615 480 3678 ementur,
505 3615 648 3664 odinum·
685 3615 784 3678 iosoro
801 3613 1109 3674 bomiooedeHercutie,
1128 3615 1211 3664 Puell-

110 3696 134 3742 et
155 3689 336 3740 tumerem
354 3689 453 3752 penitus
472 3689 499 3739 tu
515 3689 644 3739 mortibus.
683 3687 719 3738 ott
731 3692 824 3750 pottrw
836 3690 948 3751 pictwa.
975 3689 1053 3738 linuit
1068 3701 1155 3739 sorore
1169 3703 1213 3754 pe·

110 3791 142 3803 -
164 3765 250 3814 Paene
265 3765 358 3828 recens]
378 3765 539 3828 uiamquam
562 3777 646 3828 prope
684 3763 753 3813 odor
768 3764 808 3813 bic
829 3764 879 3826 [leit
894 3764 1076 3826 cturiureoiquc
1090 3777 1149 3814 cem
1164 3777 1211 3814 or-

110 3841 213 3890 noster
231 3837 348 3901 aequalis
366 3839 464 3888 esset·
685 3843 734 3888 tem
760 3838 902 3902 (pingendi)
928 3839 1020 3889 ltomoe
1046 3838 1104 3900 serit
1127 3840 1212 3903 pleriq

145 3914 193 3964 ee.
207 3912 249 3961 56.
273 3911 414 3975 Arobtpltor
424 3912 487 3976 cet]
498 3911 571 3963 Salsa
584 3927 647 3977 per-
685 3925 783 3962 soraee.
798 3940 825 3949 -
839 3912 912 3976 doctr]
932 3911 1031 3977 «probe
1042 3915 1141 3964 versati
1152 3926 1212 3964 nra-

111 3987 243 4050 sequitur
259 3985 349 4037 solitas
367 3989 394 4036 et
410 3985 570 4051 plerumque
588 3988 647 4038 ine·
685 3987 756 4037 xime
774 3986 801 4036 in
818 3987 925 4037 Graecis
941 3987 1027 4050 pu'etis
1042 3988 1070 4037 et
1086 3987 1169 4051 epicis
1185 3991 1213 4040 et

111 4063 177 4125 ptes
200 4060 353 4110 criticorum
376 4061 418 4111 sui
440 4062 569 4124 temperis
591 4062 647 4112 dis·
686 4061 806 4124 tragicis,
825 4074 857 4110 ex
874 4059 1212 4124 quibusseemmuuqoe-

112 4134 272 4199 potationes
289 4133 323 4184 de
344 4135 537 4198 antiquioribus
562 4135 647 4200 potitis
686 4135 791 4184 diarum
802 4135 959 4198 argumenta
971 4134 1122 4198 desumpsit
1131 4146 1211 4198 prae-

113 4211 191 4260 inter
213 4219 243 4260 se
269 4209 458 4274 comparandis
481 4211 562 4273 utque
585 4207 646 4260 inde
687 4209 810 4272 terquam
833 4209 912 4260 unius
935 4211 1090 4274 praetextae
1112 4207 1211 4260 Post.»
