2925 4892
259 354 321 419 668
616 352 745 404 nonani
762 351 981 403 nalsrollnnn

301 514 416 579 Posset
435 511 491 599 qui
514 530 630 597 rupem
651 519 685 574 et
704 518 837 595 puteum
859 508 960 573 vitare
983 516 1155 593 patentem.

301 634 361 701 llio
383 633 438 699 ubi
460 641 669 719 cognatorum
690 630 808 717 opibus
830 628 983 715 curisque
1005 628 1145 695 relectus

301 754 428 843 Expulit
448 752 615 820 helleboro
637 750 786 817 morbum
807 748 971 837 bilemque
994 768 1124 816 meraco

301 878 340 943 Et
361 874 445 943 redit
465 874 506 941 ad
530 894 621 940 sese:
644 872 702 939 Pol
724 892 778 938 me
800 870 978 945 occidistis,
1002 869 1110 945 amici,

301 999 370 1063 Non
392 996 560 1072 servastis
584 994 642 1072 ait,
665 993 717 1061 cui
741 994 788 1059 sic
810 1002 934 1059 extorta
954 990 1103 1079 voluptas

300 1119 339 1184 Et
359 1116 510 1204 demptus
532 1114 677 1203 pervim
699 1113 815 1180 mentis
837 1112 1038 1200 gratissimus
1060 1132 1162 1179 orror.
1283 1112 1339 1178 440

300 1240 455 1306 Nimirum
476 1256 594 1324 sapere
614 1245 666 1301 est
685 1234 820 1302 abiectis
844 1233 921 1301 utile
943 1236 1037 1323 nugis

301 1361 340 1426 Et
359 1358 586 1446 tempestivum
610 1356 721 1444 pueris
744 1354 926 1423 concedere
947 1354 1075 1434 ludum,

301 1484 347 1549 40
368 1501 432 1547 non
454 1478 555 1546 verba
576 1478 669 1565 sequi
691 1475 811 1545 fidibus
834 1476 1029 1545 modulanda
1049 1478 1183 1555 Latinis,

302 1602 368 1670 Sed
389 1621 488 1668 verae
509 1619 728 1688 numerosque
751 1597 932 1687 modosque
955 1598 1102 1666 ediscere
1125 1600 1219 1667 vitae.

327 1762 384 1815 444.
402 1764 453 1813 Sed
474 1763 543 1812 04400
565 1773 732 1822 amorque
754 1760 889 1823 modosque
914 1760 1020 1811 00400040
1042 1774 1117 1810 corae
1138 1762 1224 1811 Codd.
1243 1764 1311 1827 apud

293 1840 366 1889 cort.
378 1836 414 1888 ad
431 1839 529 1887 Lucan.
542 1833 567 1895 4,
580 1834 638 1886 340.
660 1862 686 1871 -
706 1834 764 1885 444.
782 1836 909 1899 00000004
920 1846 989 1885 uuus
1000 1834 1169 1897 Bersmanui,
1188 1837 1313 1887 00000004

292 1924 363 1963 unus
379 1926 413 1962 ex
428 1910 545 1975 collegio
561 1910 694 1961 Trinitatis
710 1911 739 1959 et
755 1910 823 1961 Feae
838 1907 951 1973 aliquot,
969 1908 1234 1961 domriatlieutleius
1246 1912 1311 1961 coni.

261 2052 334 2103 bant.
362 2052 409 2101 Est
420 2051 509 2113 igitur:
529 2051 591 2112 «qui
603 2049 786 2099 turenternou
857 2046 987 2099 444-444.
1013 2048 1140 2098 Nimirum
1156 2049 1220 2114 oet]
1237 2052 1344 2101 Narrate

260 2126 423 2175 irasceretur
439 2126 468 2174 ut
483 2122 618 2188 plerique,
637 2134 701 2174 oum
712 2121 787 2183 lage·
823 2120 875 2171 hac
885 2120 1008 2185 historia,
1021 2136 1090 2186 quae
1101 2122 1226 2187 exemplo
1237 2122 1347 2175 illustrat

260 2212 323 2250 nam
341 2196 490 2264 (λάγηνος,
514 2194 651 2263 λάγυνος,
675 2196 785 2260 capet,
824 2196 983 2248 senteutiam
999 2210 1026 2246 v.
1040 2197 1113 2260 tan,
1136 2196 1259 2249 ultimam
1275 2198 1347 2249 addit

260 2274 366 2338 Lepet)
382 2286 398 2322 a
415 2286 446 2323 00
461 2271 629 2335 obsignatam
641 2274 788 2334 comperiar
824 2270 963 2331 rationem,
977 2284 1025 2320 our
1033 2270 1164 2336 relinquat
1171 2274 1266 2336 poesin
1276 2276 1346 2324 certe

261 2350 304 2399 aet
332 2360 348 2398 0
373 2345 479 2397 servulo
504 2358 565 2396 esse
591 2346 786 2408 0004000040.»
824 2342 948 2407 lyricam
968 2344 1114 2408 «reliquam
1130 2348 1201 2397 euim
1214 2348 1297 2399 vitam
1309 2360 1348 2399 sa·

264 2422 385 2473 Aderant
408 2419 517 2471 44004401.
541 2420 571 2481 0,
593 2420 640 2481 88,
659 2420 687 2469 7:
713 2420 788 2469 Nunc
823 2419 938 2483 pientiae
955 2420 1049 2471 studiis
1062 2432 1123 2470 esse
1136 2419 1307 2473 dicandam·
1321 2450 1345 2459 -
1445 2423 1446 2463 l

260 2498 345 2561 040004
366 2508 436 2546 meru
460 2494 570 2545 0000400
592 2494 713 2559 leaenam
735 2494 786 2557 (040
823 2492 922 2557 rapere]
954 2493 1007 2543 «nd
1033 2495 1178 2558 sapientiae
1203 2498 1347 2561 praecepta

261 2568 446 2628 Schneidewl.
467 2597 495 2607 -
518 2582 608 2631 rapam
631 2572 655 2619 ot
671 2568 786 2633 putenm]
823 2567 905 2616 vitam
931 2580 1108 2632 componere,
1141 2570 1250 2620 omissis
1276 2572 1348 2621 vanis

262 2646 302 2697 Cl.
315 2647 368 2695 Sat.
379 2647 404 2706 2,
414 2645 439 2706 3,
449 2645 490 2695 ot.
503 2645 533 2693 Α.
544 2646 572 2694 Ρ.
584 2643 642 2694 tto.
654 2668 682 2679 -
695 2656 788 2707 00900-
824 2640 1040 2703 oblectamentis,
1060 2644 1140 2693 etiam
1152 2644 1248 2695 studiis
1263 2646 1348 2710 poeti·

261 2720 353 2782 tom]
371 2718 585 2783 appenni.
602 2745 629 2755 -
648 2717 743 2780 004000]
760 2718 787 2767 iu
824 2716 890 2765 cisa
908 2742 937 2753 -
954 2718 1036 2781 nuptu]
1060 2718 1098 2767 Cf.
1121 2718 1188 2781 Epp.
1207 2720 1237 2779 t,
1259 2721 1288 2782 4,
1306 2720 1346 2769 4οε

261 2807 342 2858 prosa
358 2796 479 2844 oratioue
497 2805 579 2856 rope,
603 2789 735 2853 aurilio,»
759 2791 789 2840 ut
824 2792 897 2841 Nunc
918 2792 1004 2853 440000
1022 2796 1045 2842 04
1065 2804 1152 2841 cerac
1168 2798 1191 2843 st
1207 2799 1295 2845 catara
1310 2796 1349 2845 la-

262 2870 329 2933 Epp.
343 2868 368 2928 4,
382 2869 423 2928 40,
435 2868 477 2917 30.
493 2895 521 2903 -
538 2867 646 2929 Expulit
661 2865 724 2929 cet]
744 2866 788 2914 Ti·
825 2866 897 2915 444000
909 2880 986 2929 pono.
1001 2894 1029 2903 -
1048 2868 1218 2929 imperuim
1230 2870 1296 2934 cet]
1312 2871 1347 2921 Cl.

262 2940 370 3003 nuit.t‚
389 2940 418 3001 4,
437 2941 465 2990 4;
493 2942 549 2990 Huc
569 2943 629 2991 adea
649 2945 789 2991 0440440000
825 2940 935 3005 lippi,
956 2940 1059 3001 tt‚36:
1085 2942 1347 3007 Nontcriraapndet,

261 3015 593 3077 mortorezpettepcattco.
612 3042 640 3051 —
658 3013 788 3075 4404404040]
824 3016 867 3066 0004
887 3016 1062 3066 conlaudem
1080 3016 1174 3067 ludina.
1206 3020 1348 3071 -nanvuu

262 3088 349 3141 001440·
363 3088 494 3139 adversus
516 3090 646 3139 insaniam
667 3088 789 3139 medica-
821 3090 908 3151 pueris
930 3090 1001 3139 refer
1022 3093 1049 3141 et
1076 3091 1109 3141 ad
1131 3094 1349 3154 imperiumst

263 3164 365 3215 mento.
392 3162 539 3223 (148040,
557 3162 683 3224 ³,8a.-
701 3162 789 3214 044004-
825 3164 859 3214 ad
876 3166 1015 3215 0000044000.
1035 3166 1074 3216 Cf,
1093 3166 1147 3217 Cic.
1165 3168 1290 3229 iuuet,
1309 3168 1347 3227 45,

262 3237 318 3302 quo]
343 3234 483 3302 μέλαιναν
507 3234 613 3301 χολήν,
643 3250 713 3301 quae
739 3250 788 3302 pro
826 3240 882 3289 409.
909 3238 983 3289 ovid.
1001 3240 1063 3289 liet.
1080 3240 1110 3301 44,
1127 3240 1202 3291 too.»
1229 3242 1347 3293 Dianam.

263 3311 350 3363 morbi
368 3324 449 3362 eausa
467 3311 627 3363 habebatur.
654 3314 723 3362 Part.
742 3325 790 3374 quc
828 3340 854 3349 -
873 3313 908 3362 Ao
923 3312 987 3377 000]
1010 3314 1086 3364 Haud
1106 3314 1181 3364 Turs.
1200 3316 1219 3364 4.
1240 3327 1268 3379 p.
1287 3315 1346 3367 lna:

262 3388 319 3446 nic,
339 3389 368 3438 ut
379 3400 470 3452 saepe,
483 3382 653 3453 ἐπεξηγήσοι
667 3388 785 3439 inservit.
825 3387 889 3440 «Ubi
905 3387 983 3438 alicui
1001 3390 1099 3439 notioni
1116 3388 1165 3439 0440
1183 3402 1255 3453 quae
1273 3402 1350 3455 nega·

264 3490 292 3499 -
310 3463 421 3525 000000]
448 3475 535 3526 «puro
558 3467 586 3511 et
608 3460 678 3511 nulla
699 3462 788 3513 acrbi—
824 3466 869 3513 tur
890 3462 1050 3513 definitionis
1073 3475 1153 3513 causa
1179 3464 1348 3529 adiungenda

263 3537 333 3587 tione
350 3536 446 3598 diluto,
473 3537 584 3601 quovis
604 3536 789 3587 eiussitetfl-
824 3537 940 3601 ideoque
969 3538 995 3588 iu
1024 3550 1110 3601 aequo
1138 3538 1266 3601 ponenda
1295 3540 1347 3589 ast.

263 3611 377 3661 caelum·
397 3614 470 3677 Perp.
483 3610 508 3672 4,
522 3611 568 3661 tc:
587 3609 721 3672 Antieprcr
734 3624 789 3661 mc·
825 3624 886 3663 eam
904 3612 985 3661 Latini
1003 3624 1056 3662 uun
1073 3624 1122 3676 per
1138 3625 1183 3662 nec
1197 3612 1248 3662 sed
1260 3626 1349 3678 perce

262 3685 311 3733 tior
330 3685 429 3735 sortem
450 3698 574 3735 40000000.
608 3685 740 3735 Luciacus
758 3684 789 3734 ἐν
824 3688 1078 3747 contumacium,
1096 3686 1350 3738 cuminterutram-

263 3756 362 3824 Illotp
373 3758 422 3809 it:
441 3755 528 3808 τοῦτο
544 3759 593 3808 nal
606 3754 623 3808 ὁ
635 3756 788 3829 ἐλλέβορος
825 3776 877 3826 que
894 3761 1036 3811 intercedit
1056 3761 1187 3825 oppositio
1208 3764 1300 3823 reeta,
1324 3764 1349 3813 iu

263 3828 364 3895 ἱκανὸς
388 3831 511 3897 ποιῆσαι
535 3831 649 3897 (radam
668 3849 704 3885 00
724 3850 788 3899 μω·
825 3849 877 3899 qua
895 3836 974 3885 etiam
993 3833 1116 3898 copulam
1136 3836 1263 3885 omittere
1279 3836 1347 3887 licet.

262 3908 409 3978 patrona)
435 3904 592 3979 ζωρότερος
619 3910 728 3972 ποθείς.
758 3936 786 3946 -
825 3936 865 3949 --
883 3910 975 3960 Didert
992 3909 1034 3959 hic
1051 3908 1348 3971 ususeverbisatncn,

262 3982 392 4046 occidistis]
419 3982 644 4034 «infelicissimum
662 3996 706 4034 me
723 3983 788 4035 red·
825 3986 887 4047 qnia
908 3984 934 4033 iu
955 3998 986 4033 cc
1002 3998 1053 4034 non
1074 3986 1142 4035 inest
1159 3982 1268 4047 aliquod
1286 3998 1349 4035 000·

263 4057 401 4115 0404044ος»
419 4058 582 4119 0400040000,
599 4072 704 4109 enecare
715 4059 787 4123 apud
824 4058 969 4109 secutiouia
976 4056 1017 4107 vel
1027 4056 1205 4108 conclusionis
1212 4056 1347 4108 indicium.

263 4131 396 4183 comicos.
408 4133 514 4182 Terent.
527 4133 633 4184 phorm.
648 4133 676 4196 4,
693 4134 723 4196 0,
739 4135 785 4184 ct:
824 4135 878 4184 Nos
895 4132 1010 4183 dicimus
1025 4134 1079 4182 aad
1094 4144 1121 4182 00
1136 4132 1221 4193 04044,
1241 4134 1295 4183 rard
1309 4146 1348 4181 ra-

263 4206 340 4266 Gotc,
358 4206 469 4255 0004444044
483 4220 523 4256 me
539 4208 588 4257 4040
602 4208 718 4269 40440000.
823 4208 990 4257 0004040444.»
1009 4207 1048 4257 Gi.
1062 4208 1115 4257 Sat.
1128 4208 1152 4267 4,
1167 4206 1190 4267 3,
1208 4206 1263 4257 tad.
1282 4206 1346 4270 Epp.
