2925 4892
502 390 561 440 bnt.
580 392 611 441 ll.
646 390 746 442 beist.
766 394 795 443 ll.

146 545 307 611 Omnibus
328 544 459 623 oilieiis3
481 544 579 612 cubat
600 546 652 612 bic
674 548 705 611 in
728 548 811 615 colle
833 551 972 629 Quirini,

147 668 208 733 llio
229 677 374 733 extremo
397 668 429 731 in
451 666 621 743 Aventino,
646 668 800 736 visendus
823 680 974 759 uterque;

146 787 317 853 intervalla
338 787 431 854 vides
453 786 594 854 humane
614 792 794 857 commoda.
817 796 999 859 -Verum
1153 798 1194 860 70

144 912 252 974 Purae
273 919 348 974 sunt
368 908 510 996 plateae,
533 909 611 974 nibil
632 920 668 977 ut
688 912 917 979 meditantibus
940 915 1054 982 obstet.
1077 954 1120 965 -
1192 936 1198 957 ·

144 1030 289 1095 Festinat
310 1029 436 1096 calidus
457 1029 552 1095 mulis
574 1031 762 1120 gerulisque
785 1034 986 1122 redemptor,

145 1152 289 1237 Torquet
309 1171 396 1217 nunc
416 1150 571 1238 lapidem,
595 1173 681 1219 nunc
702 1154 816 1241 ingens
838 1156 986 1223 maehina
1012 1158 1148 1244 tignum,

144 1272 259 1338 Tristia
280 1272 422 1338 robustis
444 1273 603 1340 luctantur
624 1274 735 1340 lunera
759 1275 925 1362 plaustris

168 1506 209 1557 68.
231 1508 336 1569 Quirino
352 1508 382 1557 N.
402 1508 533 1559 Heinsius.
555 1536 581 1544 -
601 1509 641 1559 70.
660 1522 746 1559 rerum
763 1524 795 1560 ex
813 1510 903 1561 Bland.
922 1524 975 1562 uno
993 1517 1020 1563 ct
1036 1514 1158 1565 Tonsano

133 1584 163 1632 C.
185 1582 224 1645 [Ui
241 1596 303 1643 nos,
321 1582 411 1645 bScd.)
433 1610 460 1619 -
478 1584 519 1633 rt.
537 1584 627 1649 Ρνναο]
644 1584 730 1634 Plures
746 1586 765 1634 E
783 1588 810 1635 et
827 1586 953 1637 Scbmldii
971 1591 1089 1651 quartus.

98 1786 210 1836 Publica.
225 1814 253 1822 -
272 1785 391 1848 temone]
407 1799 520 1850 prorsus
529 1788 558 1836 ut
569 1786 626 1836 ἐπι·
663 1786 783 1837 dentium
801 1789 962 1851 (symmach.
982 1788 1080 1853 tm),
1102 1792 1188 1845 Paull-

99 1858 183 1923 εικῶς
195 1864 223 1910 et
238 1862 373 1930 μετρίως,
396 1874 446 1925 pro
463 1862 558 1920 «satis,
576 1862 626 1911 ad·
663 1873 727 1910 num
737 1860 875 1911 Nolanum.
888 1888 915 1898 -
928 1864 1039 1913 Festinat
1047 1866 1109 1927 eet]
1123 1868 1189 1917 ulm-

99 1936 225 1992 modum,
244 1934 348 1998 piane.»
366 1936 430 1985 Plat.
448 1937 552 1998 Protag.
565 1936 622 1986 tie.
664 1948 708 1985 mo
724 1937 813 1985 omnia
832 1935 867 1985 ibi
885 1936 1013 1987 turnultus
1024 1937 1129 2002 plenu.»
1147 1943 1187 1991 si-

98 2012 133 2058 b:
161 2005 295 2072 ἐπιεικῶς
322 2005 510 2079 παραπλήσια
534 2003 625 2073 ἀλλή-
663 2008 760 2059 militer
785 2009 927 2060 tumultum
953 2012 978 2059 in
1001 2010 1095 2075 plateis
1113 2013 1187 2073 urbis

98 2082 160 2145 λοις
178 2084 267 2133 ἐστίν.
294 2086 372 2147 Gorg.
394 2084 450 2134 itt.
475 2084 510 2133 C:
545 2077 624 2133 ταῦτ’
663 2084 790 2135 describit
807 2084 972 2147 iuvenalisd,
986 2086 1052 2138 tlt:
1071 2089 1188 2140 lieritbto

97 2158 232 2220 ἐπιεικῶς
246 2160 301 2222 μέν
316 2158 395 2208 ἐστιν
411 2151 469 2208 ried
480 2172 507 2207 τι
518 2151 623 2207 ἄτοπα.
661 2160 757 2219 metito,
775 2160 834 2222 terit
845 2174 929 2210 assere
938 2162 1002 2210 duro
1012 2161 1093 2221 Altam
1111 2168 1139 2213 ot
1148 2164 1188 2214 bic

99 2232 172 2283 Polit.
185 2234 244 2282 tbi.
255 2236 289 2283 A:
307 2228 396 2283 τοῦτο
411 2234 534 2304 μετρίως
550 2228 625 2295 eimi-
661 2235 758 2297 tionem
774 2235 852 2297 eupitt
867 2236 968 2296 incutit,
990 2236 1031 2285 ttto
1046 2242 1185 2289 metretam.

97 2322 205 2373 πηκεν
221 2302 406 2358 ἀπ’ἐκείνων.
427 2311 513 2371 Atque
527 2310 624 2359 eodem
661 2309 768 2372 Pinputo
789 2322 869 2359 crura
885 2310 936 2359 luto
953 2312 1004 2361 cet.
1031 2311 1140 2363 Murtial.
1160 2315 1184 2374 t,

96 2382 177 2447 plane
201 2396 284 2432 sensu
301 2384 364 2432 κατ’
382 2384 527 2451 εἰρωνείαν
543 2383 626 2432 utitur
661 2384 702 2443 22,
716 2384 746 2431 7:
768 2384 864 2445 Vixque
874 2386 951 2433 datur
961 2386 1050 2447 tenpus
1059 2387 1187 2438 mulonem

96 2456 182 2506 verbo
198 2459 341 2505 cormnodte
351 2455 466 2507 Lucilius
482 2458 508 2507 in
521 2457 624 2506 itineris
659 2470 777 2518 mopere
802 2459 940 2519 mutiret,
977 2460 1093 2521 Quaeque
1119 2462 1186 2512 trabi

96 2530 226 2594 reliquiis.
254 2530 321 2579 Vide
345 2531 379 2580 ad
401 2532 453 2580 Sat.
473 2532 503 2589 l,
520 2532 545 2580 t.
571 2532 624 2580 Ex·
660 2531 738 2579 νινίίο
754 2544 886 2581 marmora
901 2532 961 2594 fune
977 2533 1051 2581 uides.
1073 2560 1100 2570 -
1120 2535 1186 2583 cott-

95 2618 167 2655 curs.
182 2618 209 2668 p.
219 2605 276 2653 toa.
295 2605 337 2655 Sic
348 2606 429 2655 etiarn
441 2618 491 2654 nos
501 2604 623 2666 tttbscb,
660 2604 715 2666 dm]
735 2604 837 2655 «studio
854 2603 1011 2655 aedificandi
1022 2607 1147 2657 incensus
1158 2610 1186 2657 et

94 2680 174 2740 sein,
206 2679 372 2729 ctarmont
403 2680 500 2729 eadem
525 2680 622 2738 ironia,
660 2678 738 2728 valde
756 2682 914 2743 occupatus,
941 2680 975 2728 itu
994 2680 1022 2727 ut
1039 2692 1185 2732 occurren-

94 2766 178 2815 quam
195 2752 281 2816 probe
297 2756 434 2817 perspexit
449 2753 624 2817 Gargallusz·
660 2754 727 2803 tium
744 2752 842 2803 nullum
860 2766 952 2803 euram
970 2756 1069 2815 gerat.»
1084 2776 1111 2789 -
1130 2768 1185 2805 mu·

93 2830 151 2878 oedi
177 2830 290 2879 didanze
305 2830 497 2880 Piumoolmente
513 2830 622 2891 comode,
658 2828 849 2892 repenteque]
867 2825 946 2877 ablat.
975 2840 1052 2877 «cum
1068 2827 1185 2880 muliset

94 2905 122 2952 et
139 2903 260 2966 Burgos:
285 2916 321 2964 pa
336 2918 378 2952 ves
394 2916 441 2966 quc
456 2905 484 2953 to
500 2906 623 2953 Mancia
661 2901 780 2953 baiulisn·
810 2905 860 2953 Pro
878 2902 966 2953 dativo
983 2916 1009 2953 v.
1023 2902 1119 2951 calidus
1134 2905 1185 2954 be-

92 2990 198 3039 esmuy
214 2977 306 3027 bonito.
335 2978 443 3028 silentio
455 2982 562 3029 nauseo
574 2980 623 3027 cri·
659 2977 724 3026 bant
742 2976 798 3037 aiii,
825 2979 892 3026 mira
915 2990 977 3026 curn
995 2974 1181 3039 explicatione:

93 3054 211 3101 tioorum
220 3051 389 3103 incredibiles
399 3054 574 3110 coniecturas,
584 3054 623 3102 in·
661 3053 759 3101 «iratus
781 3054 808 3101 et
825 3049 902 3102 mulis
922 3052 950 3101 et
966 3048 1063 3113 gerulis
1081 3064 1182 3116 eosque

92 3130 137 3176 ter
162 3138 231 3188 quas
252 3140 305 3176 unu
323 3126 462 3177 Frbblicbii
479 3128 547 3175 huod
562 3139 623 3175 sone
658 3126 847 3187 verberans,»
876 3124 918 3175 vel
951 3126 1045 3175 etiarn:
1077 3127 1184 3176 «vehe-

91 3202 227 3250 cmnmodo
247 3214 281 3250 eo
298 3202 436 3251 dumtaxat
452 3202 560 3252 nomine
576 3216 621 3251 re·
659 3214 770 3259 mensim
791 3200 823 3249 ci.
843 3199 918 3250 Hand
936 3202 1011 3249 Turs.
1029 3200 1059 3248 ll.
1079 3213 1105 3264 p.
1124 3203 1181 3252 tos.

92 3274 288 3340 prehendenda
307 3279 363 3336 est,
382 3277 454 3340 quod
466 3280 574 3326 amovet
585 3277 622 3325 le-
658 3278 691 3325 nt
706 3275 785 3324 valde
802 3288 907 3334 vereor,
929 3277 958 3323 ut
975 3275 1042 3323 baec
1060 3278 1183 3325 constru-

91 3350 192 3399 stivam
203 3350 357 3419 εἰρωνείαν.
371 3349 424 3400 Cir.
434 3349 527 3400 lucobs
536 3352 619 3400 Lectt.
658 3350 710 3398 ctio
727 3350 823 3397 culidem
839 3348 916 3396 alicui
932 3345 985 3395 ullo
997 3345 1047 3395 alio
1059 3346 1182 3409 exemplo

92 3425 194 3473 venus.
207 3437 234 3487 p.
249 3425 305 3474 itt.
320 3452 348 3460 -
364 3426 453 3474 Veram
468 3424 530 3487 cet]
549 3426 620 3474 llaec
657 3423 758 3472 firmari
775 3423 868 3484 possit.
886 3447 914 3455 —
931 3419 1080 3482 redemptor]
1098 3418 1181 3488 ἐργο-

90 3498 145 3549 sibi
163 3499 222 3561 ipse
240 3501 301 3548 κατ’
319 3500 465 3570 εἰρωνείαν
476 3499 575 3560 obiicit,
592 3502 621 3550 ut
657 3494 762 3558 λίβος,
776 3494 1074 3545 Bauunternebmer.
1094 3493 1141 3541 Od.
1154 3493 1179 3555 ³,

91 3574 184 3623 statim
203 3573 307 3623 refutet.
339 3573 387 3624 Alii
404 3588 453 3638 pro
471 3576 619 3636 interroga·
658 3573 685 3631 t,
704 3571 744 3619 35.

91 3649 166 3697 tione
184 3646 300 3697 babent:
326 3649 442 3699 averum
463 3662 547 3712 purae
565 3648 620 3698 tor·
689 3644 776 3694 73-78.
804 3641 986 3704 requescet]
1006 3642 1180 3705 uTorquendo

91 3725 167 3771 tasse
190 3724 253 3770 sunt
275 3721 397 3785 plateae?
422 3723 527 3773 Minime
543 3732 617 3771 vero.
657 3731 705 3782 per
721 3716 853 3767 trochleas
871 3714 964 3767 attollit
978 3715 1104 3781 lapidem,
1124 3719 1178 3779 qul,

89 3796 223 3845 Festinat»
247 3798 297 3845 cet.
324 3824 350 3832 -
377 3797 473 3860 Ρνναο]
500 3808 619 3845 «vacuae
656 3793 705 3843 nisi
723 3804 864 3853 cavemus,
889 3789 964 3841 facile
983 3804 1031 3841 nos
1048 3789 1179 3841 collidat.»

90 3868 253 3928 obstaculis,
271 3882 337 3919 nou:
357 3883 489 3920 «coenon
508 3869 617 3926 timi,
659 3894 686 3903 -
711 3866 835 3929 robustis]
869 3866 995 3927 «mugnis
1023 3864 1180 3929 largumque

91 3944 139 4000 tl,
151 3944 183 3992 6:
201 3943 382 3993 mmmmm
394 3957 463 4006 puro
478 3944 620 4005 deputasti
656 3941 771 4004 spatium
789 3939 1007 4003 occupantibus.»
1028 3966 1056 3974 -
1079 3940 1178 4002 sunau]

89 4030 193 4079 canopo.
227 4018 277 4078 Qui
302 4019 372 4069 banc
399 4017 617 4081 significationem
657 4015 806 4071 cisatt,
825 4013 908 4073 Mt.
936 4014 988 4062 uEx
1005 4026 1057 4063 una
1075 4012 1179 4078 plateae

91 4090 250 4154 ignorabat,
268 4092 375 4156 scripsit
388 4092 481 4154 ptum.
497 4121 524 4128 -
541 4093 620 4154 plote
657 4092 731 4153 parte
748 4090 858 4138 veniunt
874 4087 979 4149 lunera,
999 4101 1031 4137 ex
1044 4086 1127 4137 altera
1139 4087 1180 4134 in-

89 4166 132 4231 ae]
144 4164 277 4216 >tiaratae
285 4162 358 4228 ὁδοί,
375 4166 521 4232 penultima
533 4166 617 4227 brevi,
657 4166 743 4227 gentio
761 4166 921 4213 rusticorum
933 4161 1050 4227 plaustra
1063 4164 1089 4213 et
1099 4162 1178 4210 vicis-

91 4240 170 4303 longa
182 4240 293 4291 demum
305 4241 376 4305 apud
389 4242 543 4301 Ausonium,
558 4243 621 4291 Pru-
656 4241 706 4290 sim
724 4252 785 4289 sese
803 4238 951 4302 impediunt
964 4238 1045 4301 utque
1056 4236 1176 4298 urgent.»
