2925 4892
507 379 565 430 4444.
586 379 615 428 u.
651 379 788 430 aursni.
1126 377 1189 443 627

146 537 249 604 Gestit
269 535 355 602 enim
370 553 534 600 nummum
555 535 587 600 in
601 533 724 604 loculos
740 536 924 614 demittere,
948 537 1096 624 posthoc
1127 536 1187 602 t75

121 661 304 736 -Securus,
328 657 423 725 cadat
445 679 485 724 an
508 669 597 724 recto
619 668 682 724 stet
702 657 810 724 fabula
831 655 904 723 talo.

146 781 253 859 Quem
274 779 344 846 tulit
365 779 407 846 ad
429 799 560 846 scenam
581 789 716 846 ventoso
741 778 849 845 Gloria
869 798 980 855 curru,

145 901 312 966 Exanimat
332 900 437 968 lentus
459 909 635 987 spectator,
659 899 793 966 sedulus
814 898 920 966 indat:

136 1103 211 1162 quot.
225 1125 251 1134 -
265 1098 329 1148 inde
348 1112 363 1148 a
379 1111 461 1148 versu
479 1099 535 1148 tio.
555 1111 640 1162 usque
657 1097 692 1148 ad
709 1111 735 1146 4.
748 1099 806 1148 249.
825 1097 917 1148 delicit
933 1098 999 1150 Cod.
1012 1100 1041 1149 E.
1057 1127 1085 1137 -
1098 1102 1154 1152 l'i8.

136 1175 216 1222 instat
232 1175 366 1223 Gesnerus
382 1185 398 1222 a
416 1170 558 1222 Collatione
571 1171 693 1230 suriana,
712 1172 805 1236 sicque
817 1173 943 1224 Schmidii
955 1173 1097 1226 secundus.
1118 1176 1158 1236 tut

137 1261 202 1306 nos,
220 1247 303 1297 nostri
321 1249 347 1297 et
365 1247 479 1296 Poitierii
497 1259 604 1306 omnes,
624 1248 677 1296 tres
695 1247 841 1309 Schmidii)

104 1417 138 1466 de
154 1413 283 1466 Atellanis
300 1427 326 1478 p.
342 1413 383 1463 35.
402 1415 482 1476 atque
499 1414 629 1477 imprimis
700 1414 820 1465 tii-i8t.
843 1418 1060 1482 Quantaiitcetl
1077 1421 1191 1472 «Contra

104 1505 130 1554 p.
144 1490 203 1538 itt.
219 1515 246 1525 -
260 1487 375 1537 edacibus
390 1489 417 1536 in
431 1489 560 1552 parasitis]
578 1487 630 1538 'ie-
666 1489 704 1548 ei,
729 1491 775 1551 qui
792 1489 835 1538 vili
853 1491 1017 1553 quaesticulo
1035 1497 1190 1559 contempto

103 1565 172 1614 rent.
185 1563 280 1612 licant.
292 1559 358 1612 Prol.
370 1561 411 1610 st:
424 1563 566 1623 Nesmnpor
575 1575 630 1610 sor·-
665 1575 746 1612 verae
763 1562 848 1614 laudis
865 1567 995 1629 appetens
1008 1567 1105 1618 labnlis
1115 1583 1192 1620 com-

102 1651 149 1688 4444
163 1649 283 1698 mens,
301 1637 477 1696 iratissimum,
495 1637 629 1697 lidacpa·
666 1637 797 1701 ponendis
814 1651 924 1702 operam
937 1639 996 1701 dat,
1015 1641 1096 1692 muita
1107 1645 1193 1708 impe-

103 1713 211 1771 raritas,
229 1711 383 1772 mwoplanta
396 1715 481 1758 aaran
491 1711 628 1771 impudens,
666 1711 785 1762 dimenta
802 1713 873 1776 apud
890 1727 939 1764 nos
955 1716 1107 1778 superanda
1120 1719 1190 1779 sunt,

103 1787 204 1838 Avarus
214 1786 279 1846 leno,
292 1785 489 1848 assidasopeudi
500 1785 549 1834 sint
559 1784 627 1832 mili.
666 1799 737 1850 quae
748 1787 870 1837 oriantur
880 1801 912 1838 ex
925 1792 1106 1853 spectatorum
1118 1792 1193 1855 ipso-

106 1891 133 1899 -
151 1859 233 1923 socco]
259 1857 420 1909 Comoedias
441 1871 525 1908 nocetis
545 1871 630 1922 oppo·
666 1873 726 1910 rum
752 1862 888 1924 perversis
905 1863 1007 1914 indiciis
1024 1877 1056 1914 ac
1081 1865 1191 1925 studiis;

103 1938 176 1986 nitur
194 1933 347 1997 tragoediae
363 1934 484 1982 rotimus
501 1935 530 1982 Α.
546 1935 574 1982 Ρ.
587 1931 628 1982 84).
666 1937 793 1999 quocirca
809 1935 962 1987 mirandum
979 1950 1031 1988 non
1045 1941 1098 1998 est,
1117 1941 1138 1990 si
1149 1939 1192 1990 his

102 2013 173 2071 lam,
193 2009 240 2072 qui
257 2008 343 2058 soccis
359 2021 409 2057 noo
421 2007 484 2057 satis
495 2005 630 2064 adstrictis.
667 2010 834 2073 temporibus
859 2012 938 2073 pauci
962 2015 1025 2062 sunt
1041 2014 1084 2074 (nt
1098 2011 1191 2073 Pollio,

103 2083 152 2134 sed
170 2083 239 2133 lanis
251 2079 441 2145 (scliottrip)
452 2079 566 2139 incedit,
585 2091 631 2128 ne-
667 2084 775 2143 Varius‚
794 2084 966 2147 Fundanius),
988 2087 1033 2149 qni
1049 2086 1193 2149 tragoediis

104 2157 250 2222 gligentem
260 2159 287 2206 ei
295 2157 422 2206 rusticum
433 2169 462 2206 se
473 2167 533 2206 esse
543 2157 632 2204 osten·
667 2158 870 2221 comoediisqua
878 2159 1027 2211 scribendis
1033 2159 1131 2211 multas
1137 2174 1194 2212 mo·

104 2233 150 2282 dit.
181 2233 245 2281 Sine
272 2231 385 2293 imagine
411 2227 541 2291 significat
562 2229 629 2278 rude
666 2231 759 2284 lestias
775 2234 912 2284 incurrere
929 2233 1025 2294 velint3
1051 2247 1101 2298 ego
1119 2238 1192 2285 certe

104 2321 136 2358 ac
161 2303 323 2356 dissolutum
349 2303 454 2354 dicendi
478 2315 577 2365 genus,
604 2303 631 2351 et
667 2319 806 2371 nunquam
829 2308 961 2370 adducar,
988 2311 1018 2357 ut
1038 2309 1090 2359 hoc
1107 2321 1192 2372 genus

104 2381 193 2432 omnis
219 2379 325 2443 generis
345 2378 407 2427 vitia
426 2379 506 2439 atque
524 2387 631 2426 errores
667 2385 807 2432 tractem.»
832 2382 958 2432 Ceterum
976 2383 1038 2432 hine
1054 2396 1141 2446 usque
1157 2381 1193 2432 ad

104 2458 129 2507 in
139 2453 262 2507 mor-ihus
275 2452 408 2503 imitandis
420 2452 588 2502 commissos.
602 2477 628 2486 -
667 2469 694 2505 v.
715 2457 774 2506 2⁴3.
801 2455 835 2505 da
861 2455 995 2518 tragoedia
1024 2457 1192 2520 potissimum

104 2531 182 2580 Gmtit
200 2529 265 2590 cet]
282 2528 359 2577 «Non
377 2525 447 2575 enim
465 2524 550 2574 laudis
567 2527 633 2588 poit-
668 2530 729 2592 agit.
754 2557 781 2565 -
804 2529 900 2592 Gloria]
926 2528 982 2578 Noli
1000 2529 1113 2580 credere
1130 2543 1193 2580 cum

104 2607 172 2655 ticae
200 2613 280 2651 causa
307 2599 407 2662 antiqui
432 2597 481 2658 illi,
507 2596 630 2658 Plautus,
669 2601 1192 2666 nonnullisabiioratioreprehendieos,

103 2681 278 2736 Dossennum,
305 2673 360 2732 illl.
383 2671 537 2723 00m00dl⁰⁵
555 2683 633 2721 0044]-
669 2677 714 2742 qui
736 2677 819 2726 laudis
839 2679 916 2725 avari
931 2677 966 2725 ad
983 2690 1094 2728 scenam
1111 2690 1193 2728 acce-

104 2753 267 2820 posuerunt.
286 2749 334 2799 sed
352 2748 413 2798 idtio
430 2747 580 2805 dwianii,
603 2747 632 2794 ul
669 2753 748 2810 dant;
768 2753 856 2800 *immo
882 2753 1054 2814 opponuntur
1077 2750 1104 2800 hi
1129 2753 1194 2801 lum

104 2839 188 2894 quam
214 2825 330 2889 primurn
357 2820 459 2872 fabulas
483 2821 633 2870 venderent
668 2827 773 2888 cupidis,
800 2824 885 2874 Gloria
911 2825 990 2887 igitur
1011 2825 1062 2875 dea
1084 2828 1193 2888 podiam

104 2900 265 2953 aeduinum·
278 2923 307 2935 -
320 2897 421 2961 lowlot]
440 2892 577 2958 «capsulas
592 2905 634 2942 ³⁸·
669 2913 750 2950 verae
776 2898 861 2949 laudis
889 2899 997 2949 aridum
1023 2900 1057 2948 ad
1083 2911 1194 2950 scenam

105 2975 258 3028 servandfiss
275 2973 405 3036 pecuniae
417 2970 588 3020 destinatas.»
602 2993 630 3004 -
669 2975 734 3034 ieri,
758 2973 785 3023 id
808 2976 865 3034 est,
896 2972 930 3022 ad
951 2972 1054 3024 fabulas
1076 2975 1194 3024 conscri-

104 3057 160 3114 post
180 3051 228 3099 loc
250 3046 313 3110 cel]
339 3047 401 3095 Posi
419 3043 524 3094 lucrum
542 3044 632 3092 aulem
669 3049 773 3103 bendas
794 3049 905 3107 excitat;
932 3048 982 3098 sed
1006 3061 1068 3098 cum
1084 3049 1142 3112 ipsa
1161 3049 1194 3098 sii

106 3126 248 3188 implum
281 3131 377 3185 pamm
406 3117 508 3168 ³⁰¹¹¹0ffi
541 3119 630 3177 944144,
667 3129 803 3174 ventosas.
815 3123 981 3183 inconstans,
999 3121 1080 3182 levis,
1094 3123 1192 3186 quippe

106 3205 197 3252 ulrum
209 3196 315 3248 tabulae
326 3196 455 3255 cadmi,
475 3191 501 3242 ld
513 3193 564 3253 0⁸²1
584 3203 631 3240 0¹·
669 3211 739 3262 qnae
756 3211 772 3246 a
788 3195 963 3246 multitudinis
984 3209 1066 3261 saepe
1083 3196 1193 3260 imperi-

107 3273 290 3338 ploderenlur‚
305 3267 514 3331 (alissimus.)
532 3279 566 3315 ⁰1¹
578 3269 640 3334 ilar
668 3275 711 3323 iae
729 3271 839 3320 arbitrio
850 3269 977 3334 pendeat,
996 3267 1192 3318 nocentiores

106 3352 163 3398 mit
186 3347 214 3395 in
238 3355 332 3402 scena,
360 3341 433 3405 quoa
455 3345 497 3392 est
518 3338 630 3389 verbum
669 3348 726 3396 eius
744 3345 832 3394 currui
850 3343 981 3393 tribuitur.
1013 3341 1116 3392 cusae
1132 3355 1193 3391 aar·

95 3421 246 3486 'proprium
264 3417 299 3467 de
315 3417 346 3467 iis
363 3413 471 3476 fabulis,
495 3425 564 3478 quae
581 3423 632 3476 po·
667 3433 726 3469 m
740 3419 874 3482 saipmtem
888 3415 1004 3464 uidimus
1021 3415 1073 3463 iam
1092 3416 1144 3464 Sat.
1162 3417 1190 3475 l,

107 3495 169 3560 pulo
192 3491 300 3557 placent
322 3491 529 3554 frequenterque
550 3501 632 3552 repo·
669 3495 695 3554 6,
719 3493 759 3542 23.
795 3489 918 3540 Similiter
944 3487 1095 3539 Simonides
1120 3489 1191 3538 Ceus

107 3571 228 3621 scantur.
255 3568 360 3616 Terent.
382 3567 446 3616 lieo.
463 3563 533 3615 Prot
551 3565 580 3626 i,
599 3563 629 3612 7:
669 3563 832 3617 schneider.
853 3562 910 3613 Dei.
930 3576 957 3626 p.
976 3561 1038 3611 iis:
1058 3555 1190 3625 Εὐδόξου

105 3647 152 3695 oio:
168 3643 224 3694 stati
242 3643 315 3704 (ego,
334 3641 426 3702 idest,
445 3639 551 3703 fabula).
574 3639 629 3690 Cic.
668 3641 760 3702 Νίκας
776 3631 886 3704 ἀγλαὸν
902 3627 969 3706 ἄρμ’
986 3633 1100 3701 ἐπέβης.
1128 3637 1190 3687 Pin-

107 3720 180 3770 Oral.
198 3717 246 3778 28,
264 3715 311 3766 98:
329 3729 436 3780 4444944444
452 3717 553 3775 mator,
570 3713 633 3761 --ti
668 3714 725 3765 dar.
742 3711 835 3763 isthm.
847 3712 873 3770 2,
886 3714 914 3760 i:
933 3709 964 3759 ol
972 3705 1190 3777 χρυσαμπύκων

108 3793 183 3843 sonet
193 3791 523 3852 constiterit,nunqaam
534 3789 629 3839 cadet.
665 3783 711 3850 Ἐς
732 3785 835 3856 δίφρον
852 3783 967 3835 Μοισᾶν
982 3781 1109 3845 ἔβαινον.
1136 3786 1190 3835 Ea-

108 3866 147 3918 Ci.
161 3867 215 3916 Sat.
229 3867 253 3926 4,
267 3866 307 3925 444,
322 3866 361 3915 i't.
377 3893 404 3902 -
418 3861 633 3928 ractotal01rflr-
666 3864 716 3926 rip.
737 3863 814 3911 llere.
833 3860 956 3910 lur.780:
983 3853 1126 3931 ἔθραυσεν
1143 3852 1193 3910 ὅλ-

106 3942 219 3998 miter,·
253 3941 283 3988 nt
310 3939 380 4003 apud
408 3941 524 3988 Graecos
552 3931 631 4006 ὀρθῷ
667 3935 723 3997 βου
741 3929 874 3984 κελαινὸν
891 3927 979 4002 ἅρμα.
1001 3961 1027 3970 -
1046 3935 1191 3996 masopa-

106 4007 236 4074 ἔστασας
258 4011 305 4062 ἐπὶ
322 4011 424 4084 σφυρῷ
445 4011 518 4062 Pind.
538 4012 629 4062 lsihm.
667 4009 757 4074 ctator]
777 4012 965 4074 «spectatores
978 4008 1094 4072 languidi
1106 4011 1191 4060 etmi-

107 4089 138 4146 6,
157 4087 216 4146 ln,
238 4079 317 4154 ὀρθῷ
334 4083 422 4152 βῆναι
440 4084 506 4136 ποδί
516 4123 522 4146 ,
542 4085 630 4148 Eurip.
668 4088 740 4136 nime
758 4085 850 4134 attenti
869 4087 975 4148 potitam
993 4085 1148 4134 contristant
1164 4086 1192 4132 et

107 4158 202 4210 licien.
217 4159 289 4210 iiis.
310 4163 382 4210 Pers.
396 4163 426 4221 4,
439 4159 501 4211 tot:
519 4163 586 4210 racto
596 4159 633 4208 oi·
669 4162 784 4224 angunt,
803 4159 1031 4222 quemadmodum
1042 4157 1087 4221 qui
1098 4155 1191 4206 intenti

107 4247 166 4284 uero
182 4233 242 4284 tolo.
669 4237 730 4284 sunt
747 4235 774 4283 et
789 4230 891 4282 alacres
909 4233 1026 4281 animam
1044 4231 1068 4281 ei
1090 4229 1191 4280 addunt
