2925 4892
523 339 582 390 un.
601 341 621 388 l.
656 339 755 390 misr.
774 341 816 389 lv.

172 497 316 561 Omnem
339 493 438 560 crede
460 493 547 561 diem
569 494 626 561 tibi
649 493 804 562 diluxisse
827 516 1031 582 supremum:

172 615 271 682 Grata
295 615 516 704 superveniet,
541 635 627 704 quae
649 637 714 681 non
737 616 936 704 sperabitur,
959 616 1049 684 bora.

170 737 220 802 lle
244 737 399 824 pinguem
421 743 453 801 et
473 736 609 802 nitidum
632 737 715 803 bene
739 747 851 804 curata
873 747 946 804 cute
967 739 1071 814 vises,
1180 737 1221 803 45

170 858 253 924 Cum
276 856 385 923 ridere
407 855 497 923 voles
521 857 651 946 Epicuri
674 856 716 924 de
739 878 838 944 grege
859 879 1006 946 porcum.

161 1047 241 1096 ducta
260 1059 293 1096 ex
311 1045 442 1096 Codicum
458 1044 603 1096 multorum
622 1046 656 1109 (ρ,
674 1044 768 1111 driu),
787 1046 869 1096 stiam
885 1046 1018 1108 Pollioni,
1037 1047 1188 1112 corruptela

160 1123 192 1172 Et
206 1123 299 1171 modste
314 1125 337 1170 44
347 1121 439 1179 eloim
457 1119 543 1170 nostri
555 1121 680 1184 quattuor
698 1119 788 1182 (bScE)
807 1121 834 1169 et
845 1119 957 1170 lotidem
968 1120 1086 1171 Potlierii
1097 1133 1190 1173 veram

162 1197 272 1246 tuentur
289 1193 442 1245 lectionem,
462 1219 491 1230 -
510 1194 627 1244 cumbra
645 1195 664 1244 E
682 1195 710 1244 et
726 1193 827 1258 aliquot
843 1194 961 1246 Obbarii.
982 1223 1010 1232 —
1028 1197 1076 1246 vv.
1091 1195 1188 1248 42-44.

159 1269 193 1320 ad
212 1282 275 1320 eam
293 1270 440 1329 rationem,
466 1281 548 1330 quam
565 1266 656 1318 Daniel
678 1268 803 1318 Heinsius
825 1270 960 1320 interdum
977 1271 1054 1333 sequi
1071 1268 1188 1330 solebat,

161 1345 204 1394 hic
222 1341 356 1393 delendos
372 1355 404 1392 ac
421 1341 636 1408 transponendus
653 1355 714 1394 esse
726 1343 754 1394 io
765 1343 846 1408 Epist.
860 1343 885 1394 3.
898 1347 960 1410 post
970 1357 996 1394 v.
1011 1345 1051 1394 49.
1065 1345 1190 1409 opinatus

161 1421 203 1468 est
220 1417 363 1468 Schdtzius
381 1417 408 1467 in
425 1417 538 1482 Opuscc
557 1429 583 1480 p.
603 1415 661 1467 334.

127 1585 179 1636 lam
196 1583 410 1649 praecedentem
428 1583 462 1634 ad
480 1582 585 1634 Florum
596 1585 658 1647 post
693 1582 859 1648 platoceros
870 1587 897 1634 44
905 1581 1052 1645 βιώσεται.
1077 1585 1153 1638 Adde
1165 1587 1219 1642 Sat.

127 1661 207 1711 449.
237 1657 314 1710 Alius
331 1671 423 1710 rursus
435 1657 543 1708 volebat
557 1671 659 1708 corsart-
694 1660 723 1719 4,
743 1659 774 1720 6,
793 1659 825 1708 98
836 1671 915 1723 sqq.»
939 1659 1224 1721 irminsul-ao-

127 1739 206 1796 ouest
217 1746 328 1784 4444444.
340 1759 368 1770 -
379 1733 509 1795 diarius]
521 1731 567 1782 Est
580 1734 659 1782 Grae-
691 1733 829 1796 44444444]
848 1733 974 1798 «iusuper
994 1735 1076 1797 atque
1097 1734 1224 1798 inexspe-

128 1822 222 1860 ccrum
247 1801 493 1872 ὑπεμφσλνεσθαι.
529 1805 658 1869 (usignifl-
696 1809 766 1858 cteta
783 1806 831 1857 tibi
847 1807 998 1858 adveniet.»

127 1885 204 1932 cetur
230 1883 284 1932 hoc
301 1880 387 1932 verbo
406 1882 514 1946 propria
537 1879 565 1930 id
587 1883 658 1930 tem·
729 1882 770 1930 ts.
784 1882 824 1932 to.
851 1883 894 1932 444
910 1883 1032 1945 44444444
1052 1880 1223 1945 4441444444

127 1969 192 2022 pus,
211 1969 269 2020 quo
287 1957 343 2006 tam
360 1954 431 2006 clara
443 1953 486 2006 lux
499 1957 550 2014 est,
569 1959 598 2004 ut
614 1967 658 2005 res
696 1957 754 2020 ipsa
775 1958 921 2020 praecepta
942 1958 1052 2008 4444444
1068 1969 1113 2006 me
1131 1959 1222 2020 sequi,

127 2031 250 2094 dignosci
268 2031 380 2094 possint.
410 2031 465 2081 Cio.
484 2027 594 2093 Philipp.
609 2029 656 2088 la,
695 2029 782 2081 sicubi
798 2043 832 2080 ex
847 2030 956 2094 regione
969 2030 1075 2080 Pedana
1086 2031 1113 2081 in
1125 2030 1224 2083 Urbem

127 2109 155 2165 4,
173 2107 203 2156 5:
227 2105 350 2154 04444444
366 2109 401 2154 est
417 2104 463 2154 4444
478 2103 572 2166 calloo,
591 2101 659 2152 4444-
695 2105 817 2165 veneris,
834 2104 939 2154 videbis
955 2103 999 2154 vel
1011 2117 1045 2154 ex
1056 2103 1123 2155 lacte
1135 2117 1222 2156 mea.»

126 2183 179 2240 444,
194 2184 284 2242 polet,
302 2179 413 2228 4444444
430 2177 524 2227 molo.
553 2176 592 2226 ld.
607 2177 659 2226 Ca·
696 2178 920 2240 iticinascoam,
938 2179 1225 2242 qtlodraliflunlnon-

128 2254 164 2304 444.
177 2255 210 2315 3,
229 2252 256 2303 3.
277 2253 332 2302 Liv.
346 2252 392 2313 36,
404 2251 464 2302 ll.»
482 2250 611 2314 4444444.)
629 2251 659 2300 lo
696 2250 773 2314 nulli,
796 2252 940 2315 Tibullum,
968 2255 997 2303 44
1013 2253 1049 2304 ad
1069 2253 1157 2317 ipsum
1174 2266 1224 2303 ve-

127 2342 209 2394 prosa
227 2328 349 2380 oratione
365 2339 430 2377 sane
447 2324 570 2376 usitatius
587 2327 660 2375 esset
697 2327 764 2385 4444,
782 2327 882 2377 invitat.
919 2327 1027 2377 sueton.
1046 2328 1097 2378 vu.
1115 2329 1221 2378 Horat:

126 2404 256 2462 4444444444,
282 2400 354 2451 unde
371 2401 490 2450 Muretus
508 2399 659 2450 archaismc
696 2399 791 2450 4144444
806 2402 920 2464 emporis
935 2401 1016 2451 bracis
1028 2401 1164 2464 1444444444
1179 2400 1224 2450 44-

127 2480 154 2528 44
174 2477 287 2528 Horatio
305 2475 414 2526 minime
437 2472 568 2524 tolerabili
585 2473 660 2524 uole-
697 2487 774 2524 esus.
803 2503 831 2512 -
857 2475 973 2537 44444444]
1000 2477 1111 2539 propter
1138 2475 1224 2540 ipsam

128 2552 175 2604 bat
200 2551 265 2601 libid
289 2549 660 2600 4444444441444444444444
697 2548 896 2614 pinguedinem.
926 2550 979 2599 Sat.
1001 2551 1033 2610 2,
1059 2551 1089 2608 4,
1116 2550 1172 2600 448.
1193 2573 1221 2586 ·

20 2629 21 2642 ¹
128 2627 293 2678 sententiam
325 2625 361 2674 ita
394 2625 526 2688 expressit
558 2623 659 2674 Seneca
697 2627 790 2673 444444
805 2622 868 2686 oute]
886 2623 952 2687 Epp.
967 2624 995 2682 4,
1014 2623 1045 2683 4,
1063 2623 1105 2672 48.
1126 2637 1225 2685 -ρωι

128 2702 211 2766 Epist
234 2701 275 2750 444.
292 2699 374 2749 extr:
398 2699 463 2748 Ecce
478 2697 517 2748 lo'c
533 2698 585 2748 dios
599 2698 661 2748 4444-
698 2695 770 2760 cum]
793 2697 953 2748 luncceuler
973 2696 1031 2759 (coo
1049 2697 1129 2746 molto
1144 2697 1225 2747 bonor

129 2789 186 2827 4444
203 2781 256 2826 est:
281 2779 311 2824 44
325 2789 376 2824 oco
392 2774 435 2834 444,
454 2785 535 2836 prope
551 2773 584 2822 ob
600 2773 661 2822 4444-
697 2771 764 2822 444444
781 2771 873 2822 dicum
892 2769 957 2832 itali)
975 2771 1079 2820 iocatur
1094 2771 1121 2819 in
1137 2774 1226 2822 semet

128 2865 170 2901 mo
190 2855 236 2900 sat.
258 2876 286 2886 -
311 2849 393 2899 Grata
417 2847 572 2910 4444444444
597 2849 659 2910 cet]
699 2847 797 2911 ipsum.
836 2845 1040 2908 Comparatione
1066 2845 1116 2895 ista
1143 2847 1225 2909 petita

129 2926 271 2976 llusouius
292 2922 365 2987 apud
389 2921 462 2972 Stob.
484 2921 532 2972 Tit.
554 2919 584 2981 4,
611 2921 658 2972 83:
698 2920 836 2982 apscede,
859 2919 901 2968 coi
917 2919 1017 2968 4444444
1033 2920 1108 2969 dmm
1124 2925 1161 2970 est
1172 2933 1223 2982 pro

130 2993 191 3050 Οὔκ
207 2991 273 3049 ἔστι
283 2993 337 3060 τὴν
348 2995 534 3062 ἐνεστηκυῖαν
546 2990 659 3065 ἡμέραν
696 2995 762 3056 ecla,
780 3008 812 3044 oe
823 2997 940 3056 44444444
957 2993 1021 3057 (Cic.
1040 2992 1075 3043 de
1098 2993 1171 3045 lion.
1190 2995 1222 3056 4,

129 3069 227 3134 καλῶς
255 3065 378 3132 βιῶναι,
406 3065 449 3136 μὴ
478 3069 660 3140 προθέμενον
697 3069 743 3128 43,
764 3067 826 3130 38),
848 3068 938 3118 invebl
955 3065 1079 3118 solebant
1100 3069 1180 3118 Stoici
1196 3070 1224 3120 ln

129 3143 224 3215 αὐτὴν
240 3142 283 3210 ὥς
298 3143 426 3212 ἐσχάτην
441 3143 559 3206 βιῶσαι.
589 3145 656 3196 Plut.
696 3143 866 3193 adversarios
888 3153 961 3192 suos.
991 3141 1046 3192 Cic.
1066 3143 1154 3192 Plsou.
1174 3142 1221 3203 44,

129 3227 163 3278 de
182 3229 274 3285 tranq.
296 3234 339 3271 an.
362 3222 405 3272 lii:
432 3214 462 3270 Ὁ
482 3217 535 3284 τῆς
556 3213 659 3290 αὔριον
695 3217 742 3266 34ε
769 3217 878 3279 Epicure
898 3221 994 3277 occur,
1020 3229 1054 3266 44
1074 3216 1141 3266 loro
1158 3229 1225 3278 pro-

129 3293 240 3366 ἥκιστα
256 3293 406 3360 δεόμενος,
424 3290 464 3357 ὥς
480 3309 573 3360 φησιν
580 3287 659 3346 'Eul-
695 3292 781 3352 ducta,
793 3305 845 3341 coo
855 3291 988 3341 44444444.
1014 3292 1102 3352 Atque
1113 3291 1222 3342 omnino

130 3387 255 3445 κουρος,
290 3363 395 3434 ἥδιστα
427 3365 560 3440 πρόσεισι
586 3364 659 3440 πρὸς
694 3367 721 3416 in
732 3365 829 3416 talibus
841 3364 995 3424 liberiores,
1013 3361 1070 3423 vel,
1089 3365 1112 3413 si
1123 3365 1223 3432 mavis,

130 3447 183 3514 τὴν
200 3441 315 3517 αὔριον.
344 3446 449 3495 Terent.
463 3445 571 3495 Phorm.
584 3445 612 3506 4,
631 3443 656 3506 8,
694 3441 852 3492 audaciores
874 3439 953 3489 nobis
976 3437 1083 3488 luerunt
1105 3437 1222 3500 antiqui3

130 3526 176 3576 st:
206 3521 336 3586 04444444
347 3524 452 3582 praetor
466 3532 536 3582 spem
551 3519 657 3580 4444444,
695 3517 734 3567 sic
752 3516 846 3566 Cicero
867 3526 898 3564 se
920 3513 978 3576 ipse
1001 3511 1102 3561 4444444
1119 3525 1223 3575 pm

131 3611 203 3648 44444
214 3594 376 3658 4444444444
387 3593 562 3646 4444444444.
581 3591 659 3644 Plura
694 3603 756 3640 oum
771 3591 851 3639 vocat
867 3587 902 3638 ad
921 3588 974 3637 All.
987 3585 1016 3646 l,
1033 3587 1067 3648 44,
1085 3585 1110 3636 3.
1129 3589 1159 3637 et
1179 3590 1223 3639 Pi-

133 3674 214 3724 etism
225 3670 278 3722 loci
289 3669 401 3720 huiusce
410 3667 561 3718 communis
570 3679 660 3717 exem·
696 3675 792 3714 sonem
804 3663 859 3726 (30,
872 3662 923 3725 73.)
936 3661 971 3712 ita
982 3659 1137 3724 allomritor:
1158 3663 1224 3726 0444

133 3745 268 3812 plaanert
284 3742 427 3796 Obbarius.
457 3741 660 3806 (4444444444-
694 3752 762 3788 4444
773 3742 809 3799 lo,
829 3739 912 3798 44444,
931 3736 1028 3788 litteras
1037 3735 1160 3787 44444444
1175 3739 1224 3790 Te·

133 3821 186 3872 lem
212 3818 310 3872 similia
329 3817 475 3868 docentem
500 3830 543 3881 ap.
567 3815 657 3880 Eurip.
696 3814 786 3864 uerior
802 3812 829 3861 in
846 3810 957 3873 talibus,
975 3825 1044 3876 quas
1060 3813 1153 3870 vocat,
1170 3826 1223 3876 pa-

134 3895 231 3947 Alcest.
251 3895 313 3946 782:
338 3893 460 3964 Bposolc
476 3883 568 3942 ἅπασι
589 3905 659 3940 κατ·
695 3883 844 3952 sulpurea
860 3886 909 3937 iuit
930 3886 984 3938 iam
1005 3886 1179 3946 Quintilianus
1196 3888 1221 3948 8,

134 3970 233 4020 θανεῖν
245 3963 408 4031 decollatus,
421 3959 502 4018 Ketis
518 3959 660 4032 ἔπιθνη-
697 3965 725 4025 6,
749 3963 793 4013 34;
819 3963 872 4013 Nos
894 3961 950 4022 4444
970 3959 1051 4023 smol,
1076 3961 1098 4011 ιν·
1123 3962 1223 4012 Verrem

135 4041 190 4095 νῶν
203 4037 285 4108 ὅστις
296 4039 478 4108 decolorares
489 4035 549 4106 Τὴν
558 4033 659 4112 αὔριον
696 4051 780 4088 soem
790 4063 805 4074 ·
816 4063 830 4074 -
841 4035 1015 4088 4444444444
