2925 4892
625 358 755 412 ttoaatu
771 360 952 412 statuentia

292 942 346 1008 Sic
367 959 441 1006 raro
468 937 598 1014 scribis,
621 947 657 1004 ut
678 946 745 1003 toto
767 957 832 1001 non
853 945 969 1023 quater
990 955 1074 1002 anno

289 1061 507 1130 Membranam
528 1079 660 1146 poscas,
684 1059 879 1145 scriptorum
902 1076 1053 1144 quaeque
1077 1065 1242 1133 retexens,

312 1241 380 1292 SAT.
399 1241 442 1291 lll.
478 1240 502 1288 l.
521 1237 563 1288 Sic
578 1250 643 1287 raro
659 1237 746 1286 sellu
763 1237 814 1298 Scp
832 1236 860 1284 et
877 1247 946 1284 corr.
965 1231 998 1295 b,
1017 1235 1082 1285 item
1099 1235 1162 1286 Ltl':
1189 1236 1217 1286 Si
1234 1251 1299 1287 raro

277 1315 365 1365 mltis
381 1313 464 1365 codd.
478 1311 597 1363 Blandin.
612 1313 640 1361 et
649 1324 690 1375 pr.
703 1310 736 1372 b,
755 1311 783 1360 Sl
793 1323 857 1360 raro
867 1309 980 1360 met·
990 1307 1073 1372 -qulil
1087 1308 1149 1372 tlet?
1167 1309 1300 1362 eduohus

276 1388 416 1441 Pulmauni
431 1385 566 1438 Bentleius
583 1389 611 1436 et
627 1386 661 1438 it.

276 1541 318 1590 111.
346 1539 419 1589 llaec
435 1537 516 1587 satira
533 1535 694 1599 colloquium
706 1547 770 1585 oon·
806 1545 839 1583 ex
855 1531 900 1583 tali
917 1531 1019 1583 desidia
1031 1531 1161 1583 critarum
1173 1533 1214 1584 slt.
1249 1535 1335 1584 Prae-

241 1616 310 1665 tlnet
324 1613 420 1678 posue
437 1610 684 1676 cumllamasippo,
702 1608 769 1659 ridi·
805 1610 880 1659 terea
902 1608 1002 1673 optime
1025 1606 1077 1657 sihi
1101 1607 1266 1672 respondent
1289 1609 1336 1659 Sic

242 1687 303 1739 culo
319 1687 443 1747 homine,
462 1687 508 1748 qui
525 1699 587 1735 cum
603 1697 654 1748 per
664 1695 769 1734 merca·
803 1687 943 1742 roro-ut,
969 1694 1031 1731 cum
1052 1681 1079 1731 iu
1103 1682 1191 1734 media
1213 1682 1335 1734 clausula

239 1767 330 1814 mrem
346 1774 405 1812 rem
416 1759 573 1812 familiarem
584 1759 769 1822 consumpsis-
804 1770 935 1822 perquam
953 1755 1020 1806 dura
1037 1755 1072 1806 sit
1088 1757 1197 1807 omissio
1213 1757 1336 1820 perticu-

241 1841 297 1897 set,
316 1835 380 1886 nihil
396 1837 451 1886 iam
467 1833 538 1886 aliud
555 1834 665 1898 agebat,
685 1844 768 1896 quam
805 1831 845 1883 lae
863 1834 934 1882 adeo.
971 1831 1090 1896 (Delendi
1107 1835 1199 1896 posset
1210 1846 1243 1882 ex
1254 1833 1337 1884 Bent-

240 1914 271 1963 ut
291 1913 378 1962 Stoice
401 1909 487 1962 barba
511 1911 539 1960 et
559 1908 646 1961 abolla
669 1920 769 1971 super·
804 1905 847 1957 ieii
859 1907 992 1958 sententia
1004 1907 1084 1957 etiarn
1101 1907 1168 1956 haec
1180 1905 1269 1958 lectio:
1289 1907 1336 1956 Sic

239 1984 318 2035 hiens
341 1983 568 2034 circumforaneus
593 1981 767 2046 philosophus
802 1995 866 2031 raro
883 1981 987 2044 sotim,
1000 1981 1190 2031 nt---eanaat
1202 1981 1338 2046 oiddflet?

240 2057 341 2122 ubique
370 2061 460 2108 sectae
492 2069 557 2108 snae
591 2055 719 2106 formulas
751 2068 766 2104 a
803 2057 903 2108 Verum
926 2058 953 2106 in
976 2059 1090 2120 utraque
1114 2057 1250 2106 rationes
1272 2056 1338 2106 Bri-

240 2132 378 2193 stertinio,
391 2133 544 2196 importuno
556 2128 702 2193 aretalogo,
715 2128 767 2180 sibi
804 2134 885 2182 tanno
901 2132 1039 2196 proposita
1056 2131 1144 2181 laturo
1161 2130 1237 2180 verbi
1261 2133 1336 2180 tem-

240 2206 351 2257 traditas
376 2205 540 2256 decantaret.
588 2206 665 2255 llunc
689 2205 768 2266 igitur
804 2219 869 2272 pore
886 2207 965 2258 nimis
989 2205 1085 2256 lenitur
1102 2206 1332 2270 reprehensionis,

238 2280 433 2345 Damasippum
460 2278 562 2330 inducit
594 2282 673 2343 po‘eta
701 2281 766 2343 ipsis
804 2294 874 2345 quae
882 2281 909 2330 in
917 2282 1053 2346 praesenti
1066 2282 1147 2340 inest,
1166 2280 1333 2340 acrimonia.)

239 2355 423 2406 Saturnalibus
440 2356 467 2405 in
483 2354 574 2407 uillam
590 2354 716 2406 Sabinam
733 2356 768 2404 in
836 2356 893 2409 t-i.
920 2357 1103 2422 sennonem]
1128 2358 1170 2408 «tn
1192 2369 1272 2420 mam
1298 2369 1335 2408 ex

238 2431 364 2482 ruentem
389 2432 418 2480 et
445 2430 619 2481 acerbissima
650 2443 699 2482 sua
723 2429 766 2480 vel
804 2430 907 2483 tabellis
919 2432 1005 2483 cereis
1016 2430 1058 2482 vel
1068 2432 1149 2483 etiam
1158 2431 1335 2496 palimpsesto

238 2505 328 2569 potius
356 2507 471 2557 Stertiuii
498 2507 616 2570 magistri
647 2507 766 2556 oratione
803 2506 981 2558 transscribas
998 2507 1096 2571 scripta
1115 2509 1186 2558 tua.»
1212 2533 1239 2542 -
1263 2511 1335 2556 rete-

239 2583 326 2631 totum
342 2593 428 2645 genus
438 2582 601 2642 humanum,
620 2582 714 2632 Stoicis
725 2594 767 2632 sa·
802 2582 874 2644 mita]
889 2595 929 2646 pr.
944 2580 1041 2631 «telam
1053 2580 1221 2643 resolvam,-
1240 2580 1333 2642 idest,

238 2655 375 2721 pientibus
398 2657 530 2721 exceptis,
557 2655 697 2718 stultitiae,
725 2659 768 2706 at-
804 2669 890 2719 aqnae
916 2655 1004 2708 minus
1028 2657 1103 2706 recte
1126 2655 1265 2720 scripsisse
1283 2655 1336 2706 tibi

239 2745 293 2796 que
310 2732 378 2782 adeo
400 2745 434 2781 ex
454 2733 558 2782 Stoicae
581 2730 766 2796 philosophiae
803 2730 915 2791 videris,
935 2729 1028 2781 delens
1046 2743 1078 2780 ac
1090 2730 1179 2781 denuo
1192 2729 1334 2782 elimans.»

238 2806 386 2858 rationibus
395 2806 512 2856 insaniae
522 2807 687 2868 arguentem.
701 2806 766 2854 zum
804 2805 900 2856 llirum
918 2807 959 2856 est
976 2803 1056 2868 gloss.
1070 2806 1096 2855 in
1115 2805 1198 2856 Codd.
1213 2804 1274 2870 aliq.
1288 2819 1336 2856 re—

239 2893 273 2931 ex
290 2881 455 2930 ilarsoonrro.
486 2880 598 2943 (Scripta
615 2893 676 2930 esse
694 2879 767 2930 vide-
803 2891 909 2930 cenent.
930 2907 959 2918 -
980 2881 1066 2930 iratus
1089 2879 1133 2930 titt
1159 2881 1222 2943 cet]
1248 2879 1336 2932 «uht-

238 2957 282 3004 tur
299 2951 407 3002 invilla
429 2953 530 3003 Horatii
551 2953 647 3004 Sabina
671 2967 765 3005 mense
803 2958 860 3006 met
882 2955 933 3019 ipsi
955 2967 1134 3018 succensens,
1162 2956 1234 3019 quod
1251 2957 1336 3008 nimis

238 3026 384 3078 Decembri
400 3039 425 3077 a.
443 3039 471 3076 u.
484 3027 552 3090 iti.)
803 3031 881 3094 genio
903 3028 1056 3094 indulgens,
1082 3034 1179 3095 potans
1200 3033 1281 3094 atque
1304 3032 1335 3081 in

272 3100 296 3150 l.
332 3101 375 3150 Sto
398 3113 462 3150 roro
488 3100 589 3166 sesua]
613 3100 766 3152 Bentleiana
803 3105 876 3155 diem
893 3105 1044 3166 dormiens,
1066 3105 1128 3155 nihil
1146 3107 1199 3154 iam
1216 3118 1334 3169 compo-

239 3173 317 3223 leetio
334 3174 363 3223 Sl
379 3187 441 3224 raro
457 3175 560 3237 mbos,
581 3203 615 3212 --
629 3177 690 3238 quial
703 3177 767 3241 liet?
803 3193 852 3230 nas
870 3179 992 3242 dignum,
1020 3179 1054 3229 de
1072 3192 1126 3243 qno
1143 3180 1266 3230 hominos
1290 3178 1336 3230 lo-

238 3248 292 3300 hoo
309 3249 444 3299 commodi
468 3249 564 3311 habet,
591 3250 664 3314 quod
689 3264 767 3302 amo·
803 3253 919 3317 quantur
944 3247 1038 3316 (οὐδὲν
1055 3250 1143 3320 λόγου
1160 3247 1280 3318 &geont-
1301 3281 1332 3291 -

208 3373 214 3378 ,
238 3325 318 3373 vetur
341 3322 447 3374 licentia
473 3323 532 3388 syll.
552 3325 588 3374 tis
612 3338 662 3389 pro
687 3326 765 3392 longa
801 3328 854 3377 uini
870 3329 997 3390 smmlqm
1013 3328 1140 3393 benlpnau]
1158 3330 1197 3379 De
1214 3329 1333 3391 genitivo

238 3401 380 3462 usurpata,
411 3399 472 3449 sed·
491 3399 706 3462 languidissimus
737 3400 767 3450 nt
803 3415 932 3467 compara
956 3402 1049 3454 similis
1078 3404 1191 3454 nononis
1216 3402 1334 3454 adiecti-

237 3485 341 3533 sermo,
368 3476 396 3522 et
415 3475 548 3525 correctio
568 3474 659 3525 aniles
680 3474 714 3524 ab
732 3488 765 3524 co
802 3491 867 3528 vum
887 3479 1010 3542 prodique
1031 3478 1115 3542 Epist.
1134 3478 1163 3538 l,
1187 3479 1215 3538 7,
1237 3476 1277 3529 li.
1300 3505 1330 3514 —

237 3547 357 3610 proiecta
373 3549 494 3610 videtur,
517 3550 564 3614 qni
580 3552 667 3600 metro
686 3549 766 3599 time-
802 3550 834 3600 At
848 3552 917 3616 ipsis]
937 3555 997 3614 «lt,
1016 3556 1045 3602 ut
1062 3554 1090 3602 tu
1108 3551 1187 3613 dicis,
1206 3553 1334 3602 Saturna-

238 3625 288 3670 ret.
307 3621 767 3688 (ipierumqaequidemhaecpro-
802 3624 872 3677 libus
899 3627 964 3690 ipsis
992 3627 1046 3676 huo
1074 3626 1176 3689 fugisti,
1204 3629 1232 3676 ut
1257 3639 1332 3678 nunc

239 3693 328 3744 ductio
345 3695 372 3745 iu
390 3700 485 3759 quarto
506 3698 654 3749 hexametri
678 3698 763 3762 pede,
802 3699 898 3751 saltem
915 3701 1005 3752 nescio
1023 3701 1087 3764 quid
1104 3700 1214 3764 perlecti
1235 3699 1333 3752 elabo-

238 3764 372 3818 interdum
394 3771 484 3821 tamen
507 3773 588 3821 etiam
611 3773 636 3822 in
654 3771 764 3836 reliquis
802 3787 855 3824 res.
891 3775 999 3839 Utique,
1026 3774 1075 3826 sed
1100 3773 1164 3824 nihil
1181 3774 1252 3838 quod
1269 3773 1333 3826 lau·

239 3842 381 3890 occurrit.»
394 3842 463 3892 lans.
483 3845 541 3894 vid.
555 3847 608 3895 Sat.
622 3848 652 3907 2,
665 3847 694 3907 Ξ,
713 3846 764 3910 tt.)
802 3848 865 3900 dem
878 3851 1028 3910 mereatur,
1047 3849 1136 3899 adhuc
1147 3849 1332 3913 praestitisti.»

239 3914 337 3963 Contra
353 3916 380 3964 in
398 3919 488 3968 nostra
504 3920 606 3970 ratione
623 3922 765 3985 Damasip-
802 3923 876 3972 lianc
887 3935 958 3973 nunc
969 3922 1113 3974 lectionem
1124 3921 1250 3986 praetuli,
1268 3936 1334 3986 par-

236 3999 288 4051 pus
305 3990 423 4051 primam
440 3992 584 4055 exprobrat
600 3997 709 4046 Horatio
727 3997 765 4046 in·
801 3997 848 4046 lim
867 3997 947 4047 etiarn
959 3999 1069 4061 propter
1079 3998 1266 4047 auctoritatem
1274 3997 1334 4046 Co-

237 4061 404 4113 tolerabilem
431 4065 635 4130 negligentiam
665 4069 763 4121 deinde
801 4070 1191 4136 dicislllandinautiquissm,
1204 4070 1333 4134 quisana
1383 4113 1388 4122 .

237 4136 328 4200 brevi,
347 4138 398 4189 sed
419 4140 475 4190 acri
491 4142 696 4207 interrogatione
713 4147 763 4210 ipsi
800 4145 906 4196 videtur
922 4147 991 4196 inter
1007 4145 1251 4209 praestantissimos
1261 4142 1334 4196 iuis-

238 4212 444 4277 expendendum
460 4219 599 4282 proponit,
619 4219 683 4282 quid
700 4218 763 4271 mali
799 4231 838 4272 se.
874 4219 962 4272 Altera
979 4223 1070 4272 autem
1087 4219 1178 4282 lectio,
1205 4217 1240 4270 ab
1258 4221 1333 4284 opii·
