2925 4892
509 407 568 458 Lib.
587 409 606 460 l.
631 407 729 458 arisi.
748 409 791 458 ΙΙΙ.

151 563 231 644 Quis
254 561 316 630 sibi
339 584 392 630 ros
415 573 523 650 gestas
545 563 677 652 Augusti
700 563 846 632 scribere
867 565 987 632 sumit?

149 685 239 752 Bella
262 686 336 774 quis
359 695 391 752 ct
412 705 513 772 paces
534 684 665 772 longum
687 683 837 753 diffundit
858 687 890 754 in
911 687 1053 754 aevum?

149 805 236 886 Ouid
260 806 361 873 Titius
382 808 525 873 Romana
546 805 637 874 brevi
661 817 817 875 venturus
839 809 872 874 in
894 808 974 875 ora?

138 999 179 1051 pr.
193 989 220 1038 s.
243 1013 271 1024 -
290 986 314 1036 o.
333 991 416 1036 struat
433 987 541 1037 corrfs.
563 1013 589 1024 —
608 987 670 1037 boec
687 987 748 1038 LCt.
768 989 882 1050 (lituae,
902 989 1002 1048 nomn,
1019 987 1164 1040 lientetant

138 1065 167 1111 et
183 1061 301 1112 Pottierii
319 1059 414 1125 Codd.)
434 1089 461 1098 -
479 1061 504 1111 7.
523 1067 606 1112 mot
623 1075 692 1112 corr.
711 1063 738 1112 S.
759 1090 788 1098 —
805 1062 831 1114 8.
850 1063 975 1126 (timescat
990 1077 1062 1114 corr.
1080 1065 1107 1114 S.

106 1213 161 1264 cade
180 1212 300 1264 maa
319 1211 427 1275 upana
446 1211 635 1275 Porphyrionis
670 1209 833 1275 plicisaimae
844 1210 1057 1276 luitoousilium,
1072 1217 1104 1266 ut
1115 1216 1196 1276 ecta,

105 1289 189 1340 Editio
198 1287 328 1352 princepe
336 1286 437 1336 Veneta
447 1285 520 1338 atas.
532 1288 636 1338 Utrum-
670 1283 720 1337 aad
736 1285 916 1338 urbanissime
931 1287 1092 1351 signiticaret
1103 1289 1198 1340 buius·

105 1377 156 1429 que
164 1363 277 1413 videtur
284 1363 323 1412 sic
332 1359 557 1425 coniungendam:
570 1375 636 1412 mn·
670 1360 744 1410 modi
767 1362 946 1426 panegyricos
964 1375 1018 1413 nou
1038 1376 1054 1413 a
1075 1376 1121 1427 se,
1147 1362 1197 1415 aed

105 1441 160 1491 cede
169 1453 249 1490 mero
258 1439 372 1488 invenci
385 1437 514 1502 lapionea.)
528 1464 555 1474 -
570 1437 636 1500 Quid
670 1435 759 1500 potius
776 1435 968 1498 abactoribus,
992 1439 1068 1501 quasi
1084 1439 1197 1490 tirocinii

104 1511 345 1576 mpemnatruiti]
358 1513 635 1576 «quaescriptecom
670 1511 768 1574 politici
801 1510 966 1573 rudimenta,
1000 1513 1197 1576 exspectandos

106 1591 213 1654 ponitis
241 1589 333 1637 Scaon.
349 1611 376 1622 -
393 1587 446 1636 Hoc
455 1587 633 1652 quoquecuro]
671 1597 741 1636 ease.
768 1584 869 1636 Talium
887 1589 960 1637 enim
976 1599 1021 1638 ars
1037 1589 1126 1638 omnis
1142 1601 1197 1638 uon

106 1677 173 1714 «uon
184 1660 293 1723 solum,
306 1660 352 1712 ubi
363 1663 497 1712 tanarum
508 1661 635 1713 uuucda-
670 1663 725 1710 tam
742 1661 770 1710 in
786 1661 951 1724 φαντασίας
967 1658 1052 1712 libero
1068 1664 1144 1713 motu
1155 1663 1198 1712 at-

105 1739 184 1802 gaba,
212 1737 408 1787 verumetiam
425 1735 523 1800 quibus
540 1736 633 1788 studiis
670 1748 723 1800 que
734 1735 876 1798 instinctu,
895 1748 983 1800 neque
994 1737 1022 1786 in
1034 1737 1194 1797 inventione,

104 1814 236 1864 vacetis·
259 1810 394 1876 iungenda
407 1811 478 1862 enim
491 1811 559 1862 haec
571 1824 634 1862 cum
670 1823 753 1875 mam
777 1811 805 1860 iu
830 1810 989 1875 imaginibus
1010 1810 1198 1875 descriptioni-

104 1886 348 1953 praecedantibus,
367 1899 420 1937 uou
439 1899 501 1937 cum
519 1899 634 1956 sequen·
669 1884 776 1950 busque
794 1883 975 1950 elegantibus,
997 1885 1025 1936 in
1041 1897 1109 1950 pura
1126 1885 1198 1936 Lati-

104 1963 187 2024 tibus,
208 1965 241 2012 ut
258 1963 346 2012 minua
364 1962 493 2012 concinne
510 1962 540 2011 iit
557 1961 634 2012 iaal-
670 1961 752 2010 nitate
787 1957 968 2024 laudabilique
1000 1959 1197 2011 versificatione

103 2043 159 2090 tera
181 2037 302 2089 lectione
323 2037 398 2087 llaec.
420 2061 447 2072 —
466 2037 580 2101 sorim]
605 2039 635 2087 ut
669 2033 849 2100 versabatur.)
869 2059 896 2072 -
916 2037 1034 2099 dimit
1052 2036 1080 2086 tn
1096 2034 1195 2099 maan]

103 2113 149 2163 Oti.
169 2115 201 2174 l,
223 2112 253 2174 6,
273 2112 297 2162 t.
316 2112 351 2162 de
373 2111 537 2163 carminibus
552 2125 634 2177 prae·
670 2113 729 2176 lpse
748 2109 964 2176 explicatum,
983 2110 1028 2174 tl,
1046 2111 1075 2161 a:
1092 2112 1199 2161 virtutes

104 2189 197 2240 sertim
211 2187 392 2252 panegyricis.
405 2211 432 2222 -
444 2186 527 2250 sumit]
541 2199 634 2251 «prae-
670 2187 696 2236 in
713 2199 803 2236 asama
814 2185 987 2246 ulam,
1014 2184 1060 2236 ubi
1083 2185 1196 2236 lloiman

103 2263 236 2315 dicandas
247 2260 350 2324 eligito
369 2275 431 2312 cum
443 2262 586 2323 infinitivo,
605 2263 634 2311 ut
670 2259 827 2326 Peerlkamp
853 2262 910 2311 sine
932 2259 984 2311 ulla
1007 2273 1089 2312 caasa
1112 2259 1197 2312 male-

103 2339 194 2400 0d.t,
217 2337 265 2398 lt,
285 2336 314 2385 t:
340 2337 635 2398 oenomaum-samiis
670 2333 717 2384 bat
734 2336 861 2400 pedestre
877 2333 992 2386 verbum
1009 2337 1132 2386 ectandct.

102 2411 249 2465 confore?
277 2413 377 2461 Neutro
398 2413 488 2462 autem
509 2411 568 2462 loco
584 2411 634 2462 ba·
703 2409 728 2459 a.
748 2410 814 2473 outa
831 2411 909 2460 litim
929 2411 992 2475 cet]
1015 2413 1055 2461 De
1071 2412 1127 2460 toto
1144 2409 1197 2460 boo

103 2488 148 2538 bet
164 2486 339 2549 arrogantiae
354 2484 586 2547 significationem,
604 2487 635 2535 ut
670 2484 729 2535 loco
749 2483 809 2548 lege
833 2487 967 2548 ogregiam
988 2485 1197 2550 disputationem

103 2566 127 2614 in
144 2562 197 2614 illis
217 2562 273 2612 Cic.
286 2573 336 2624 pro
348 2558 437 2611 Plano.
453 2562 479 2622 t,
493 2561 522 2611 3:
542 2563 635 2623 Quana-
670 2560 784 2610 lacobsii
796 2561 822 2610 iu
833 2561 905 2610 bect.
916 2561 1016 2611 Venus.
1029 2574 1055 2624 p.
1068 2559 1125 2610 3t0.
1145 2561 1197 2609 lte·

103 2652 180 2702 psam
201 2635 267 2686 mibi
288 2649 340 2684 nou
355 2647 426 2684 amno
442 2639 540 2685 mnium
556 2648 635 2698 neque
670 2633 735 2684 lellit
751 2647 813 2696 eoa,
834 2635 959 2697 quicum
977 2633 1130 2684 Scholiastis
1146 2635 1199 2683 llo·

102 2726 215 2778 arro903
243 2709 294 2762 aed
310 2710 412 2760 dictum
430 2712 485 2770 est,
509 2713 539 2760 ut
554 2712 584 2760 Α.
604 2713 632 2761 Ρ.
670 2709 769 2758 ratium
792 2706 923 2759 malitiosa
945 2707 1040 2770 dilogia
1057 2708 1101 2756 hic
1117 2719 1198 2757 usum

102 2789 146 2840 38:
175 2787 276 2838 Sumite
291 2785 428 2834 materiam
445 2787 496 2835 cet.
518 2813 544 2822 —
563 2785 635 2836 Bello
672 2797 732 2834 esse
759 2782 879 2833 arbitrati
904 2785 974 2834 aunt.
1010 2784 1096 2832 immo
1117 2782 1197 2846 poeta

102 2861 243 2926 quiscat]
269 2855 462 2926 ἑπεξήγησις,
482 2860 561 2920 «Quis
585 2861 634 2923 igl-
672 2858 705 2908 de
724 2859 850 2908 iuvenum
872 2857 969 2907 borum
986 2856 1081 2907 studiis
1101 2857 1136 2905 ita
1156 2855 1198 2905 le-

102 2943 145 2988 tur
166 2935 254 2996 bella,
281 2947 351 2999 quae
372 2936 468 2998 gessit,
496 2947 578 2998 paces
600 2933 634 2985 illi
671 2935 739 2984 stiva
755 2931 860 2984 locutas
876 2934 930 2993 est,
953 2935 984 2982 ut
1004 2929 1066 2981 nibil
1088 2931 1198 2981 omniuo

105 3017 160 3064 tam
172 3011 320 3076 gloriosas,
334 3021 401 3072 quas
413 3011 489 3061 vietis
500 3010 633 3074 imposuit,
672 3021 719 3059 eos
737 3007 874 3058 otlendere
890 3009 984 3071 posset
1000 3008 1027 3057 iu
1043 3004 1135 3056 verbis
1150 3019 1198 3055 ur·

103 3088 137 3138 ad
162 3085 352 3153 posteritatem
376 3097 524 3149 propagare
553 3096 635 3134 coua-
671 3083 908 3134 benissimlsamiei
917 3085 980 3133 natu
989 3081 1106 3143 maioris,
1115 3093 1198 3144 quem

103 3165 181 3214 turi·
215 3158 463 3222 Cir.sal.lug.3l:
483 3159 636 3221 bottootqua
672 3159 721 3223 ipsi
739 3159 913 3210 utliomcnae
926 3159 1051 3223 potonem
1067 3157 1199 3219 masau·

102 3253 179 3301 paces
189 3265 205 3275 ·
214 3247 315 3298 -penes
326 3247 424 3297 paucos
440 3239 524 3294 erunt,
544 3235 570 3285 id
583 3236 633 3296 est,
671 3234 808 3298 spicerent
819 3236 900 3298 atque
912 3233 1097 3284 observarent.
1119 3231 1148 3280 ld
1159 3231 1200 3279 ta·

105 3315 176 3374 «ius,
190 3310 408 3376 quandocunque
420 3311 451 3360 iis
462 3307 575 3370 libebat,
589 3323 636 3374 pa·
672 3322 736 3359 men
752 3309 926 3369 meminerat,
953 3309 1004 3358 boa
1025 3319 1125 3372 pueros
1147 3305 1198 3368 ipsi

105 3385 323 3439 comedendi.»
348 3385 424 3434 Pocae
435 3387 498 3434 suut
507 3385 636 3435 Frtcctem-
671 3384 791 3435 uondum
803 3375 975 3448 esse'pares,
994 3385 1024 3432 ut
1039 3381 1103 3431 lecit
1113 3391 1197 3442 saepo

104 3465 220 3514 abtim
252 3459 301 3512 Alii
319 3458 377 3510 coll.
395 3459 460 3524 Epp.
480 3461 510 3520 ἰ,
530 3461 556 3520 4,
576 3459 632 3510 toi.
672 3459 773 3510 Goetbe
790 3471 899 3522 quoque
916 3459 943 3508 iu
960 3454 1091 3509 similibus
1111 3452 1198 3518 poetis

106 3537 256 3603 explicant:
286 3548 344 3585 area
366 3534 401 3585 ab
422 3535 540 3598 Augusto
560 3535 635 3599 pacis
671 3533 827 3584 iunioribus.
858 3531 952 3583 lacobs
974 3545 1000 3596 p.
1020 3530 1085 3581 355:
1111 3529 1199 3579 Horas

106 3617 231 3677 tempore
252 3612 367 3674 gesiaco
397 3609 438 3660 Ad
463 3608 536 3674 quod
562 3610 635 3660 ince—
670 3609 829 3672 sprtcttoon
845 3608 901 3656 dem
917 3605 1038 3656 Strcben
1054 3603 1107 3654 aad
1124 3601 1200 3652 Wol-

105 3691 184 3752 puam
201 3688 261 3750 ipse
279 3697 415 3749 nunquam
433 3698 464 3736 se
476 3684 563 3735 induci
575 3697 636 3749 pas·
672 3685 720 3734 len
744 3684 786 3733 des
817 3683 910 3740 Titias‚·
938 3695 967 3731 ar
990 3680 1093 3731 etant
1116 3678 1199 3728 scinco

105 3775 152 3813 sus
170 3763 243 3822 erat,
270 3761 299 3810 ut
314 3759 508 3823 panegyricum
525 3772 635 3811 carmen
671 3759 744 3810 linit
759 3759 811 3808 aad
825 3759 922 3808 casser
937 3755 1071 3808 totalicts
1082 3753 1199 3817 vnsotpt:

107 3838 132 3887 in
149 3837 301 3900 Augustum
319 3837 509 3900 componeret,
527 3835 554 3886 id
571 3836 635 3886 satis
671 3835 712 3884 ein
739 3834 832 3885 Urtbeit
854 3833 948 3896 sprictt
971 3845 1000 3882 er
1017 3830 1109 3894 jodoci
1132 3827 1201 3878 nictit

106 3910 211 3961 urbane
246 3909 389 3961 iuvenibus
422 3908 472 3960 illis
509 3910 633 3973 iniungit,
671 3921 732 3968 arm
757 3909 808 3958 wir
831 3909 920 3958 missen
943 3907 1012 3957 nicht
1035 3908 1129 3958 namot
1151 3907 1199 3960 mit

107 3985 208 4048 quibus
224 3985 377 4036 huiusmodi
398 3986 511 4049 scripta,
536 3985 558 4036 si
581 3999 635 4036 non
672 3983 821 4044 Sicberbein
847 3983 877 4033 ob
893 3995 922 4033 er
943 3982 1038 4032 Proben
1054 3984 1132 4034 senes
1149 3984 1199 4034 To-

108 4057 404 4123 diutumamgloriam,
423 4061 540 4110 atcerte
559 4073 636 4110 com·
672 4058 748 4108 lentas
762 4058 872 4122 pateant
887 4058 957 4108 bobo.
993 4059 1050 4107 Nar
1072 4059 1111 4109 dte
1126 4059 1199 4120 Hoff-

108 4134 198 4184 moda
209 4135 319 4186 externa
343 4137 371 4186 et
394 4135 513 4199 praemia
539 4133 635 4185 afferre
672 4147 742 4197 naoq
758 4137 834 4197 pauco
849 4133 964 4198 Ersotpss
978 4132 1072 4196 eplicit
1085 4131 1200 4183 nwott·

109 4211 242 4272 poteraut.
274 4208 368 4272 (Atque
389 4208 441 4259 boc
459 4209 570 4260 tortasse
588 4221 636 4259 oo-
672 4209 849 4265 woltoniam
867 4207 1018 4268 moines,
1031 4208 1112 4268 jacis
1122 4205 1200 4255 blasae

110 4281 211 4333 cultum
229 4281 357 4349 epistolae
376 4284 454 4336 huius
466 4281 563 4348 alioqui
574 4283 637 4334 sim·
672 4284 835 4347 Etiamnunc
852 4297 886 4333 on
903 4283 962 4345 ctos,
989 4295 1044 4332 toas
1060 4282 1200 4345 cariunpo
