2925 4892
516 358 577 409 ua.
595 359 614 409 Ι.
650 358 749 411 attan
767 360 832 411 mi.

173 512 213 580 Ut
234 531 310 578 cum
332 510 452 599 pileolo
474 512 581 581 solcas
603 516 739 583 conviva
760 516 894 583 tribulis.

170 634 217 699 Ne
241 630 336 720 volgo
358 652 473 701 names
494 644 525 701 te
547 634 717 703 sudavisse
739 636 874 703 terendo

171 753 339 831 Carmina,
363 774 449 841 quac
470 756 595 843 possint
616 756 729 823 oculos
752 778 915 846 auresque
937 762 1056 827 morari

193 989 234 1039 lb.
259 988 304 1037 list
328 1002 386 1039 enm
411 1002 546 1055 superscr.
575 991 605 1039 tlt
626 990 654 1039 b.
675 1016 702 1027 -
724 992 763 1041 ta.
782 994 820 1041 Ne
835 992 956 1059 bSEcdp,
975 994 1078 1045 Veneta
1096 995 1185 1057 stat..

161 1063 228 1112 net:
256 1063 344 1113 Neue
370 1062 435 1113 Cod.
461 1062 515 1115 Gal.
539 1060 578 1128 (ξ)
602 1064 737 1117 Bentlelus
754 1068 782 1116 et
798 1080 825 1127 s,
844 1068 896 1118 Nee
912 1065 930 1117 d
946 1071 989 1119 «et
1010 1068 1107 1131 alius,»
1135 1070 1188 1121 duo

160 1136 393 1263 fptttrrtriicpliique
411 1138 488 1203 pauci
506 1140 589 1201 Fene,
608 1141 682 1191 Ptto.
703 1168 729 1177 -
750 1140 790 1190 tt.
816 1148 1005 1204 pensaturus
1023 1144 1139 1195 Pottierii
1156 1146 1186 1195 N.

195 1224 237 1262 .e
306 1250 311 1262 .

127 1388 239 1439 tmdvae
265 1388 343 1439 lanas
361 1386 465 1453 glomus
483 1388 534 1440 sub
551 1388 592 1439 ala
609 1403 655 1439 re·
694 1390 776 1441 bomo
810 1406 843 1443 eo
873 1394 988 1445 maxime
1020 1392 1148 1447 ridiculus
1174 1395 1219 1455 tlt,

126 1463 250 1513 condat.»
275 1464 316 1515 De
333 1465 430 1533 prioris
441 1462 560 1527 syllabae
573 1477 657 1529 quen·
694 1465 766 1527 quod
795 1466 860 1516 dum
892 1470 1099 1533 quantocunque
1131 1471 1221 1533 potest

125 1539 198 1587 litate
220 1538 255 1589 ci.
275 1538 429 1591 lachmann
452 1537 487 1587 ad
504 1539 609 1589 Lucret.
631 1538 653 1597 t,
693 1552 757 1589 cum
779 1539 879 1590 deeora
900 1539 979 1592 soleis
1001 1545 1075 1607 puris
1092 1556 1143 1593 nec
1159 1543 1220 1607 pul·

123 1614 181 1663 360.
210 1638 241 1649 -
267 1612 385 1679 Pyrrhia]
418 1612 541 1675 «Pprrbio
565 1624 653 1675 neque
693 1626 757 1662 vere
771 1614 907 1678 adspersis
919 1614 945 1663 in
957 1614 1100 1666 triclinium
1111 1618 1219 1667 introire

123 1690 244 1739 Graecae
270 1700 359 1749 neque
383 1689 517 1738 Romanae
539 1687 653 1737 taurinae
691 1690 768 1751 parat
785 1686 944 1751 calceosque
969 1688 1006 1739 ibi
1024 1694 1118 1741 exutos
1135 1693 1162 1741 et
1177 1692 1220 1756 pi·

123 1774 223 1811 nomen
237 1763 287 1821 est,
300 1773 351 1811 nec
362 1763 451 1823 potest
462 1760 577 1811 dubitari
590 1762 653 1824 quin
692 1760 765 1813 leum
781 1764 889 1813 atriensi
912 1762 1006 1824 tradit,
1030 1764 1062 1814 iis
1084 1764 1218 1825 omnibus,

122 1834 187 1885 illud
204 1849 221 1885 a
239 1834 353 1885 librariis
372 1836 406 1885 ita
418 1838 576 1900 corruptum
592 1837 652 1887 sit.»
691 1836 738 1899 qui
755 1850 818 1887 cum
834 1837 950 1887 maxime
967 1838 995 1887 in
1011 1838 1078 1887 atrio
1096 1841 1173 1899 sunt,
1192 1844 1220 1889 et

122 1910 234 1960 Lacbm.
262 1908 297 1959 ad
323 1911 427 1959 Lucret.
454 1923 481 1974 p.
499 1909 556 1961 toa.
578 1938 604 1947 -
629 1910 651 1971 3)
690 1910 813 1973 ingenuis
830 1914 858 1960 et
874 1909 976 1960 libertis
994 1913 1021 1961 et
1037 1912 1123 1962 serris
1140 1913 1219 1963 nimis

121 1982 229 2049 bibulis]
249 1984 376 2035 Homines
392 1984 540 2046 ambitiosi,
559 1996 652 2035 auram
691 1984 826 2035 demissus
843 1998 875 2034 ac
892 1984 1001 2035 timidus
1019 1985 1132 2035 videtur.
1153 1986 1219 2047 (tion

122 2057 283 2123 popularem
292 2060 440 2123 captantes,
451 2058 562 2109 tribules
572 2059 653 2109 etiam
690 2061 754 2109 satis
771 2058 799 2109 b.
812 2057 829 2109 l.
843 2056 931 2109 soleas
948 2052 1130 2120 coenatoriae,
1150 2072 1217 2123 quas

121 2134 298 2198 pauperiores
315 2134 372 2183 ruri
391 2133 521 2196 degentes
538 2131 572 2183 ad
590 2145 653 2183 con·
690 2132 922 2184 discumbentibus
939 2134 1059 2185 convivis
1073 2132 1219 2185 demebant

121 2207 191 2257 viria
208 2206 345 2257 interdum
357 2206 510 2257 invitabant.
534 2208 651 2273 (Propria
689 2208 774 2269 servi,
799 2220 815 2257 a
836 2205 933 2257 calceis
955 2207 1105 2258 distinxisse
1122 2206 1218 2257 videa-

120 2294 204 2332 sensu
222 2280 351 2343 equidem
368 2282 395 2331 b.
413 2280 431 2336 l.
450 2296 476 2332 v.
495 2282 592 2331 tributis
609 2296 652 2332 ao-
690 2283 732 2331 tur
749 2284 921 2346 Interpretcs.
950 2282 1002 2332 Clr.
1016 2284 1068 2331 Sat.
1082 2282 1110 2341 ι,
1124 2282 1149 2343 8,
1164 2282 1216 2341 tt.)

121 2357 203 2419 cipio,
224 2368 279 2405 non
296 2369 358 2405 cum
370 2355 531 2417 Forcellino,
551 2358 652 2407 Freuu-
722 2358 764 2406 ts.
777 2357 818 2406 tr.
838 2358 877 2405 Ne
892 2357 965 2419 ootpo
981 2356 1045 2418 cet]
1065 2356 1119 2405 stis
1136 2355 1217 2405 arde-

120 2430 179 2491 dio,
208 2428 267 2480 aliis
292 2432 440 2493 generatim
464 2444 514 2495 pro
543 2431 650 2481 homins
688 2428 791 2480 tionum
816 2428 921 2480 circulis
944 2432 971 2479 et
992 2428 1087 2479 turbae
1104 2428 1216 2480 liberto-

120 2517 252 2569 paupere,
267 2506 296 2553 ut
307 2504 393 2555 solent
404 2506 572 2569 interpretari
580 2506 651 2557 blar-
689 2517 750 2555 rum
767 2506 794 2553 in
805 2504 927 2553 Palatinis
944 2503 1057 2554 aedibus
1074 2517 1167 2554 narres
1186 2506 1212 2555 ta

121 2577 174 2629 dal.
189 2578 218 2639 9,
239 2579 285 2640 50,
302 2579 334 2628 2:
363 2579 441 2642 (toga)
458 2580 531 2629 Nune
548 2593 613 2629 aaut
629 2584 652 2629 at
688 2580 715 2629 in
738 2580 831 2628 itinere
857 2592 890 2628 ex
906 2590 970 2641 agro
988 2577 1086 2627 Sabino
1103 2580 1215 2629 Romam

120 2654 228 2703 amanto
244 2654 291 2702 vin
308 2654 456 2715 accipianda
467 2653 568 2713 monti,
586 2654 651 2705 item
688 2653 758 2704 facto
776 2652 929 2711 sudavisse,
952 2664 1015 2701 cum
1032 2652 1143 2701 afferres
1160 2654 1216 2701 Au-

121 2726 186 2777 ibid.
200 2726 243 2789 58,
256 2728 287 2777 8:
305 2728 357 2777 Nec
369 2727 469 2791 putten
485 2732 545 2791 topa
558 2729 651 2778 mortis
688 2730 766 2791 gusto
791 2727 897 2789 egregia
920 2724 1021 2776 scilicet
1039 2726 1137 2775 Horatii
1154 2738 1215 2775 car-

120 2801 229 2853 monta.
264 2804 374 2863 Propria
399 2805 472 2853 certe
495 2803 650 2866 significatio
688 2804 779 2861 mina;
804 2800 868 2852 nibil
889 2801 961 2850 enim
978 2800 1071 2849 attinet
1087 2798 1145 2849 illos
1161 2800 1215 2850 boc

121 2878 273 2928 llcratiauis
290 2878 458 2941 temporibus
475 2878 562 2941 aptior
577 2878 651 2929 vide-
688 2877 836 2928 resciscere
864 2888 915 2925 nec
944 2878 969 2924 ta
998 2872 1125 2925 mandato
1151 2888 1214 2925 meo

121 2954 177 3013 tur,
204 2954 236 3001 ut
257 2952 439 3003 concedamus
461 2950 585 3003 Martialis
602 2966 649 3003 ae·
687 2948 793 3015 gloriari
819 2962 907 3012 neque
925 2962 969 2999 me
986 2948 1057 3012 apud
1075 2962 1144 3013 quos
1160 2949 1214 2999 mi-
1323 2956 1330 2967 '

121 3030 173 3077 tata
191 3026 309 3077 aindas
326 3026 443 3077 eundem
460 3025 517 3077 sera
534 3026 586 3077 dici
603 3041 650 3093 po-
687 3027 759 3077 nime
785 3026 909 3076 convenit
933 3024 1119 3088 intempestive
1145 3038 1161 3073 a
1186 3026 1213 3075 ta

121 3102 216 3161 tuisse,
237 3101 440 3163 quiPersioest
453 3102 647 3166 searipopanus.)
686 3100 815 3151 laudari.»
843 3098 1000 3163 asyndeton
1017 3101 1108 3149 autem
1126 3098 1211 3151 Codd.

120 3176 257 3239 Principes
285 3178 376 3227 autem
403 3177 475 3227 cives
506 3177 532 3227 in
559 3176 646 3227 XXXI.
686 3189 811 3227 meorum
826 3189 857 3224 aa
873 3176 1041 3244 narres-post
1056 3172 1144 3224 lutura
1160 3180 1213 3225 uta·

119 3251 234 3301 rusticas
261 3250 360 3310 tribus,
389 3251 511 3301 homines
540 3252 647 3303 intimae
684 3251 732 3311 ris,
759 3249 869 3299 seruabis
890 3248 977 3312 aptius
998 3246 1106 3297 videtur
1128 3259 1211 3311 quam

119 3326 199 3375 sortis
217 3326 245 3375 in
262 3326 304 3375 Ν.
318 3323 434 3376 urbanas
452 3328 589 3377 memento
605 3340 648 3376 re·
684 3323 728 3374 vel
744 3338 794 3374 neu
805 3323 847 3374 vel
864 3336 908 3373 nec
919 3334 1018 3371 nana.
1034 3349 1061 3356 -
1076 3320 1211 3383 sudavisse]

118 3398 290 3449 latosluisse.
317 3400 441 3451 Rusticus
458 3400 536 3463 igitur
551 3401 648 3451 Itoma-
685 3396 753 3448 Nihil
774 3396 856 3447 habet
876 3394 970 3458 ingrati
987 3395 1033 3443 aut
1048 3394 1155 3454 rustici,
1182 3395 1212 3445 ut

120 3489 168 3525 nus
186 3476 312 3526 invitatus
325 3489 340 3525 a
352 3475 442 3527 tribuli
453 3490 501 3527 suo
514 3474 645 3540 locuplete
684 3473 773 3522 visum
790 3472 832 3521 est
849 3467 996 3527 nonnullis;
1018 3467 1151 3529 siquidem
1168 3468 1210 3517 ni-

119 3552 200 3615 atque
218 3548 311 3601 illustri
329 3563 382 3601 non
399 3550 456 3602 sine
470 3552 585 3615 quadam
598 3566 646 3603 ve·
684 3545 720 3596 bil
744 3544 815 3595 aliud
831 3546 882 3595 nisi
904 3543 1005 3593 itineris
1021 3544 1102 3604 atque
1119 3542 1210 3593 oneris

119 3624 249 3674 recondis
274 3636 306 3674 ac
331 3624 426 3675 timore
444 3639 458 3675 e
477 3626 535 3675 vico
553 3638 602 3677 suo
619 3627 645 3676 in
684 3618 835 3671 molestiam
861 3618 998 3681 significat.
1034 3616 1077 3665 Sic
1100 3616 1155 3667 Cio.
1175 3616 1210 3667 ad

120 3698 218 3751 Urbem
244 3699 330 3763 pergit
353 3696 486 3750 calceatus
503 3699 546 3751 rel
562 3713 646 3764 pero-
684 3697 757 3746 Fam.
779 3694 807 3755 3,
829 3694 872 3753 ts,
894 3692 922 3743 3:
962 3692 1032 3741 titos
1055 3692 1147 3741 sudore
1170 3704 1210 3743 me

118 3776 214 3832 natus;
245 3774 306 3837 quia
334 3786 443 3824 servum
470 3787 524 3824 non
548 3773 643 3837 babet,
682 3770 831 3821 mutan
846 3766 1017 3827 ιαὸονοπιοιη,
1041 3766 1163 3828 ᾳιιοωοιιο
1179 3780 1210 3817 es

119 3850 192 3897 certe
219 3846 265 3909 qui
286 3860 354 3911 opus
371 3849 501 3899 rusticum
518 3847 645 3899 deserere
683 3852 769 3908 tuear,
788 3858 852 3907 qaae
865 3843 926 3893 mibi
937 3842 1030 3892 tuendo
1040 3845 1105 3891 rust.
1125 3840 1208 3901 Quin·

119 3922 215 3985 possit,
239 3922 296 3985 ipse
312 3922 404 3983 robus,
423 3922 520 3986 quibus
538 3922 645 3973 indutus
683 3920 719 3971 til.
733 3923 758 3981 s,
771 3920 795 3981 7,
811 3920 839 3967 t:
862 3917 993 3969 Matienus
1006 3916 1122 3979 patronis
1138 3916 1209 3965 drea

119 3997 145 4045 in
172 3994 315 4046 triclinium
341 3996 439 4047 intrare
465 3996 561 4059 debet,
591 4010 643 4048 uua
682 3994 823 4045 testimonia
839 3994 916 4043 sudor
933 3996 976 4042 est.
1005 4018 1032 4028 -
1059 3990 1142 4041 ocutos
1158 4002 1208 4038 ου-

119 4082 181 4121 cum
203 4068 286 4133 pileo,
314 4082 368 4131 quo
389 4070 440 4121 sub
464 4074 571 4121 noctem
593 4071 645 4122 do-
681 4068 779 4132 rasgue]
809 4068 893 4119 ocutos
916 4066 1041 4130 legentis,
1065 4070 1148 4114 ‘awos
1171 4062 1206 4111 ab

119 4156 194 4193 mum
211 4148 352 4195 revertens
369 4148 643 4209 caputtecturusest‚
682 4146 828 4207 anagnosta
848 4144 958 4194 recitata
983 4142 1130 4197 audientis;
1158 4138 1207 4187 nisi

119 4218 168 4269 sub
196 4219 237 4270 ala
265 4221 362 4284 portat.
406 4222 525 4286 Optimus
554 4224 644 4271 autern
683 4233 746 4270 vero
765 4220 821 4269 sine
840 4219 891 4269 boe
908 4218 1062 4269 discrimine
1078 4226 1127 4279 per
1143 4225 1207 4277 pro-
