<?xml version="1.0" encoding="UTF-8"?>
<!DOCTYPE html PUBLIC "-//W3C//DTD XHTML 1.0 Transitional//EN"
    "http://www.w3.org/TR/xhtml1/DTD/xhtml1-transitional.dtd">
<html xmlns="http://www.w3.org/1999/xhtml" xml:lang="en" lang="en">
 <head>
  <title>
</title>
<meta http-equiv="Content-Type" content="text/html;charset=utf-8" />
  <meta name='ocr-system' content='tesseract 3.04.00' />
  <meta name='ocr-capabilities' content='ocr_page ocr_carea ocr_par ocr_line ocrx_word'/>
</head>
<body>
  <div class='ocr_page' id='page_1' title='image "./qhoratiusflaccu03baitgoog/qhoratiusflaccu03baitgoog_0222.png"; bbox 0 0 2925 4892; ppageno 0'>
   <div class='ocr_carea' id='block_1_1' title="bbox 258 340 969 410">
    <p class='ocr_par' dir='ltr' id='par_1_1' title="bbox 258 340 969 410">
     <span class='ocr_line' id='line_1_1' title="bbox 258 340 969 410; baseline 0.001 -15"><span class='ocrx_word' id='word_1_1' title='bbox 258 343 321 410; x_wconf 71' lang='lat' dir='ltr'><strong>24ss</strong></span> <span class='ocrx_word' id='word_1_2' title='bbox 639 340 969 396; x_wconf 81' lang='lat' dir='ltr'><strong>nonarusnrrnnnuu</strong></span> 
     </span>
    </p>
   </div>
   <div class='ocr_carea' id='block_1_2' title="bbox 233 496 1230 1194">
    <p class='ocr_par' dir='ltr' id='par_1_2' title="bbox 300 496 1179 710">
     <span class='ocr_line' id='line_1_2' title="bbox 300 496 1179 587; baseline -0.006 -17"><span class='ocrx_word' id='word_1_3' title='bbox 300 503 358 570; x_wconf 91' lang='lat' dir='ltr'><strong>Cui</strong></span> <span class='ocrx_word' id='word_1_4' title='bbox 383 501 478 569; x_wconf 83' lang='lat' dir='ltr'><strong>Canis</strong></span> <span class='ocrx_word' id='word_1_5' title='bbox 500 521 541 568; x_wconf 80' lang='lat' dir='ltr'><strong>ex</strong></span> <span class='ocrx_word' id='word_1_6' title='bbox 562 520 642 567; x_wconf 86' lang='lat' dir='ltr'><strong>vero</strong></span> <span class='ocrx_word' id='word_1_7' title='bbox 663 498 784 566; x_wconf 81' lang='lat' dir='ltr'><strong>(lictum</strong></span> <span class='ocrx_word' id='word_1_8' title='bbox 807 519 987 587; x_wconf 84' lang='lat' dir='ltr'><strong>cognomen</strong></span> <span class='ocrx_word' id='word_1_9' title='bbox 1009 496 1179 574; x_wconf 78' lang='lat' dir='ltr'>adhaeret,</span> 
     </span>
     <span class='ocr_line' id='line_1_3' title="bbox 302 620 1091 710; baseline -0.004 -20"><span class='ocrx_word' id='word_1_10' title='bbox 302 623 536 710; x_wconf 88' lang='lat' dir='ltr'><strong>Quinquennes</strong></span> <span class='ocrx_word' id='word_1_11' title='bbox 558 621 649 690; x_wconf 87' lang='lat' dir='ltr'><strong>oleae</strong></span> <span class='ocrx_word' id='word_1_12' title='bbox 671 631 721 688; x_wconf 86' lang='lat' dir='ltr'><strong>est</strong></span> <span class='ocrx_word' id='word_1_13' title='bbox 742 629 775 688; x_wconf 89' lang='lat' dir='ltr'><strong>ct</strong></span> <span class='ocrx_word' id='word_1_14' title='bbox 796 620 956 687; x_wconf 82' lang='lat' dir='ltr'><strong>silvestria</strong></span> <span class='ocrx_word' id='word_1_15' title='bbox 978 641 1091 698; x_wconf 85' lang='lat' dir='ltr'><strong>corna,</strong></span> 
     </span>
    </p>

    <p class='ocr_par' dir='ltr' id='par_1_3' title="bbox 233 741 1230 1194">
     <span class='ocr_line' id='line_1_4' title="bbox 233 741 1133 831; baseline 0.001 -24"><span class='ocrx_word' id='word_1_16' title='bbox 233 799 236 807; x_wconf 89' lang='lat'><em>.</em></span> <span class='ocrx_word' id='word_1_17' title='bbox 299 746 344 810; x_wconf 85' lang='grc' dir='ltr'><strong>Αο</strong></span> <span class='ocrx_word' id='word_1_18' title='bbox 366 744 427 811; x_wconf 90' lang='lat' dir='ltr'><strong>nisi</strong></span> <span class='ocrx_word' id='word_1_19' title='bbox 452 752 608 810; x_wconf 89' lang='lat' dir='ltr'><strong>mutatum</strong></span> <span class='ocrx_word' id='word_1_20' title='bbox 629 741 733 831; x_wconf 90' lang='lat' dir='ltr'><strong>parcit</strong></span> <span class='ocrx_word' id='word_1_21' title='bbox 754 741 933 809; x_wconf 82' lang='lat' dir='ltr'><strong>debrndere</strong></span> <span class='ocrx_word' id='word_1_22' title='bbox 954 742 1065 808; x_wconf 91' lang='lat' dir='ltr'><strong>vinum</strong></span> <span class='ocrx_word' id='word_1_23' title='bbox 1086 752 1133 820; x_wconf 92' lang='lat' dir='ltr'><strong>et,</strong></span> 
     </span>
     <span class='ocr_line' id='line_1_5' title="bbox 301 847 1230 951; baseline -0.006 -18"><span class='ocrx_word' id='word_1_24' title='bbox 301 866 402 933; x_wconf 88' lang='lat' dir='ltr'><strong>Cuius</strong></span> <span class='ocrx_word' id='word_1_25' title='bbox 423 864 558 932; x_wconf 90' lang='lat' dir='ltr'><strong>odorem</strong></span> <span class='ocrx_word' id='word_1_26' title='bbox 581 863 644 932; x_wconf 87' lang='lat' dir='ltr'><strong>olei</strong></span> <span class='ocrx_word' id='word_1_27' title='bbox 667 882 813 951; x_wconf 87' lang='lat' dir='ltr'><strong>nequeas</strong></span> <span class='ocrx_word' id='word_1_28' title='bbox 835 863 994 950; x_wconf 82' lang='lat' dir='ltr'><strong>perlcrre.</strong></span> <span class='ocrx_word' id='word_1_29' title='bbox 1024 863 1134 931; x_wconf 80' lang='lat' dir='ltr'><strong>licebit</strong></span> <span class='ocrx_word' id='word_1_30' title='bbox 1229 847 1230 854; x_wconf 7' lang='grc' dir='ltr'>ἵ</span> 
     </span>
     <span class='ocr_line' id='line_1_6' title="bbox 298 982 964 1074; baseline -0.003 -22"><span class='ocrx_word' id='word_1_31' title='bbox 298 985 355 1052; x_wconf 84' lang='lat' dir='ltr'><strong>lllc</strong></span> <span class='ocrx_word' id='word_1_32' title='bbox 378 985 517 1074; x_wconf 82' lang='lat' dir='ltr'><strong>repotia,</strong></span> <span class='ocrx_word' id='word_1_33' title='bbox 545 985 669 1052; x_wconf 80' lang='lat' dir='ltr'><strong>natales</strong></span> <span class='ocrx_word' id='word_1_34' title='bbox 691 982 814 1052; x_wconf 88' lang='lat' dir='ltr'><strong>aliosve</strong></span> <span class='ocrx_word' id='word_1_35' title='bbox 836 983 964 1052; x_wconf 87' lang='lat' dir='ltr'><strong>dierum</strong></span> 
     </span>
     <span class='ocr_line' id='line_1_7' title="bbox 296 1105 1078 1194; baseline -0.004 -20"><span class='ocrx_word' id='word_1_36' title='bbox 296 1109 410 1174; x_wconf 87' lang='lat' dir='ltr'><strong>Festos</strong></span> <span class='ocrx_word' id='word_1_37' title='bbox 431 1106 557 1174; x_wconf 89' lang='lat' dir='ltr'><strong>albatus</strong></span> <span class='ocrx_word' id='word_1_38' title='bbox 577 1105 733 1184; x_wconf 88' lang='lat' dir='ltr'><strong>celebret,</strong></span> <span class='ocrx_word' id='word_1_39' title='bbox 757 1127 859 1174; x_wconf 91' lang='lat' dir='ltr'><strong>cornu</strong></span> <span class='ocrx_word' id='word_1_40' title='bbox 880 1107 951 1194; x_wconf 90' lang='lat' dir='ltr'><strong>ipse</strong></span> <span class='ocrx_word' id='word_1_41' title='bbox 973 1105 1078 1173; x_wconf 79' lang='lat' dir='ltr'><strong>bilibri</strong></span> 
     </span>
    </p>
   </div>
   <div class='ocr_carea' id='block_1_3' title="bbox 285 1283 1313 1575">
    <p class='ocr_par' dir='ltr' id='par_1_4' title="bbox 285 1283 1313 1575">
     <span class='ocr_line' id='line_1_8' title="bbox 320 1283 1311 1346; baseline 0.001 -10"><span class='ocrx_word' id='word_1_42' title='bbox 320 1288 361 1336; x_wconf 74' lang='lat'><strong>56.</strong></span> <span class='ocrx_word' id='word_1_43' title='bbox 380 1287 474 1336; x_wconf 74' lang='lat' dir='ltr'><strong>(tioium</strong></span> <span class='ocrx_word' id='word_1_44' title='bbox 489 1287 572 1336; x_wconf 85' lang='lat' dir='ltr'><strong>nostrl</strong></span> <span class='ocrx_word' id='word_1_45' title='bbox 585 1285 766 1336; x_wconf 82' lang='lat' dir='ltr'><strong>etlientleiani</strong></span> <span class='ocrx_word' id='word_1_46' title='bbox 779 1299 886 1346; x_wconf 83' lang='lat' dir='ltr'><strong>omnes,</strong></span> <span class='ocrx_word' id='word_1_47' title='bbox 901 1285 960 1336; x_wconf 84' lang='lat' dir='ltr'><strong>LtJ:</strong></span> <span class='ocrx_word' id='word_1_48' title='bbox 974 1287 1076 1336; x_wconf 71' lang='lat' dir='ltr'><strong>diction</strong></span> <span class='ocrx_word' id='word_1_49' title='bbox 1087 1298 1102 1335; x_wconf 88' lang='lat' dir='ltr'><strong>c</strong></span> <span class='ocrx_word' id='word_1_50' title='bbox 1113 1285 1178 1336; x_wconf 85' lang='lat' dir='ltr'><strong>cod.</strong></span> <span class='ocrx_word' id='word_1_51' title='bbox 1191 1283 1311 1337; x_wconf 85' lang='lat' dir='ltr'><strong>Blandin.</strong></span> 
     </span>
     <span class='ocr_line' id='line_1_9' title="bbox 288 1359 1313 1425; baseline 0 -13"><span class='ocrx_word' id='word_1_52' title='bbox 288 1363 426 1425; x_wconf 82' lang='lat' dir='ltr'><strong>antiquiss.</strong></span> <span class='ocrx_word' id='word_1_53' title='bbox 446 1363 479 1422; x_wconf 88' lang='lat' dir='ltr'><strong>C,</strong></span> <span class='ocrx_word' id='word_1_54' title='bbox 506 1361 641 1412; x_wconf 86' lang='lat' dir='ltr'><strong>Bentleius</strong></span> <span class='ocrx_word' id='word_1_55' title='bbox 660 1361 727 1424; x_wconf 88' lang='lat' dir='ltr'><strong>(coll.</strong></span> <span class='ocrx_word' id='word_1_56' title='bbox 753 1361 828 1413; x_wconf 85' lang='lat' dir='ltr'><strong>ovid.</strong></span> <span class='ocrx_word' id='word_1_57' title='bbox 849 1361 916 1411; x_wconf 86' lang='lat' dir='ltr'><strong>Fast.</strong></span> <span class='ocrx_word' id='word_1_58' title='bbox 939 1362 963 1420; x_wconf 87' lang='lat' dir='ltr'><strong>t,</strong></span> <span class='ocrx_word' id='word_1_59' title='bbox 982 1359 1060 1423; x_wconf 68' lang='lat' dir='ltr'><strong>lii),</strong></span> <span class='ocrx_word' id='word_1_60' title='bbox 1079 1360 1131 1411; x_wconf 79' lang='lat' dir='ltr'><strong>aar.</strong></span> <span class='ocrx_word' id='word_1_61' title='bbox 1152 1389 1180 1396; x_wconf 99' lang='lat'><em>-</em></span> <span class='ocrx_word' id='word_1_62' title='bbox 1201 1361 1313 1412; x_wconf 62' lang='lat' dir='ltr'><strong>odiam</strong></span> 
     </span>
     <span class='ocr_line' id='line_1_10' title="bbox 286 1435 1313 1499; baseline 0 -13"><span class='ocrx_word' id='word_1_63' title='bbox 286 1449 357 1486; x_wconf 88' lang='lat' dir='ltr'><strong>unus</strong></span> <span class='ocrx_word' id='word_1_64' title='bbox 374 1435 524 1496; x_wconf 84' lang='lat' dir='ltr'><strong>Pulmanni,</strong></span> <span class='ocrx_word' id='word_1_65' title='bbox 548 1436 602 1486; x_wconf 91' lang='lat' dir='ltr'><strong>duo</strong></span> <span class='ocrx_word' id='word_1_66' title='bbox 626 1437 703 1488; x_wconf 77' lang='lat' dir='ltr'><strong>Feae.</strong></span> <span class='ocrx_word' id='word_1_67' title='bbox 725 1464 753 1474; x_wconf 92' lang='lat'>-</span> <span class='ocrx_word' id='word_1_68' title='bbox 772 1437 813 1487; x_wconf 79' lang='lat'><strong>57.</strong></span> <span class='ocrx_word' id='word_1_69' title='bbox 833 1436 1003 1499; x_wconf 67' lang='lat' dir='ltr'><strong>Quinquerrms</strong></span> <span class='ocrx_word' id='word_1_70' title='bbox 1020 1448 1043 1486; x_wconf 93' lang='lat' dir='ltr'><strong>c.</strong></span> <span class='ocrx_word' id='word_1_71' title='bbox 1064 1462 1093 1472; x_wconf 96' lang='lat'>-</span> <span class='ocrx_word' id='word_1_72' title='bbox 1115 1435 1156 1485; x_wconf 77' lang='lat'><strong>58.</strong></span> <span class='ocrx_word' id='word_1_73' title='bbox 1175 1437 1313 1498; x_wconf 63' lang='lat' dir='ltr'><strong>simmam</strong></span> 
     </span>
     <span class='ocr_line' id='line_1_11' title="bbox 285 1509 1309 1575; baseline 0 -15"><span class='ocrx_word' id='word_1_74' title='bbox 285 1510 384 1575; x_wconf 84' lang='lat' dir='ltr'><strong>bSp,C.</strong></span> <span class='ocrx_word' id='word_1_75' title='bbox 397 1539 424 1548; x_wconf 94' lang='lat'>-</span> <span class='ocrx_word' id='word_1_76' title='bbox 435 1512 476 1561; x_wconf 83' lang='lat' dir='ltr'><strong>ee.</strong></span> <span class='ocrx_word' id='word_1_77' title='bbox 488 1512 569 1562; x_wconf 81' lang='lat' dir='ltr'><strong>olertm</strong></span> <span class='ocrx_word' id='word_1_78' title='bbox 580 1513 635 1562; x_wconf 85' lang='lat' dir='ltr'><strong>tres</strong></span> <span class='ocrx_word' id='word_1_79' title='bbox 645 1513 775 1561; x_wconf 82' lang='lat' dir='ltr'><strong>Torrentii</strong></span> <span class='ocrx_word' id='word_1_80' title='bbox 787 1511 901 1563; x_wconf 86' lang='lat' dir='ltr'><strong>Codices</strong></span> <span class='ocrx_word' id='word_1_81' title='bbox 913 1524 976 1562; x_wconf 85' lang='lat' dir='ltr'><strong>oum</strong></span> <span class='ocrx_word' id='word_1_82' title='bbox 986 1509 1096 1561; x_wconf 76' lang='lat' dir='ltr'><strong>bentleii</strong></span> <span class='ocrx_word' id='word_1_83' title='bbox 1110 1509 1262 1562; x_wconf 87' lang='lat' dir='ltr'><strong>colbertino</strong></span> <span class='ocrx_word' id='word_1_84' title='bbox 1272 1512 1309 1574; x_wconf 82' lang='lat' dir='ltr'><strong>(r).</strong></span> 
     </span>
    </p>
   </div>
   <div class='ocr_carea' id='block_1_4' title="bbox 247 1668 1349 4260">
    <p class='ocr_par' dir='ltr' id='par_1_5' title="bbox 247 1668 1349 3883">
     <span class='ocr_line' id='line_1_12' title="bbox 251 1668 1347 1733; baseline 0.002 -15"><span class='ocrx_word' id='word_1_85' title='bbox 251 1668 348 1720; x_wconf 88' lang='lat' dir='ltr'><strong>talibus</strong></span> <span class='ocrx_word' id='word_1_86' title='bbox 368 1670 515 1719; x_wconf 85' lang='lat' dir='ltr'><strong>haeserunt</strong></span> <span class='ocrx_word' id='word_1_87' title='bbox 533 1669 636 1727; x_wconf 85' lang='lat' dir='ltr'><strong>critici;</strong></span> <span class='ocrx_word' id='word_1_88' title='bbox 663 1670 698 1719; x_wconf 90' lang='lat' dir='ltr'><strong>ita</strong></span> <span class='ocrx_word' id='word_1_89' title='bbox 716 1681 779 1718; x_wconf 92' lang='lat' dir='ltr'><strong>cum</strong></span> <span class='ocrx_word' id='word_1_90' title='bbox 818 1670 890 1721; x_wconf 90' lang='lat' dir='ltr'><strong>niam</strong></span> <span class='ocrx_word' id='word_1_91' title='bbox 916 1682 1054 1733; x_wconf 88' lang='lat' dir='ltr'><strong>nunquam</strong></span> <span class='ocrx_word' id='word_1_92' title='bbox 1079 1668 1151 1719; x_wconf 89' lang='lat' dir='ltr'><strong>aliud</strong></span> <span class='ocrx_word' id='word_1_93' title='bbox 1174 1669 1266 1720; x_wconf 89' lang='lat' dir='ltr'><strong>vinum</strong></span> <span class='ocrx_word' id='word_1_94' title='bbox 1293 1670 1347 1720; x_wconf 90' lang='lat' dir='ltr'><strong>nisi</strong></span> 
     </span>
     <span class='ocr_line' id='line_1_13' title="bbox 250 1742 1346 1808; baseline 0 -14"><span class='ocrx_word' id='word_1_95' title='bbox 250 1744 391 1808; x_wconf 87' lang='lat' dir='ltr'><strong>Euripides</strong></span> <span class='ocrx_word' id='word_1_96' title='bbox 400 1743 495 1793; x_wconf 70' lang='lat' dir='ltr'><strong>troad.</strong></span> <span class='ocrx_word' id='word_1_97' title='bbox 503 1743 561 1793; x_wconf 75' lang='lat'><strong>227.</strong></span> <span class='ocrx_word' id='word_1_98' title='bbox 573 1756 704 1807; x_wconf 83' lang='lat' dir='ltr'><strong>perquam</strong></span> <span class='ocrx_word' id='word_1_99' title='bbox 715 1748 779 1807; x_wconf 74' lang='lat' dir='ltr'><strong>poe-</strong></span> <span class='ocrx_word' id='word_1_100' title='bbox 817 1742 974 1793; x_wconf 84' lang='lat' dir='ltr'><strong>vilissimum</strong></span> <span class='ocrx_word' id='word_1_101' title='bbox 991 1742 1085 1793; x_wconf 80' lang='lat' dir='ltr'><strong>bibit.»</strong></span> <span class='ocrx_word' id='word_1_102' title='bbox 1106 1772 1134 1780; x_wconf 89' lang='lat'>-</span> <span class='ocrx_word' id='word_1_103' title='bbox 1153 1743 1293 1806; x_wconf 65' lang='grc' dir='ltr'><strong>σορναάονο]</strong></span> <span class='ocrx_word' id='word_1_104' title='bbox 1311 1757 1346 1794; x_wconf 83' lang='lat' dir='ltr'><strong>ex</strong></span> 
     </span>
     <span class='ocr_line' id='line_1_14' title="bbox 251 1812 1345 1886; baseline 0.002 -19"><span class='ocrx_word' id='word_1_105' title='bbox 251 1818 303 1868; x_wconf 85' lang='lat' dir='ltr'><strong>tice</strong></span> <span class='ocrx_word' id='word_1_106' title='bbox 313 1812 593 1881; x_wconf 65' lang='lat' dir='ltr'><strong>dutmtz‘ogavectv</strong></span> <span class='ocrx_word' id='word_1_107' title='bbox 602 1818 706 1877; x_wconf 73' lang='grc' dir='ltr'><strong><em>χαίταν</em></strong></span> <span class='ocrx_word' id='word_1_108' title='bbox 713 1833 781 1886; x_wconf 68' lang='lat' dir='ltr'><strong>sup</strong></span> <span class='ocrx_word' id='word_1_109' title='bbox 817 1817 885 1867; x_wconf 88' lang='lat' dir='ltr'><strong>cado</strong></span> <span class='ocrx_word' id='word_1_110' title='bbox 902 1818 929 1867; x_wconf 90' lang='lat' dir='ltr'><strong>in</strong></span> <span class='ocrx_word' id='word_1_111' title='bbox 946 1819 1079 1868; x_wconf 86' lang='lat' dir='ltr'><strong>crateram</strong></span> <span class='ocrx_word' id='word_1_112' title='bbox 1096 1819 1175 1881; x_wconf 88' lang='lat' dir='ltr'><strong>atque</strong></span> <span class='ocrx_word' id='word_1_113' title='bbox 1193 1831 1227 1868; x_wconf 81' lang='lat' dir='ltr'><strong>sn</strong></span> <span class='ocrx_word' id='word_1_114' title='bbox 1247 1819 1298 1868; x_wconf 85' lang='lat' dir='ltr'><strong>bac</strong></span> <span class='ocrx_word' id='word_1_115' title='bbox 1315 1820 1345 1869; x_wconf 87' lang='lat' dir='ltr'><strong>in</strong></span> 
     </span>
     <span class='ocr_line' id='line_1_15' title="bbox 252 1884 1349 1963; baseline 0.002 -22"><span class='ocrx_word' id='word_1_116' title='bbox 252 1892 361 1942; x_wconf 77' lang='grc' dir='ltr'><strong><em>σαίνων</em></strong></span> <span class='ocrx_word' id='word_1_117' title='bbox 372 1887 497 1961; x_wconf 76' lang='grc' dir='ltr'><strong>Κρᾶθις,</strong></span> <span class='ocrx_word' id='word_1_118' title='bbox 516 1891 543 1941; x_wconf 92' lang='lat' dir='ltr'><strong>id</strong></span> <span class='ocrx_word' id='word_1_119' title='bbox 555 1894 610 1953; x_wconf 86' lang='lat' dir='ltr'><strong>est,</strong></span> <span class='ocrx_word' id='word_1_120' title='bbox 624 1884 700 1942; x_wconf 79' lang='grc' dir='ltr'><strong><em>οὕτω</em></strong></span> <span class='ocrx_word' id='word_1_121' title='bbox 712 1907 781 1963; x_wconf 71' lang='grc' dir='ltr'><em>πσρ-</em></span> <span class='ocrx_word' id='word_1_122' title='bbox 815 1889 921 1955; x_wconf 92' lang='lat' dir='ltr'><strong>pocula.</strong></span> <span class='ocrx_word' id='word_1_123' title='bbox 956 1893 995 1941; x_wconf 87' lang='lat' dir='ltr'><strong>De</strong></span> <span class='ocrx_word' id='word_1_124' title='bbox 1020 1890 1191 1943; x_wconf 83' lang='lat' dir='ltr'><strong>libationibus</strong></span> <span class='ocrx_word' id='word_1_125' title='bbox 1213 1893 1240 1942; x_wconf 92' lang='lat' dir='ltr'><strong>b.</strong></span> <span class='ocrx_word' id='word_1_126' title='bbox 1259 1890 1288 1953; x_wconf 90' lang='grc'><strong>4.,</strong></span> <span class='ocrx_word' id='word_1_127' title='bbox 1315 1895 1349 1943; x_wconf 89' lang='lat' dir='ltr'><strong>ut</strong></span> 
     </span>
     <span class='ocr_line' id='line_1_16' title="bbox 251 1958 1344 2032; baseline 0 -16"><span class='ocrx_word' id='word_1_128' title='bbox 251 1958 444 2016; x_wconf 70' lang='lat' dir='ltr'><strong>ceivwvalors</strong></span> <span class='ocrx_word' id='word_1_129' title='bbox 455 1962 566 2030; x_wconf 78' lang='grc' dir='ltr'><strong><em>ξανθὰν</em></strong></span> <span class='ocrx_word' id='word_1_130' title='bbox 577 1967 721 2031; x_wconf 76' lang='grc' dir='ltr'><strong>γενέσθω,</strong></span> <span class='ocrx_word' id='word_1_131' title='bbox 734 1981 781 2032; x_wconf 91' lang='lat' dir='ltr'><strong>pe-</strong></span> <span class='ocrx_word' id='word_1_132' title='bbox 817 1965 922 2016; x_wconf 83' lang='lat' dir='ltr'><strong>estod.</strong></span> <span class='ocrx_word' id='word_1_133' title='bbox 941 1965 971 2027; x_wconf 74' lang='grc'><strong>4,</strong></span> <span class='ocrx_word' id='word_1_134' title='bbox 989 1967 1018 2027; x_wconf 85' lang='grc' dir='ltr'><strong>ὅ,</strong></span> <span class='ocrx_word' id='word_1_135' title='bbox 1038 1966 1089 2026; x_wconf 83' lang='grc'><strong>33.,</strong></span> <span class='ocrx_word' id='word_1_136' title='bbox 1111 1965 1194 2017; x_wconf 90' lang='lat' dir='ltr'><strong>nolim</strong></span> <span class='ocrx_word' id='word_1_137' title='bbox 1210 1966 1344 2029; x_wconf 75' lang='lat' dir='ltr'><strong>cogitare:</strong></span> 
     </span>
     <span class='ocr_line' id='line_1_17' title="bbox 252 2039 1345 2112; baseline 0.005 -23"><span class='ocrx_word' id='word_1_138' title='bbox 252 2039 335 2090; x_wconf 76' lang='lat' dir='ltr'><strong>uestri</strong></span> <span class='ocrx_word' id='word_1_139' title='bbox 353 2041 434 2090; x_wconf 88' lang='lat' dir='ltr'><strong>modo</strong></span> <span class='ocrx_word' id='word_1_140' title='bbox 450 2039 777 2112; x_wconf 73' lang='lat' dir='ltr'><strong>volueruntrropcotvmv.</strong></span> <span class='ocrx_word' id='word_1_141' title='bbox 816 2041 954 2103; x_wconf 71' lang='lat' dir='ltr'><strong>diminuare</strong></span> <span class='ocrx_word' id='word_1_142' title='bbox 979 2041 1022 2091; x_wconf 91' lang='lat' dir='ltr'><strong>bic</strong></span> <span class='ocrx_word' id='word_1_143' title='bbox 1047 2040 1137 2092; x_wconf 86' lang='lat' dir='ltr'><strong>locum</strong></span> <span class='ocrx_word' id='word_1_144' title='bbox 1162 2053 1215 2092; x_wconf 87' lang='lat' dir='ltr'><strong>non</strong></span> <span class='ocrx_word' id='word_1_145' title='bbox 1243 2041 1345 2104; x_wconf 84' lang='lat' dir='ltr'><strong>babet,</strong></span> 
     </span>
     <span class='ocr_line' id='line_1_18' title="bbox 250 2112 1344 2180; baseline 0.003 -17"><span class='ocrx_word' id='word_1_146' title='bbox 250 2114 354 2164; x_wconf 85' lang='lat' dir='ltr'><strong>Eodem</strong></span> <span class='ocrx_word' id='word_1_147' title='bbox 366 2115 392 2163; x_wconf 89' lang='lat' dir='ltr'><strong>h.</strong></span> <span class='ocrx_word' id='word_1_148' title='bbox 403 2112 419 2163; x_wconf 93' lang='grc' dir='ltr'><strong>Ι.</strong></span> <span class='ocrx_word' id='word_1_149' title='bbox 429 2115 640 2166; x_wconf 80' lang='lat' dir='ltr'><strong>schemateusus</strong></span> <span class='ocrx_word' id='word_1_150' title='bbox 648 2118 779 2180; x_wconf 78' lang='lat' dir='ltr'><strong>astatque</strong></span> <span class='ocrx_word' id='word_1_151' title='bbox 816 2117 853 2166; x_wconf 92' lang='lat' dir='ltr'><strong>uti</strong></span> <span class='ocrx_word' id='word_1_152' title='bbox 871 2117 963 2165; x_wconf 92' lang='lat' dir='ltr'><strong>contra</strong></span> <span class='ocrx_word' id='word_1_153' title='bbox 981 2117 1085 2166; x_wconf 88' lang='lat' dir='ltr'><strong>rectum</strong></span> <span class='ocrx_word' id='word_1_154' title='bbox 1103 2118 1144 2166; x_wconf 88' lang='lat' dir='ltr'><strong>est</strong></span> <span class='ocrx_word' id='word_1_155' title='bbox 1160 2115 1233 2180; x_wconf 90' lang='lat' dir='ltr'><strong>apud</strong></span> <span class='ocrx_word' id='word_1_156' title='bbox 1249 2117 1344 2167; x_wconf 81' lang='lat' dir='ltr'><strong>iuven.</strong></span> 
     </span>
     <span class='ocr_line' id='line_1_19' title="bbox 252 2183 1347 2258; baseline 0.002 -20"><span class='ocrx_word' id='word_1_157' title='bbox 252 2187 331 2238; x_wconf 84' lang='lat' dir='ltr'><strong>ilom.</strong></span> <span class='ocrx_word' id='word_1_158' title='bbox 341 2187 370 2238; x_wconf 93' lang='lat' dir='ltr'><strong>ll.</strong></span> <span class='ocrx_word' id='word_1_159' title='bbox 380 2185 410 2249; x_wconf 80' lang='grc' dir='ltr'><strong>β,</strong></span> <span class='ocrx_word' id='word_1_160' title='bbox 421 2183 645 2258; x_wconf 76' lang='grc' dir='ltr'><strong>446ιἛκτόρεον</strong></span> <span class='ocrx_word' id='word_1_161' title='bbox 655 2187 687 2240; x_wconf 74' lang='grc' dir='ltr'><strong>δὲ</strong></span> <span class='ocrx_word' id='word_1_162' title='bbox 698 2186 780 2248; x_wconf 72' lang='lat' dir='ltr'><strong>zirci-</strong></span> <span class='ocrx_word' id='word_1_163' title='bbox 816 2191 847 2249; x_wconf 79' lang='lat'><strong>5,</strong></span> <span class='ocrx_word' id='word_1_164' title='bbox 870 2189 916 2240; x_wconf 83' lang='lat'><strong>30:</strong></span> <span class='ocrx_word' id='word_1_165' title='bbox 942 2190 996 2252; x_wconf 81' lang='lat' dir='ltr'><strong>ipre</strong></span> <span class='ocrx_word' id='word_1_166' title='bbox 1011 2191 1130 2253; x_wconf 84' lang='lat' dir='ltr'><strong>capillato</strong></span> <span class='ocrx_word' id='word_1_167' title='bbox 1147 2191 1265 2252; x_wconf 70' lang='lat' dir='ltr'><strong>itimaros</strong></span> <span class='ocrx_word' id='word_1_168' title='bbox 1281 2203 1347 2240; x_wconf 79' lang='lat' dir='ltr'><strong>corr-</strong></span> 
     </span>
     <span class='ocr_line' id='line_1_20' title="bbox 252 2257 1344 2332; baseline 0.004 -22"><span class='ocrx_word' id='word_1_169' title='bbox 252 2276 290 2310; x_wconf 89' lang='grc' dir='ltr'><strong>να</strong></span> <span class='ocrx_word' id='word_1_170' title='bbox 309 2261 373 2332; x_wconf 75' lang='lat' dir='ltr'><strong>napi</strong></span> <span class='ocrx_word' id='word_1_171' title='bbox 396 2257 538 2325; x_wconf 74' lang='grc' dir='ltr'><em>στήθεσσι</em></span> <span class='ocrx_word' id='word_1_172' title='bbox 557 2259 652 2326; x_wconf 74' lang='grc' dir='ltr'><strong><em>δαΐξαι</em></strong></span> <span class='ocrx_word' id='word_1_173' title='bbox 670 2260 778 2330; x_wconf 76' lang='grc' dir='ltr'><strong><em>Χαλκῷ</em></strong></span> <span class='ocrx_word' id='word_1_174' title='bbox 815 2265 867 2315; x_wconf 79' lang='lat' dir='ltr'><strong>sule</strong></span> <span class='ocrx_word' id='word_1_175' title='bbox 881 2269 965 2326; x_wconf 79' lang='lat' dir='ltr'><strong>potat,</strong></span> <span class='ocrx_word' id='word_1_176' title='bbox 992 2266 1083 2315; x_wconf 83' lang='lat' dir='ltr'><strong>vinum</strong></span> <span class='ocrx_word' id='word_1_177' title='bbox 1101 2279 1134 2315; x_wconf 86' lang='lat' dir='ltr'><strong>ex</strong></span> <span class='ocrx_word' id='word_1_178' title='bbox 1151 2263 1210 2314; x_wconf 92' lang='lat' dir='ltr'><strong>lacu</strong></span> <span class='ocrx_word' id='word_1_179' title='bbox 1227 2265 1253 2314; x_wconf 92' lang='lat' dir='ltr'><strong>in</strong></span> <span class='ocrx_word' id='word_1_180' title='bbox 1271 2261 1344 2314; x_wconf 87' lang='lat' dir='ltr'><strong>dolia</strong></span> 
     </span>
     <span class='ocr_line' id='line_1_21' title="bbox 251 2329 1344 2406; baseline 0.003 -21"><span class='ocrx_word' id='word_1_181' title='bbox 251 2329 420 2406; x_wconf 76' lang='grc' dir='ltr'><strong><em>ῥωγαλέον.)</em></strong></span> <span class='ocrx_word' id='word_1_182' title='bbox 431 2362 460 2372; x_wconf 95' lang='grc'>-</span> <span class='ocrx_word' id='word_1_183' title='bbox 473 2337 614 2402; x_wconf 73' lang='lat' dir='ltr'><strong>Anicianae]</strong></span> <span class='ocrx_word' id='word_1_184' title='bbox 627 2353 723 2390; x_wconf 88' lang='lat' dir='ltr'><strong>avarus</strong></span> <span class='ocrx_word' id='word_1_185' title='bbox 734 2339 780 2389; x_wconf 88' lang='lat' dir='ltr'><strong>ali·</strong></span> <span class='ocrx_word' id='word_1_186' title='bbox 815 2337 858 2388; x_wconf 87' lang='lat' dir='ltr'><strong>vel</strong></span> <span class='ocrx_word' id='word_1_187' title='bbox 876 2352 909 2388; x_wconf 80' lang='lat' dir='ltr'><strong>ex</strong></span> <span class='ocrx_word' id='word_1_188' title='bbox 920 2339 962 2389; x_wconf 88' lang='lat' dir='ltr'><strong>bis</strong></span> <span class='ocrx_word' id='word_1_189' title='bbox 973 2340 999 2389; x_wconf 92' lang='lat' dir='ltr'><strong>in</strong></span> <span class='ocrx_word' id='word_1_190' title='bbox 1012 2341 1156 2403; x_wconf 87' lang='lat' dir='ltr'><strong>amphoras</strong></span> <span class='ocrx_word' id='word_1_191' title='bbox 1169 2338 1344 2390; x_wconf 74' lang='lat' dir='ltr'><strong>uanslusum.</strong></span> 
     </span>
     <span class='ocr_line' id='line_1_22' title="bbox 251 2411 1345 2477; baseline 0.001 -16"><span class='ocrx_word' id='word_1_192' title='bbox 251 2412 312 2474; x_wconf 86' lang='lat' dir='ltr'><strong>quis</strong></span> <span class='ocrx_word' id='word_1_193' title='bbox 337 2412 455 2474; x_wconf 60' lang='lat' dir='ltr'><strong>ignotum</strong></span> <span class='ocrx_word' id='word_1_194' title='bbox 482 2425 580 2462; x_wconf 87' lang='lat' dir='ltr'><strong>nomen</strong></span> <span class='ocrx_word' id='word_1_195' title='bbox 607 2414 700 2464; x_wconf 83' lang='lat' dir='ltr'><strong>lictum</strong></span> <span class='ocrx_word' id='word_1_196' title='bbox 725 2428 777 2465; x_wconf 90' lang='lat' dir='ltr'><strong>non</strong></span> <span class='ocrx_word' id='word_1_197' title='bbox 816 2412 996 2477; x_wconf 72' lang='lat' dir='ltr'><strong>(castriso.)</strong></span> <span class='ocrx_word' id='word_1_198' title='bbox 1016 2439 1042 2450; x_wconf 90' lang='lat'>—</span> <span class='ocrx_word' id='word_1_199' title='bbox 1068 2413 1144 2464; x_wconf 77' lang='lat' dir='ltr'><strong>Cuius</strong></span> <span class='ocrx_word' id='word_1_200' title='bbox 1163 2413 1264 2462; x_wconf 80' lang='lat' dir='ltr'><strong>odorem</strong></span> <span class='ocrx_word' id='word_1_201' title='bbox 1284 2411 1345 2474; x_wconf 81' lang='lat' dir='ltr'><strong>oles]</strong></span> 
     </span>
     <span class='ocr_line' id='line_1_23' title="bbox 251 2486 1346 2550; baseline 0.001 -14"><span class='ocrx_word' id='word_1_202' title='bbox 251 2489 310 2547; x_wconf 85' lang='lat' dir='ltr'><strong>est,</strong></span> <span class='ocrx_word' id='word_1_203' title='bbox 340 2489 370 2537; x_wconf 93' lang='lat' dir='ltr'><strong>ut</strong></span> <span class='ocrx_word' id='word_1_204' title='bbox 393 2487 485 2537; x_wconf 89' lang='lat' dir='ltr'><strong>volunt</strong></span> <span class='ocrx_word' id='word_1_205' title='bbox 509 2487 645 2550; x_wconf 89' lang='lat' dir='ltr'><strong>nonnulli,</strong></span> <span class='ocrx_word' id='word_1_206' title='bbox 674 2488 778 2540; x_wconf 88' lang='lat' dir='ltr'><strong>ridiculi</strong></span> <span class='ocrx_word' id='word_1_207' title='bbox 817 2486 934 2548; x_wconf 69' lang='lat' dir='ltr'><strong>«oleum,</strong></span> <span class='ocrx_word' id='word_1_208' title='bbox 957 2488 1032 2537; x_wconf 77' lang='lat' dir='ltr'><strong>ciuus</strong></span> <span class='ocrx_word' id='word_1_209' title='bbox 1053 2487 1165 2538; x_wconf 89' lang='lat' dir='ltr'><strong>odorem</strong></span> <span class='ocrx_word' id='word_1_210' title='bbox 1183 2489 1266 2546; x_wconf 78' lang='lat' dir='ltr'><strong>cet.»;</strong></span> <span class='ocrx_word' id='word_1_211' title='bbox 1294 2500 1346 2537; x_wconf 86' lang='lat' dir='ltr'><strong>aa·</strong></span> 
     </span>
     <span class='ocr_line' id='line_1_24' title="bbox 251 2559 1344 2628; baseline 0.002 -18"><span class='ocrx_word' id='word_1_212' title='bbox 251 2572 332 2611; x_wconf 85' lang='lat' dir='ltr'><strong>causa</strong></span> <span class='ocrx_word' id='word_1_213' title='bbox 358 2559 468 2612; x_wconf 89' lang='lat' dir='ltr'><strong>ductum</strong></span> <span class='ocrx_word' id='word_1_214' title='bbox 494 2575 555 2612; x_wconf 90' lang='lat' dir='ltr'><strong>av.</strong></span> <span class='ocrx_word' id='word_1_215' title='bbox 574 2564 678 2626; x_wconf 73' lang='grc' dir='ltr'><strong>σοὶἀνν,</strong></span> <span class='ocrx_word' id='word_1_216' title='bbox 704 2563 778 2628; x_wconf 87' lang='lat' dir='ltr'><strong>quod</strong></span> <span class='ocrx_word' id='word_1_217' title='bbox 816 2561 878 2611; x_wconf 87' lang='lat' dir='ltr'><strong>dem</strong></span> <span class='ocrx_word' id='word_1_218' title='bbox 907 2561 1078 2623; x_wconf 86' lang='lat' dir='ltr'><strong>attractione,</strong></span> <span class='ocrx_word' id='word_1_219' title='bbox 1108 2574 1160 2625; x_wconf 91' lang='lat' dir='ltr'><strong>qua</strong></span> <span class='ocrx_word' id='word_1_220' title='bbox 1186 2561 1344 2612; x_wconf 86' lang='lat' dir='ltr'><strong>Terentius:</strong></span> 
     </span>
     <span class='ocr_line' id='line_1_25' title="bbox 250 2633 1345 2700; baseline 0.002 -17"><span class='ocrx_word' id='word_1_221' title='bbox 250 2635 353 2698; x_wconf 85' lang='lat' dir='ltr'><strong>primae</strong></span> <span class='ocrx_word' id='word_1_222' title='bbox 367 2633 486 2697; x_wconf 71' lang='lat' dir='ltr'><strong>syllabae</strong></span> <span class='ocrx_word' id='word_1_223' title='bbox 498 2638 634 2700; x_wconf 82' lang='lat' dir='ltr'><strong>quantitas</strong></span> <span class='ocrx_word' id='word_1_224' title='bbox 645 2652 699 2688; x_wconf 90' lang='lat' dir='ltr'><strong>non</strong></span> <span class='ocrx_word' id='word_1_225' title='bbox 711 2652 778 2689; x_wconf 91' lang='lat' dir='ltr'><strong>con·</strong></span> <span class='ocrx_word' id='word_1_226' title='bbox 814 2635 907 2698; x_wconf 77' lang='lat' dir='ltr'><strong>Populo</strong></span> <span class='ocrx_word' id='word_1_227' title='bbox 923 2640 951 2684; x_wconf 80' lang='lat' dir='ltr'><strong>ut</strong></span> <span class='ocrx_word' id='word_1_228' title='bbox 963 2635 1093 2697; x_wconf 80' lang='lat' dir='ltr'><strong>placerent</strong></span> <span class='ocrx_word' id='word_1_229' title='bbox 1110 2649 1173 2697; x_wconf 81' lang='lat' dir='ltr'><strong>quos</strong></span> <span class='ocrx_word' id='word_1_230' title='bbox 1187 2636 1283 2698; x_wconf 64' lang='lat' dir='ltr'><strong>[cobet</strong></span> <span class='ocrx_word' id='word_1_231' title='bbox 1295 2635 1345 2698; x_wconf 72' lang='lat' dir='ltr'><strong>sa-</strong></span> 
     </span>
     <span class='ocr_line' id='line_1_26' title="bbox 250 2708 1346 2778; baseline 0.001 -20"><span class='ocrx_word' id='word_1_232' title='bbox 250 2709 330 2760; x_wconf 84' lang='lat' dir='ltr'><strong>cedit.</strong></span> <span class='ocrx_word' id='word_1_233' title='bbox 348 2735 376 2746; x_wconf 93' lang='lat'>-</span> <span class='ocrx_word' id='word_1_234' title='bbox 390 2710 478 2772; x_wconf 62' lang='lat' dir='ltr'><strong>Cone]</strong></span> <span class='ocrx_word' id='word_1_235' title='bbox 501 2715 612 2778; x_wconf 89' lang='lat' dir='ltr'><strong>propter</strong></span> <span class='ocrx_word' id='word_1_236' title='bbox 630 2713 779 2763; x_wconf 86' lang='lat' dir='ltr'><strong>immundi·</strong></span> <span class='ocrx_word' id='word_1_237' title='bbox 815 2711 894 2760; x_wconf 73' lang='lat' dir='ltr'><strong>bolca</strong></span> <span class='ocrx_word' id='word_1_238' title='bbox 922 2708 1058 2772; x_wconf 77' lang='lat' dir='ltr'><strong>Virgilius:</strong></span> <span class='ocrx_word' id='word_1_239' title='bbox 1089 2709 1177 2759; x_wconf 83' lang='lat' dir='ltr'><strong>Urbcrn</strong></span> <span class='ocrx_word' id='word_1_240' title='bbox 1193 2723 1271 2771; x_wconf 81' lang='lat' dir='ltr'><strong>qaam</strong></span> <span class='ocrx_word' id='word_1_241' title='bbox 1285 2715 1346 2759; x_wconf 82' lang='lat' dir='ltr'><strong>sto-</strong></span> 
     </span>
     <span class='ocr_line' id='line_1_27' title="bbox 249 2782 1341 2852; baseline -0.001 -19"><span class='ocrx_word' id='word_1_242' title='bbox 249 2784 314 2834; x_wconf 88' lang='lat' dir='ltr'><strong>tiam</strong></span> <span class='ocrx_word' id='word_1_243' title='bbox 331 2797 363 2834; x_wconf 89' lang='lat' dir='ltr'><strong>ac</strong></span> <span class='ocrx_word' id='word_1_244' title='bbox 380 2785 484 2835; x_wconf 85' lang='lat' dir='ltr'><strong>sordes.</strong></span> <span class='ocrx_word' id='word_1_245' title='bbox 501 2811 527 2822; x_wconf 94' lang='lat'><em>-</em></span> <span class='ocrx_word' id='word_1_246' title='bbox 540 2800 574 2836; x_wconf 71' lang='lat' dir='ltr'><strong>aa</strong></span> <span class='ocrx_word' id='word_1_247' title='bbox 588 2786 657 2851; x_wconf 83' lang='lat' dir='ltr'><strong>cero]</strong></span> <span class='ocrx_word' id='word_1_248' title='bbox 675 2801 708 2838; x_wconf 84' lang='lat' dir='ltr'><strong>ex</strong></span> <span class='ocrx_word' id='word_1_249' title='bbox 721 2789 777 2852; x_wconf 90' lang='lat' dir='ltr'><strong>ipsa</strong></span> <span class='ocrx_word' id='word_1_250' title='bbox 815 2787 1001 2834; x_wconf 80' lang='lat' dir='ltr'><strong>toooestrocst.</strong></span> <span class='ocrx_word' id='word_1_251' title='bbox 1027 2782 1189 2847; x_wconf 67' lang='lat' dir='ltr'><strong>contapod.</strong></span> <span class='ocrx_word' id='word_1_252' title='bbox 1206 2785 1236 2844; x_wconf 75' lang='lat' dir='ltr'><strong>i,</strong></span> <span class='ocrx_word' id='word_1_253' title='bbox 1254 2783 1296 2833; x_wconf 79' lang='lat'><strong>³7.</strong></span> <span class='ocrx_word' id='word_1_254' title='bbox 1309 2809 1341 2820; x_wconf 90' lang='lat'><em>-</em></span> 
     </span>
     <span class='ocr_line' id='line_1_28' title="bbox 250 2857 1343 2922; baseline 0 -14"><span class='ocrx_word' id='word_1_255' title='bbox 250 2859 308 2908; x_wconf 89' lang='lat' dir='ltr'><strong>eius</strong></span> <span class='ocrx_word' id='word_1_256' title='bbox 325 2860 391 2919; x_wconf 83' lang='lat' dir='ltr'><strong>vita,</strong></span> <span class='ocrx_word' id='word_1_257' title='bbox 409 2858 494 2922; x_wconf 87' lang='lat' dir='ltr'><strong>qualis</strong></span> <span class='ocrx_word' id='word_1_258' title='bbox 511 2873 541 2909; x_wconf 89' lang='lat' dir='ltr'><strong>re</strong></span> <span class='ocrx_word' id='word_1_259' title='bbox 558 2874 622 2911; x_wconf 84' lang='lat' dir='ltr'><strong>vera</strong></span> <span class='ocrx_word' id='word_1_260' title='bbox 640 2864 706 2912; x_wconf 85' lang='lat' dir='ltr'><strong>erat.</strong></span> <span class='ocrx_word' id='word_1_261' title='bbox 723 2861 775 2911; x_wconf 91' lang='lat' dir='ltr'><strong>Sal.</strong></span> <span class='ocrx_word' id='word_1_262' title='bbox 814 2859 894 2910; x_wconf 83' lang='lat' dir='ltr'><strong>licebit</strong></span> <span class='ocrx_word' id='word_1_263' title='bbox 904 2883 919 2894; x_wconf 91' lang='lat'>-</span> <span class='ocrx_word' id='word_1_264' title='bbox 929 2885 944 2896; x_wconf 93' lang='lat'><em>-</em></span> <span class='ocrx_word' id='word_1_265' title='bbox 955 2857 1066 2922; x_wconf 77' lang='grc' dir='ltr'><strong><em>σοὶοονοι]</em></strong></span> <span class='ocrx_word' id='word_1_266' title='bbox 1085 2857 1160 2906; x_wconf 87' lang='lat' dir='ltr'><strong>ovid.</strong></span> <span class='ocrx_word' id='word_1_267' title='bbox 1174 2858 1278 2907; x_wconf 80' lang='lat' dir='ltr'><strong>blatam</strong></span> <span class='ocrx_word' id='word_1_268' title='bbox 1294 2857 1343 2919; x_wconf 87' lang='grc'><strong>44,</strong></span> 
     </span>
     <span class='ocr_line' id='line_1_29' title="bbox 250 2931 1346 2995; baseline 0 -15"><span class='ocrx_word' id='word_1_269' title='bbox 250 2931 306 2994; x_wconf 77' lang='lat' dir='ltr'><strong>lug.</strong></span> <span class='ocrx_word' id='word_1_270' title='bbox 317 2933 360 2983; x_wconf 77' lang='lat'><strong>78:</strong></span> <span class='ocrx_word' id='word_1_271' title='bbox 378 2933 566 2992; x_wconf 70' lang='lat' dir='ltr'><strong>quibuscomes</strong></span> <span class='ocrx_word' id='word_1_272' title='bbox 577 2948 611 2984; x_wconf 75' lang='lat' dir='ltr'><strong>ec</strong></span> <span class='ocrx_word' id='word_1_273' title='bbox 621 2949 650 2984; x_wconf 87' lang='lat' dir='ltr'><strong>re</strong></span> <span class='ocrx_word' id='word_1_274' title='bbox 660 2937 775 2985; x_wconf 80' lang='lat' dir='ltr'><strong>inditum.</strong></span> <span class='ocrx_word' id='word_1_275' title='bbox 815 2934 875 2984; x_wconf 76' lang='lat' dir='ltr'><strong>aet:</strong></span> <span class='ocrx_word' id='word_1_276' title='bbox 898 2933 955 2982; x_wconf 80' lang='lat' dir='ltr'><strong>Non</strong></span> <span class='ocrx_word' id='word_1_277' title='bbox 971 2937 1055 2982; x_wconf 71' lang='lat' dir='ltr'><strong>mosen</strong></span> <span class='ocrx_word' id='word_1_278' title='bbox 1071 2933 1184 2995; x_wconf 55' lang='grc' dir='ltr'><strong>σπανία,</strong></span> <span class='ocrx_word' id='word_1_279' title='bbox 1202 2937 1274 2981; x_wconf 71' lang='lat' dir='ltr'><strong>oeno</strong></span> <span class='ocrx_word' id='word_1_280' title='bbox 1293 2945 1346 2981; x_wconf 85' lang='grc' dir='ltr'><strong>να-</strong></span> 
     </span>
     <span class='ocr_line' id='line_1_30' title="bbox 249 3003 1343 3071; baseline 0.001 -16"><span class='ocrx_word' id='word_1_281' title='bbox 249 3003 335 3056; x_wconf 90' lang='lat' dir='ltr'><strong>Plaut.</strong></span> <span class='ocrx_word' id='word_1_282' title='bbox 353 3006 434 3055; x_wconf 88' lang='lat' dir='ltr'><strong>Stich.</strong></span> <span class='ocrx_word' id='word_1_283' title='bbox 453 3007 483 3068; x_wconf 97' lang='grc'><strong>4,</strong></span> <span class='ocrx_word' id='word_1_284' title='bbox 501 3008 531 3068; x_wconf 82' lang='grc'><strong>3,</strong></span> <span class='ocrx_word' id='word_1_285' title='bbox 549 3009 596 3058; x_wconf 87' lang='lat'><strong>88:</strong></span> <span class='ocrx_word' id='word_1_286' title='bbox 622 3010 696 3059; x_wconf 79' lang='lat' dir='ltr'><strong>Nunc</strong></span> <span class='ocrx_word' id='word_1_287' title='bbox 711 3011 778 3059; x_wconf 78' lang='lat' dir='ltr'><strong>iiic—</strong></span> <span class='ocrx_word' id='word_1_288' title='bbox 811 3009 886 3071; x_wconf 81' lang='lat' dir='ltr'><strong>piare</strong></span> <span class='ocrx_word' id='word_1_289' title='bbox 897 3006 990 3066; x_wconf 69' lang='lat' dir='ltr'><strong>toan,</strong></span> <span class='ocrx_word' id='word_1_290' title='bbox 1003 3007 1032 3055; x_wconf 91' lang='lat' dir='ltr'><strong>Si</strong></span> <span class='ocrx_word' id='word_1_291' title='bbox 1042 3007 1115 3056; x_wconf 79' lang='lat' dir='ltr'><strong>modo</strong></span> <span class='ocrx_word' id='word_1_292' title='bbox 1126 3019 1166 3056; x_wconf 80' lang='lat' dir='ltr'><strong>ore</strong></span> <span class='ocrx_word' id='word_1_293' title='bbox 1176 3007 1243 3055; x_wconf 85' lang='lat' dir='ltr'><strong>noui.</strong></span> <span class='ocrx_word' id='word_1_294' title='bbox 1261 3005 1343 3056; x_wconf 84' lang='lat' dir='ltr'><strong>Trist.</strong></span> 
     </span>
     <span class='ocr_line' id='line_1_31' title="bbox 248 3080 1348 3143; baseline 0.003 -16"><span class='ocrx_word' id='word_1_295' title='bbox 248 3083 366 3143; x_wconf 72' lang='lat' dir='ltr'><strong>coti-opor</strong></span> <span class='ocrx_word' id='word_1_296' title='bbox 374 3081 474 3130; x_wconf 81' lang='lat' dir='ltr'><strong>nomine</strong></span> <span class='ocrx_word' id='word_1_297' title='bbox 484 3094 517 3131; x_wconf 77' lang='lat' dir='ltr'><strong>ac</strong></span> <span class='ocrx_word' id='word_1_298' title='bbox 527 3095 587 3132; x_wconf 83' lang='lat' dir='ltr'><strong>cero</strong></span> <span class='ocrx_word' id='word_1_299' title='bbox 597 3096 682 3133; x_wconf 81' lang='grc' dir='ltr'><strong><em>οοοον.</em></strong></span> <span class='ocrx_word' id='word_1_300' title='bbox 701 3083 776 3133; x_wconf 86' lang='lat' dir='ltr'><strong>Orid.</strong></span> <span class='ocrx_word' id='word_1_301' title='bbox 815 3085 844 3143; x_wconf 83' lang='lat' dir='ltr'><strong>e,</strong></span> <span class='ocrx_word' id='word_1_302' title='bbox 864 3082 909 3143; x_wconf 78' lang='grc'><strong>44,</strong></span> <span class='ocrx_word' id='word_1_303' title='bbox 928 3083 957 3132; x_wconf 75' lang='lat'><strong>2:</strong></span> <span class='ocrx_word' id='word_1_304' title='bbox 983 3081 1107 3132; x_wconf 70' lang='lat' dir='ltr'><strong>Detrahat</strong></span> <span class='ocrx_word' id='word_1_305' title='bbox 1121 3081 1220 3130; x_wconf 75' lang='lat' dir='ltr'><strong>mictori</strong></span> <span class='ocrx_word' id='word_1_306' title='bbox 1235 3080 1348 3130; x_wconf 81' lang='lat' dir='ltr'><strong>muitum</strong></span> 
     </span>
     <span class='ocr_line' id='line_1_32' title="bbox 249 3153 1346 3219; baseline 0.004 -18"><span class='ocrx_word' id='word_1_307' title='bbox 249 3153 319 3202; x_wconf 80' lang='lat' dir='ltr'><strong>Fast.</strong></span> <span class='ocrx_word' id='word_1_308' title='bbox 333 3153 362 3213; x_wconf 78' lang='lat'><strong>2,</strong></span> <span class='ocrx_word' id='word_1_309' title='bbox 381 3153 447 3204; x_wconf 80' lang='lat'><strong>859:</strong></span> <span class='ocrx_word' id='word_1_310' title='bbox 465 3155 578 3205; x_wconf 75' lang='grc' dir='ltr'><strong><em>Εαοονο</em></strong></span> <span class='ocrx_word' id='word_1_311' title='bbox 592 3157 702 3219; x_wconf 77' lang='lat' dir='ltr'><strong>positum</strong></span> <span class='ocrx_word' id='word_1_312' title='bbox 714 3171 777 3219; x_wconf 81' lang='lat' dir='ltr'><strong>par-</strong></span> <span class='ocrx_word' id='word_1_313' title='bbox 813 3159 927 3208; x_wconf 80' lang='lat' dir='ltr'><strong>Fortuno</strong></span> <span class='ocrx_word' id='word_1_314' title='bbox 952 3155 1044 3217; x_wconf 60' lang='lat' dir='ltr'><strong>tiocia,</strong></span> <span class='ocrx_word' id='word_1_315' title='bbox 1073 3157 1108 3204; x_wconf 84' lang='grc' dir='ltr'><strong>Τν</strong></span> <span class='ocrx_word' id='word_1_316' title='bbox 1133 3159 1217 3205; x_wconf 75' lang='lat' dir='ltr'><strong>waren</strong></span> <span class='ocrx_word' id='word_1_317' title='bbox 1241 3155 1346 3218; x_wconf 75' lang='lat' dir='ltr'><strong>inperio</strong></span> 
     </span>
     <span class='ocr_line' id='line_1_33' title="bbox 248 3226 1344 3293; baseline 0.003 -18"><span class='ocrx_word' id='word_1_318' title='bbox 248 3226 343 3276; x_wconf 61' lang='lat' dir='ltr'><strong>maort</strong></span> <span class='ocrx_word' id='word_1_319' title='bbox 364 3228 476 3289; x_wconf 74' lang='lat' dir='ltr'><strong>Equitio</strong></span> <span class='ocrx_word' id='word_1_320' title='bbox 499 3243 596 3280; x_wconf 75' lang='lat' dir='ltr'><strong>men.</strong></span> <span class='ocrx_word' id='word_1_321' title='bbox 639 3229 677 3282; x_wconf 84' lang='lat' dir='ltr'><strong>Ci.</strong></span> <span class='ocrx_word' id='word_1_322' title='bbox 700 3231 776 3282; x_wconf 85' lang='lat' dir='ltr'><strong>Hand</strong></span> <span class='ocrx_word' id='word_1_323' title='bbox 814 3232 980 3293; x_wconf 75' lang='lat' dir='ltr'><strong>doroserere</strong></span> <span class='ocrx_word' id='word_1_324' title='bbox 995 3243 1058 3280; x_wconf 79' lang='lat' dir='ltr'><strong>meo.</strong></span> <span class='ocrx_word' id='word_1_325' title='bbox 1090 3229 1165 3280; x_wconf 84' lang='lat' dir='ltr'><strong>Coni.</strong></span> <span class='ocrx_word' id='word_1_326' title='bbox 1188 3227 1270 3292; x_wconf 84' lang='lat' dir='ltr'><strong>Epod.</strong></span> <span class='ocrx_word' id='word_1_327' title='bbox 1293 3229 1344 3290; x_wconf 76' lang='grc'><strong>45,</strong></span> 
     </span>
     <span class='ocr_line' id='line_1_34' title="bbox 249 3301 1347 3372; baseline 0.004 -21"><span class='ocrx_word' id='word_1_328' title='bbox 249 3301 538 3365; x_wconf 76' lang='lat' dir='ltr'><strong>Tara.11.p.655.-</strong></span> <span class='ocrx_word' id='word_1_329' title='bbox 556 3305 658 3372; x_wconf 63' lang='lat' dir='ltr'><strong>Mam]</strong></span> <span class='ocrx_word' id='word_1_330' title='bbox 676 3308 707 3356; x_wconf 91' lang='lat' dir='ltr'><strong>ut</strong></span> <span class='ocrx_word' id='word_1_331' title='bbox 722 3321 777 3356; x_wconf 75' lang='lat' dir='ltr'><strong>xa·</strong></span> <span class='ocrx_word' id='word_1_332' title='bbox 815 3307 855 3356; x_wconf 84' lang='grc'><strong>49.</strong></span> <span class='ocrx_word' id='word_1_333' title='bbox 877 3333 904 3342; x_wconf 93' lang='lat'><strong>·-</strong></span> <span class='ocrx_word' id='word_1_334' title='bbox 924 3304 1036 3367; x_wconf 78' lang='lat' dir='ltr'><strong>reporto]</strong></span> <span class='ocrx_word' id='word_1_335' title='bbox 1060 3303 1209 3355; x_wconf 76' lang='lat' dir='ltr'><strong>«Postridie</strong></span> <span class='ocrx_word' id='word_1_336' title='bbox 1235 3304 1347 3367; x_wconf 78' lang='lat' dir='ltr'><strong>nuptias</strong></span> 
     </span>
     <span class='ocr_line' id='line_1_35' title="bbox 249 3371 1343 3446; baseline 0.002 -22"><span class='ocrx_word' id='word_1_337' title='bbox 249 3372 322 3437; x_wconf 78' lang='grc' dir='ltr'><strong><em>λνῑν,</em></strong></span> <span class='ocrx_word' id='word_1_338' title='bbox 341 3371 544 3441; x_wconf 73' lang='grc' dir='ltr'><strong>ἐπονομάζειν,</strong></span> <span class='ocrx_word' id='word_1_339' title='bbox 567 3376 660 3445; x_wconf 79' lang='grc' dir='ltr'><strong><em>λέγειν</em></strong></span> <span class='ocrx_word' id='word_1_340' title='bbox 680 3373 777 3446; x_wconf 82' lang='grc' dir='ltr'><strong><em>ὄνομά</em></strong></span> <span class='ocrx_word' id='word_1_341' title='bbox 814 3379 886 3444; x_wconf 87' lang='lat' dir='ltr'><strong>apud</strong></span> <span class='ocrx_word' id='word_1_342' title='bbox 911 3391 1009 3430; x_wconf 87' lang='lat' dir='ltr'><strong>novum</strong></span> <span class='ocrx_word' id='word_1_343' title='bbox 1039 3379 1164 3430; x_wconf 88' lang='lat' dir='ltr'><strong>maritum</strong></span> <span class='ocrx_word' id='word_1_344' title='bbox 1192 3381 1343 3438; x_wconf 80' lang='lat' dir='ltr'><strong>coenatum,</strong></span> 
     </span>
     <span class='ocr_line' id='line_1_36' title="bbox 248 3451 1345 3518; baseline 0.001 -18"><span class='ocrx_word' id='word_1_345' title='bbox 248 3464 311 3501; x_wconf 79' lang='grc' dir='ltr'><strong><em>τινι.</em></strong></span> <span class='ocrx_word' id='word_1_346' title='bbox 346 3451 443 3513; x_wconf 73' lang='lat' dir='ltr'><strong>Liui,</strong></span> <span class='ocrx_word' id='word_1_347' title='bbox 463 3453 492 3501; x_wconf 87' lang='lat' dir='ltr'><strong>t:</strong></span> <span class='ocrx_word' id='word_1_348' title='bbox 523 3453 606 3516; x_wconf 80' lang='lat' dir='ltr'><strong>stirps</strong></span> <span class='ocrx_word' id='word_1_349' title='bbox 620 3454 715 3517; x_wconf 81' lang='lat' dir='ltr'><strong>virilia,</strong></span> <span class='ocrx_word' id='word_1_350' title='bbox 736 3457 778 3506; x_wconf 80' lang='lat' dir='ltr'><strong>cci</strong></span> <span class='ocrx_word' id='word_1_351' title='bbox 814 3452 1227 3518; x_wconf 80' lang='lat' dir='ltr'><strong>quiaquasireiiciturpotatio.r</strong></span> <span class='ocrx_word' id='word_1_352' title='bbox 1247 3453 1345 3502; x_wconf 84' lang='lat' dir='ltr'><strong>Fasrus</strong></span> 
     </span>
     <span class='ocr_line' id='line_1_37' title="bbox 247 3526 1346 3588; baseline 0 -12"><span class='ocrx_word' id='word_1_353' title='bbox 247 3526 508 3588; x_wconf 76' lang='lat' dir='ltr'><strong>Aacooirsnporentcs</strong></span> <span class='ocrx_word' id='word_1_354' title='bbox 519 3529 606 3578; x_wconf 77' lang='lat' dir='ltr'><strong>ctiam</strong></span> <span class='ocrx_word' id='word_1_355' title='bbox 616 3541 715 3579; x_wconf 79' lang='grc' dir='ltr'><strong>οοοιοο,</strong></span> <span class='ocrx_word' id='word_1_356' title='bbox 731 3531 778 3580; x_wconf 85' lang='lat' dir='ltr'><strong>Sc-</strong></span> <span class='ocrx_word' id='word_1_357' title='bbox 814 3531 841 3577; x_wconf 89' lang='lat' dir='ltr'><strong>ei</strong></span> <span class='ocrx_word' id='word_1_358' title='bbox 857 3530 950 3578; x_wconf 83' lang='lat' dir='ltr'><strong>Ponra.</strong></span> <span class='ocrx_word' id='word_1_359' title='bbox 982 3528 1080 3578; x_wconf 86' lang='lat' dir='ltr'><strong>Contra</strong></span> <span class='ocrx_word' id='word_1_360' title='bbox 1097 3529 1201 3578; x_wconf 81' lang='lat' dir='ltr'><strong>Aenon:</strong></span> <span class='ocrx_word' id='word_1_361' title='bbox 1222 3527 1346 3588; x_wconf 73' lang='lat' dir='ltr'><strong>«ltrpotia</strong></span> 
     </span>
     <span class='ocr_line' id='line_1_38' title="bbox 250 3599 1347 3667; baseline 0.001 -18"><span class='ocrx_word' id='word_1_362' title='bbox 250 3601 329 3650; x_wconf 90' lang='lat' dir='ltr'><strong>cutus</strong></span> <span class='ocrx_word' id='word_1_363' title='bbox 344 3613 406 3650; x_wconf 88' lang='lat' dir='ltr'><strong>sum</strong></span> <span class='ocrx_word' id='word_1_364' title='bbox 419 3600 502 3650; x_wconf 86' lang='lat' dir='ltr'><strong>codd.</strong></span> <span class='ocrx_word' id='word_1_365' title='bbox 517 3613 607 3663; x_wconf 86' lang='lat' dir='ltr'><strong>meos,</strong></span> <span class='ocrx_word' id='word_1_366' title='bbox 634 3605 777 3667; x_wconf 83' lang='lat' dir='ltr'><strong>atquecio-</strong></span> <span class='ocrx_word' id='word_1_367' title='bbox 814 3601 937 3653; x_wconf 90' lang='lat' dir='ltr'><strong>dicuntur</strong></span> <span class='ocrx_word' id='word_1_368' title='bbox 954 3603 1085 3665; x_wconf 86' lang='lat' dir='ltr'><strong>septimus</strong></span> <span class='ocrx_word' id='word_1_369' title='bbox 1102 3601 1175 3662; x_wconf 82' lang='lat' dir='ltr'><strong>dies,</strong></span> <span class='ocrx_word' id='word_1_370' title='bbox 1202 3614 1256 3664; x_wconf 92' lang='lat' dir='ltr'><strong>quo</strong></span> <span class='ocrx_word' id='word_1_371' title='bbox 1272 3599 1347 3650; x_wconf 82' lang='lat' dir='ltr'><strong>solet</strong></span> 
     </span>
     <span class='ocr_line' id='line_1_39' title="bbox 248 3675 1344 3740; baseline 0 -18"><span class='ocrx_word' id='word_1_372' title='bbox 248 3678 317 3724; x_wconf 72' lang='lat' dir='ltr'><strong>cisen</strong></span> <span class='ocrx_word' id='word_1_373' title='bbox 342 3676 431 3737; x_wconf 88' lang='lat' dir='ltr'><strong>potius</strong></span> <span class='ocrx_word' id='word_1_374' title='bbox 460 3677 580 3738; x_wconf 86' lang='lat' dir='ltr'><strong>speciem</strong></span> <span class='ocrx_word' id='word_1_375' title='bbox 609 3675 777 3740; x_wconf 70' lang='lat' dir='ltr'><strong>glossematis</strong></span> <span class='ocrx_word' id='word_1_376' title='bbox 814 3675 1344 3740; x_wconf 75' lang='lat' dir='ltr'><strong>novanuptaredireadparentessuos.·</strong></span> 
     </span>
     <span class='ocr_line' id='line_1_40' title="bbox 249 3745 1345 3816; baseline 0.003 -21"><span class='ocrx_word' id='word_1_377' title='bbox 249 3745 332 3796; x_wconf 86' lang='lat' dir='ltr'><strong>habat</strong></span> <span class='ocrx_word' id='word_1_378' title='bbox 350 3761 433 3811; x_wconf 89' lang='lat' dir='ltr'><strong>quam</strong></span> <span class='ocrx_word' id='word_1_379' title='bbox 451 3747 524 3798; x_wconf 91' lang='lat' dir='ltr'><strong>illud.</strong></span> <span class='ocrx_word' id='word_1_380' title='bbox 552 3750 627 3800; x_wconf 87' lang='lat' dir='ltr'><strong>Cool.</strong></span> <span class='ocrx_word' id='word_1_381' title='bbox 643 3765 699 3801; x_wconf 82' lang='lat' dir='ltr'><strong>var.</strong></span> <span class='ocrx_word' id='word_1_382' title='bbox 713 3751 775 3804; x_wconf 86' lang='lat' dir='ltr'><strong>lect.</strong></span> <span class='ocrx_word' id='word_1_383' title='bbox 813 3751 1009 3816; x_wconf 80' lang='lat' dir='ltr'><strong>(Nocblrinlten,</strong></span> <span class='ocrx_word' id='word_1_384' title='bbox 1028 3749 1183 3814; x_wconf 73' lang='lat' dir='ltr'><strong>Narbseicr.)</strong></span> <span class='ocrx_word' id='word_1_385' title='bbox 1195 3748 1345 3813; x_wconf 76' lang='lat' dir='ltr'><strong>-olbotrtal</strong></span> 
     </span>
     <span class='ocr_line' id='line_1_41' title="bbox 249 3820 1345 3883; baseline 0.005 -15"><span class='ocrx_word' id='word_1_386' title='bbox 249 3820 314 3883; x_wconf 86' lang='lat' dir='ltr'><strong>Epp.</strong></span> <span class='ocrx_word' id='word_1_387' title='bbox 329 3821 356 3878; x_wconf 88' lang='grc'><strong>4,</strong></span> <span class='ocrx_word' id='word_1_388' title='bbox 374 3822 403 3880; x_wconf 81' lang='lat' dir='ltr'><strong>t,</strong></span> <span class='ocrx_word' id='word_1_389' title='bbox 422 3821 463 3870; x_wconf 81' lang='grc'><strong>93.</strong></span> <span class='ocrx_word' id='word_1_390' title='bbox 813 3827 843 3876; x_wconf 90' lang='lat' dir='ltr'><strong>ut</strong></span> <span class='ocrx_word' id='word_1_391' title='bbox 864 3823 987 3876; x_wconf 89' lang='lat' dir='ltr'><strong>solebant</strong></span> <span class='ocrx_word' id='word_1_392' title='bbox 1009 3823 1105 3874; x_wconf 86' lang='lat' dir='ltr'><strong>diebus</strong></span> <span class='ocrx_word' id='word_1_393' title='bbox 1129 3822 1203 3874; x_wconf 87' lang='lat' dir='ltr'><strong>iestis</strong></span> <span class='ocrx_word' id='word_1_394' title='bbox 1227 3821 1345 3873; x_wconf 83' lang='lat' dir='ltr'><strong>iuduere</strong></span> 
     </span>
    </p>

    <p class='ocr_par' dir='ltr' id='par_1_6' title="bbox 249 3893 1346 4260">
     <span class='ocr_line' id='line_1_42' title="bbox 281 3893 1342 3963; baseline 0.004 -21"><span class='ocrx_word' id='word_1_395' title='bbox 281 3893 386 3942; x_wconf 80' lang='lat' dir='ltr'><strong>tir-ea.</strong></span> <span class='ocrx_word' id='word_1_396' title='bbox 421 3896 596 3958; x_wconf 72' lang='lat' dir='ltr'><strong>Quinquennis</strong></span> <span class='ocrx_word' id='word_1_397' title='bbox 628 3899 696 3950; x_wconf 72' lang='lat' dir='ltr'><strong>oleos</strong></span> <span class='ocrx_word' id='word_1_398' title='bbox 725 3902 777 3963; x_wconf 82' lang='lat' dir='ltr'><strong>cet]</strong></span> <span class='ocrx_word' id='word_1_399' title='bbox 813 3901 903 3962; x_wconf 77' lang='lat' dir='ltr'><strong>togam</strong></span> <span class='ocrx_word' id='word_1_400' title='bbox 919 3899 1164 3948; x_wconf 85' lang='lat' dir='ltr'><strong>recenseratatam.</strong></span> <span class='ocrx_word' id='word_1_401' title='bbox 1185 3896 1342 3947; x_wconf 83' lang='lat' dir='ltr'><strong>Ciovatin.</strong></span> 
     </span>
     <span class='ocr_line' id='line_1_43' title="bbox 249 3964 1342 4034; baseline 0.009 -24"><span class='ocrx_word' id='word_1_402' title='bbox 249 3964 341 4016; x_wconf 69' lang='lat' dir='ltr'><strong>«oleas</strong></span> <span class='ocrx_word' id='word_1_403' title='bbox 362 3967 485 4018; x_wconf 89' lang='lat' dir='ltr'><strong>rancidas</strong></span> <span class='ocrx_word' id='word_1_404' title='bbox 503 3971 530 4019; x_wconf 88' lang='lat' dir='ltr'><strong>et</strong></span> <span class='ocrx_word' id='word_1_405' title='bbox 556 3972 676 4034; x_wconf 88' lang='lat' dir='ltr'><strong>putridas</strong></span> <span class='ocrx_word' id='word_1_406' title='bbox 694 3974 775 4024; x_wconf 73' lang='lat' dir='ltr'><strong>edit.»</strong></span> <span class='ocrx_word' id='word_1_407' title='bbox 814 3973 858 4034; x_wconf 86' lang='grc'><strong>43,</strong></span> <span class='ocrx_word' id='word_1_408' title='bbox 878 3972 923 4022; x_wconf 84' lang='grc'><strong>34;</strong></span> <span class='ocrx_word' id='word_1_409' title='bbox 952 3985 1010 4022; x_wconf 83' lang='lat' dir='ltr'><strong>cum</strong></span> <span class='ocrx_word' id='word_1_410' title='bbox 1026 3973 1078 4034; x_wconf 81' lang='lat' dir='ltr'><strong>ipse</strong></span> <span class='ocrx_word' id='word_1_411' title='bbox 1094 3971 1160 4033; x_wconf 81' lang='lat' dir='ltr'><strong>epuli</strong></span> <span class='ocrx_word' id='word_1_412' title='bbox 1177 3969 1291 4020; x_wconf 72' lang='lat' dir='ltr'><strong>aornim</strong></span> <span class='ocrx_word' id='word_1_413' title='bbox 1309 3971 1342 4032; x_wconf 80' lang='lat' dir='ltr'><strong>Q.</strong></span> 
     </span>
     <span class='ocr_line' id='line_1_44' title="bbox 250 4037 1346 4110; baseline 0.002 -18"><span class='ocrx_word' id='word_1_414' title='bbox 250 4037 320 4092; x_wconf 89' lang='lat' dir='ltr'><strong>llltra</strong></span> <span class='ocrx_word' id='word_1_415' title='bbox 337 4052 438 4091; x_wconf 89' lang='lat' dir='ltr'><strong>annum</strong></span> <span class='ocrx_word' id='word_1_416' title='bbox 458 4045 560 4093; x_wconf 85' lang='lat' dir='ltr'><strong>servari</strong></span> <span class='ocrx_word' id='word_1_417' title='bbox 584 4046 627 4094; x_wconf 82' lang='lat' dir='ltr'><strong>vin</strong></span> <span class='ocrx_word' id='word_1_418' title='bbox 652 4050 773 4110; x_wconf 85' lang='lat' dir='ltr'><strong>possunt.</strong></span> <span class='ocrx_word' id='word_1_419' title='bbox 812 4047 902 4098; x_wconf 74' lang='lat' dir='ltr'><strong>lnior</strong></span> <span class='ocrx_word' id='word_1_420' title='bbox 918 4046 1018 4097; x_wconf 71' lang='lat' dir='ltr'><strong>oibatm</strong></span> <span class='ocrx_word' id='word_1_421' title='bbox 1034 4051 1103 4096; x_wconf 79' lang='lat' dir='ltr'><strong>esset.</strong></span> <span class='ocrx_word' id='word_1_422' title='bbox 1122 4073 1148 4082; x_wconf 95' lang='lat'>-</span> <span class='ocrx_word' id='word_1_423' title='bbox 1166 4059 1247 4096; x_wconf 80' lang='lat' dir='ltr'><strong>romu</strong></span> <span class='ocrx_word' id='word_1_424' title='bbox 1257 4070 1271 4080; x_wconf 99' lang='lat'>-</span> <span class='ocrx_word' id='word_1_425' title='bbox 1282 4043 1346 4094; x_wconf 84' lang='lat' dir='ltr'><strong>biii-</strong></span> 
     </span>
     <span class='ocr_line' id='line_1_45' title="bbox 250 4113 1342 4192; baseline 0.003 -28"><span class='ocrx_word' id='word_1_426' title='bbox 250 4139 278 4150; x_wconf 96' lang='lat'>-</span> <span class='ocrx_word' id='word_1_427' title='bbox 290 4116 430 4177; x_wconf 70' lang='lat' dir='ltr'><strong>mamaea]</strong></span> <span class='ocrx_word' id='word_1_428' title='bbox 447 4129 576 4181; x_wconf 87' lang='lat' dir='ltr'><strong>vappam,</strong></span> <span class='ocrx_word' id='word_1_429' title='bbox 586 4113 668 4169; x_wconf 64' lang='grc' dir='ltr'><strong><em>οἶνον</em></strong></span> <span class='ocrx_word' id='word_1_430' title='bbox 676 4118 776 4192; x_wconf 74' lang='grc' dir='ltr'><strong><em>ἐκτρο-</em></strong></span> <span class='ocrx_word' id='word_1_431' title='bbox 813 4121 860 4185; x_wconf 83' lang='lat' dir='ltr'><strong>bri]</strong></span> <span class='ocrx_word' id='word_1_432' title='bbox 878 4122 998 4181; x_wconf 79' lang='lat' dir='ltr'><strong>«Cornu,</strong></span> <span class='ocrx_word' id='word_1_433' title='bbox 1017 4119 1091 4184; x_wconf 86' lang='lat' dir='ltr'><strong>quod</strong></span> <span class='ocrx_word' id='word_1_434' title='bbox 1101 4119 1246 4171; x_wconf 81' lang='lat' dir='ltr'><strong>sextarium</strong></span> <span class='ocrx_word' id='word_1_435' title='bbox 1257 4118 1342 4182; x_wconf 88' lang='lat' dir='ltr'><strong>capit.</strong></span> 
     </span>
     <span class='ocr_line' id='line_1_46' title="bbox 249 4188 1342 4260; baseline 0.005 -23"><span class='ocrx_word' id='word_1_436' title='bbox 249 4188 326 4238; x_wconf 75' lang='grc' dir='ltr'><strong><em>πίον.</em></strong></span> <span class='ocrx_word' id='word_1_437' title='bbox 342 4214 370 4228; x_wconf 91' lang='grc'><strong>-</strong></span> <span class='ocrx_word' id='word_1_438' title='bbox 386 4191 481 4254; x_wconf 78' lang='lat' dir='ltr'><strong>percit]</strong></span> <span class='ocrx_word' id='word_1_439' title='bbox 498 4196 624 4257; x_wconf 81' lang='lat' dir='ltr'><strong>«propter</strong></span> <span class='ocrx_word' id='word_1_440' title='bbox 638 4196 775 4258; x_wconf 88' lang='lat' dir='ltr'><strong>parcimo-</strong></span> <span class='ocrx_word' id='word_1_441' title='bbox 813 4194 918 4246; x_wconf 86' lang='lat' dir='ltr'><strong>liabent</strong></span> <span class='ocrx_word' id='word_1_442' title='bbox 951 4196 1023 4247; x_wconf 89' lang='lat' dir='ltr'><strong>enim</strong></span> <span class='ocrx_word' id='word_1_443' title='bbox 1057 4193 1186 4260; x_wconf 86' lang='lat' dir='ltr'><strong>propolae</strong></span> <span class='ocrx_word' id='word_1_444' title='bbox 1220 4205 1342 4256; x_wconf 85' lang='lat' dir='ltr'><strong>cornua,</strong></span> 
     </span>
    </p>
   </div>
   <div class='ocr_carea' id='block_1_5' title="bbox 0 0 1468 4892">
    <p class='ocr_par' dir='ltr' id='par_1_7' title="bbox 0 0 1468 4892">
     <span class='ocr_line' id='line_1_47' title="bbox 0 0 1468 4892; baseline 0 0"><span class='ocrx_word' id='word_1_445' title='bbox 0 0 1468 4892; x_wconf 95' lang='lat' dir='ltr'><strong> </strong></span> 
     </span>
    </p>
   </div>
  </div>
 </body>
</html>
