2925 4892
492 405 551 455 un.
570 407 588 456 ι.
624 404 722 456 ssisr.
741 405 795 456 vu.
1133 405 1195 468 tta

147 565 250 644 Quam
276 563 351 629 mibi
375 562 433 628 das
456 582 568 649 aegro,
594 561 687 628 dabis
710 571 879 649 aegrotare
901 563 1038 635 timenti,

147 687 333 760 Maecenas,
357 685 497 758 veniam,
521 683 599 749 dum
621 683 702 750 ficus
724 684 829 770 prima
850 682 1005 770 calorque
1176 689 1196 748 3

146 807 394 894 Designatorem
416 803 550 872 decorat
571 804 739 872 lictoribus
760 805 853 878 atris,

146 931 230 994 Dum
252 927 365 1014 pueris
387 927 492 992 omnis
514 937 608 1014 pater
629 936 662 992 et
682 925 859 994 matercula
880 925 992 1015 pallet,

147 1048 368 1137 Officiosaque
392 1047 548 1114 sedulitas
570 1057 603 1114 et
624 1046 730 1135 opella
752 1047 890 1114 lorensis

146 1169 287 1237 adducit
307 1168 415 1236 febres
438 1178 470 1234 et
492 1177 681 1234 testamenta
705 1169 856 1256 resignat.

147 1291 273 1372 Quodsi
296 1290 411 1357 bruma
433 1290 525 1356 nives
548 1287 678 1356 Albanis
701 1288 801 1356 illinet
822 1290 922 1378 agris,
1154 1291 1195 1357 to

168 1454 193 1502 5.
209 1451 330 1575 astorga
344 1450 373 1511 E,
393 1463 425 1502 ax
442 1448 499 1500 aliis
516 1448 599 1501 Codd.
614 1449 642 1499 c.
656 1477 683 1486 -
698 1449 721 1498 6.
734 1450 932 1514 Disripoatorcm
941 1452 986 1501 Ec.
999 1477 1026 1486 -
1040 1452 1078 1501 to.
1095 1466 1162 1514 prs-

137 1541 180 1576 rrta
195 1527 265 1576 niuis
305 1563 310 1573 .

105 1667 188 1739 βριας
214 1662 337 1737 Τράχων
362 1661 490 1736 καθεύδῃ
518 1661 629 1736 χλωρά,
667 1677 715 1714 aas
730 1665 828 1728 smair
843 1671 932 1715 statim
947 1678 1050 1716 marso
1065 1669 1195 1718 etiamd-

105 1738 227 1813 πυρετὸς
239 1734 348 1802 εὐθέως
359 1733 438 1790 “Hesi
449 1741 566 1811 τρέχων.
588 1742 631 1791 At·
668 1739 721 1788 bats.
735 1737 792 1789 Noli
804 1740 883 1802 igitur
889 1739 932 1789 vel
945 1742 1060 1804 cogitare
1071 1741 1105 1791 de
1114 1745 1196 1804 magi-

105 1821 194 1868 tamen
214 1817 297 1868 oredo
314 1818 422 1880 potitam
439 1828 482 1865 vv.
497 1817 560 1880 picra
572 1815 632 1879 pta·-
668 1815 800 1864 stratuum
822 1811 959 1866 lictoribus
979 1817 1089 1880 proprie
1106 1816 1194 1878 dictis,

105 1906 147 1942 mo
171 1895 283 1956 tempus
309 1889 447 1940 dumtaxat
472 1889 546 1946 anni,
578 1903 630 1940 non
668 1887 711 1938 vel
734 1889 761 1938 in
784 1888 843 1952 ipso
862 1887 994 1939 vocabulo
1016 1889 1112 1940 insoliti
1130 1892 1194 1955 quid

105 1967 186 2018 lebria
201 1979 237 2016 ex
248 1965 328 2015 huius
341 1964 442 2015 fructus
454 1964 631 2028 intemperato
669 1965 715 2012 aut
732 1963 813 2013 etiam
830 1962 907 2014 faceti
925 1976 1065 2027 quaerere.

106 2055 155 2093 usu
178 2037 333 2104 periculum
358 2037 523 2101 designasse.
560 2039 630 2099 lam,
701 2036 758 2086 7-9.
775 2038 919 2088 mowrcuto
932 2039 1019 2101 pailet]
1038 2041 1193 2091 «meteriu-

106 2118 169 2180 quot
202 2116 359 2178 wantaque
393 2112 546 2162 discrimina
583 2125 633 2176 per
669 2110 819 2174 dulgentias
837 2111 959 2176 plenaac
972 2117 1063 2164 tenem
1076 2129 1138 2166 cum
1149 2130 1198 2182 pa·

106 2201 242 2240 summam
259 2189 391 2238 aestatem
402 2188 633 2238 Romaecommo-
669 2189 709 2237 tre
727 2188 805 2237 anxie
822 2187 912 2250 timet,
937 2201 971 2239 ne
994 2188 1070 2240 liberi
1093 2192 1196 2242 morbis

105 2263 227 2314 rantibus
251 2263 363 2324 instent,
386 2261 528 2312 artificiose
552 2273 634 2324 erog·
670 2261 861 2325 abripiuntur.»
882 2291 908 2299 —
928 2263 1095 2327 Officiosoqas
1105 2267 1196 2316 cedmi-

105 2339 187 2401 gerat.
203 2365 233 2374 -
248 2337 423 2401 Dotipuotorss
439 2336 634 2400 (Lsicbeobo-
670 2336 719 2400 tos]
743 2337 785 2385 «in
807 2338 927 2400 patronis
949 2336 1093 2390 salutandis
1114 2343 1196 2404 alque

105 2411 231 2477 atottsr)
256 2413 394 2476 mancipes
417 2414 492 2462 erant
515 2414 542 2461 et
559 2410 634 2460 ordi·
670 2413 697 2460 ln
724 2411 821 2460 Forum
844 2410 1022 2473 deducendis,
1049 2415 1076 2463 in
1098 2416 1196 2466 ceteris

107 2491 214 2537 naiores
241 2485 379 2546 funerum,
410 2487 456 2549 qui
485 2499 534 2550 pro
560 2487 633 2535 certa
672 2485 779 2545 amicis,
798 2486 929 2548 imprimis
947 2484 1121 2548 cubantibus,
1141 2490 1196 2539 irc-

105 2561 233 2612 msrceds
251 2560 344 2610 lunera
361 2560 493 2611 curabant
505 2559 587 2610 adiuti
599 2558 634 2609 ab
673 2561 787 2622 quanter
807 2559 940 2608 visendis»
963 2562 1013 2609 cet.
1044 2560 1119 2611 Adde
1139 2563 1197 2612 evi-

106 2635 268 2685 administris
286 2635 376 2686 atratis
393 2647 414 2685 s.
437 2633 555 2699 pullatis,
574 2632 636 2684 libi·
673 2634 740 2684 dens
750 2631 903 2696 exemplum
915 2634 968 2682 sat.
982 2635 1010 2692 2,
1024 2634 1052 2693 6,
1071 2634 1117 2685 ti:
1136 2637 1199 2686 Auta

106 2709 205 2760 linariis
222 2707 380 2759 minoribus.
409 2708 461 2758 Cir.
475 2711 577 2759 Seneca
589 2707 636 2758 dc-
672 2709 808 2758 mcoodcm
824 2708 925 2756 lioscios
935 2707 1025 2757 orabat
1040 2707 1087 2757 sibi
1102 2710 1199 2760 adem

105 2783 195 2834 Bsnsl.
215 2783 244 2844 6,
263 2783 315 2844 38,
333 2781 380 2833 ubi
397 2784 480 2846 iungit
496 2783 636 2847 dssiprtoto-
673 2783 707 2832 od
726 2780 814 2830 moal
836 2793 902 2830 cros.
930 2809 957 2817 -
982 2783 1064 2843 opclto
1084 2783 1198 2850 forensis]

105 2871 144 2907 rss
161 2863 186 2908 st
204 2857 365 2908 libitiaonos.
386 2856 451 2908 Tab.
471 2857 574 2908 Heracl.
589 2856 632 2907 cd.
674 2856 844 2920 rquotidiana
861 2856 979 2918 negotia,
998 2855 1096 2920 quibus
1115 2859 1141 2908 in
1153 2859 1199 2908 Fo-

106 2930 240 2982 llarszoll.
253 2932 335 2996 pud:
354 2943 492 2992 nevam,
506 2933 635 2994 qotprco-
672 2945 702 2982 ro
737 2929 876 2981 dumtaxat
907 2944 1004 2982 vacare
1037 2945 1197 2996 possumus,

105 3008 220 3068 ronam,
247 3006 451 3070 &ametimos
476 3005 531 3070 (sic)
557 3005 635 3054 libiti-
673 3007 812 3070 tamquam
829 3005 964 3067 advocati,
983 3020 1141 3071 sponsores,
1161 3010 1200 3057 te-

104 3093 195 3130 aarum
209 3080 301 3143 sarid,
312 3107 343 3117 ·-
353 3082 533 3144 moptttrottaa
543 3093 636 3129 renua-
671 3082 754 3131 stes.»
784 3081 837 3132 Cir.
851 3083 905 3131 Sat.
918 3083 946 3142 ἒ,
966 3082 994 3142 6,
1013 3083 1046 3132 tt)
1057 3095 1098 3146 sq.
1111 3083 1197 3133 Mark-

104 3157 174 3206 liuto.
194 3157 279 3204 lnscr.
291 3166 327 3204 m.
338 3155 394 3204 Lot.
406 3155 436 3202 N.
447 3153 527 3204 dili:
541 3153 635 3204 PliAll'·
671 3154 781 3205 lauded
793 3157 856 3206 stat.
868 3153 929 3206 silv.
939 3169 966 3220 p.
978 3156 1036 3207 sit.
1047 3157 1091 3206 ed.
1102 3158 1197 3208 Dresd.

105 3230 152 3280 00.
182 3229 280 3279 ibuit.
310 3228 534 3279 DISSIGNATOR.
566 3229 633 3278 Item
674 3257 701 3266 -
719 3231 840 3295 resipiat]
859 3231 952 3292 «iacit,
970 3233 1001 3281 ut
1018 3245 1109 3282 comm
1126 3234 1200 3282 testi·

104 3303 321 3356 DISSlGNATOll
331 3302 403 3368 apud
412 3304 501 3354 Osann
513 3305 631 3366 lnscr.p.
670 3303 722 3354 bus
751 3306 848 3369 aperiri
875 3304 1011 3366 debeant,
1041 3317 1121 3364 cum,
1152 3308 1198 3370 qui

105 3379 161 3430 tis.
190 3377 294 3438 Quibus
312 3391 345 3426 ex
361 3376 427 3428 locis
438 3379 636 3442 patetscriptu·
671 3379 849 3444 scripserunt,
868 3381 983 3428 mortem
995 3377 1136 3427 obierint.»
1155 3379 1194 3428 Ci.

104 3465 162 3503 ram
176 3453 333 3516 dimipootor
346 3465 397 3502 non
412 3451 517 3502 mediae
527 3451 634 3501 dumla-
671 3454 778 3502 Lucian.
807 3453 873 3501 Tim.
897 3453 938 3501 22.
960 3451 994 3500 de
1023 3453 1197 3501 testamento:

104 3529 148 3577 nat
164 3527 263 3577 aetatis
275 3526 450 3590 scriptoribus
462 3525 576 3577 librariis
588 3525 635 3575 de-
671 3522 787 3576 ἑπειόὰν
803 3520 837 3575 τὸ
852 3528 976 3590 σημεῖον
987 3519 1135 3611 ἀφαιρεθῇ
1148 3523 1208 3574 καὶ

104 3600 172 3663 beri,
183 3601 236 3652 sed
248 3601 392 3664 antiquitus
402 3603 455 3652 iam
467 3601 549 3652 inisse
559 3613 637 3651 usur·
671 3597 705 3652 τὸ
729 3599 809 3651 λίνον
831 3597 961 3669 ἐντμηθ]
985 3601 1035 3649 καὶ
1058 3617 1077 3665 η
1100 3597 1198 3662 δέλτος

104 3679 205 3740 putam.
217 3674 467 3726 Plaut.Poan.Prol.
478 3675 522 3726 l9:
535 3675 634 3737 ll'culin
671 3671 799 3746 ἀνοιχθῇ
821 3675 871 3724 καὶ
888 3669 1080 3746 ἀνακηρυχθῇ
1098 3667 1116 3725 ὁ
1133 3691 1198 3725 και-

105 3751 220 3812 ibeatro}
231 3750 385 3813 Manum
395 3755 499 3812 praeter
510 3764 537 3801 or
548 3751 635 3800 obam-
671 3747 722 3814 νὸς
739 3745 882 3815 δεσπότης
898 3748 959 3799 κτλ.

104 3822 213 3874 bum-
223 3824 255 3874 V.
263 3825 463 3874 decmatautem
472 3825 562 3874 nescio
569 3825 634 3888 quid
705 3825 788 3876 iitt3.
808 3825 908 3889 Quodsi]
922 3826 952 3875 ll.
963 3823 980 3873 l.
995 3827 1125 3888 temporis
1135 3839 1198 3876 con-

105 3897 183 3948 aceti
194 3897 280 3948 habet
294 3910 343 3961 pro
356 3899 440 3960 stipat.
461 3899 587 3948 Ceterum
602 3899 635 3948 ti-
671 3900 751 3950 dicio.
782 3898 1025 3959 cassanum.
1045 3899 1195 3963 Virg.iten.

104 3978 218 4032 ctorem,
238 3974 268 4022 ut
279 3971 340 4022 alibi
352 3972 501 4032 interdum,
515 3974 635 4024 omnium
671 3977 701 4036 s,
714 3974 760 4025 ct:
779 3975 926 4034 Praeterea,
944 3974 1045 4023 docco
1056 3975 1119 4023 diora
1131 3989 1199 4024 oror-

104 4048 286 4110 apparitorum
308 4046 431 4110 generale
457 4046 507 4098 est'
521 4061 633 4106 nomen;
671 4049 762 4098 talibus
772 4049 869 4098 olnam
885 4050 987 4097 Aurora
996 4051 1122 4098 misterii.
1152 4051 1198 4099 lli-

105 4123 142 4172 sic
161 4124 190 4172 in
201 4119 286 4171 Plauti
304 4123 384 4172 Poen.
398 4121 466 4172 Prol.
488 4123 526 4172 ⁴8.
546 4125 572 4172 et
592 4124 632 4172 49.
671 4137 721 4174 nus
733 4128 808 4173 recte
820 4121 976 4173 Groebelius
988 4124 1103 4173 coniecit
1115 4122 1197 4184 Quid?

105 4197 170 4246 item
192 4197 309 4258 iungitur
326 4196 399 4246 lictor
421 4199 448 4246 ct
473 4197 632 4260 dissipnctor.
671 4199 773 4255 sicet.;
791 4211 853 4247 nam
869 4198 953 4248 Codd.
967 4195 1045 4247 lectio
1058 4194 1196 4259 tranquille

106 4270 143 4322 ci.
159 4271 216 4321 Cic.
230 4269 265 4318 de
284 4271 362 4333 Legg.
376 4272 405 4330 Ξ,
418 4270 464 4332 at,
483 4271 511 4320 ot
525 4287 530 4318 :
553 4273 635 4322 domi-
672 4269 909 4332 deliberantium,
927 4272 971 4320 hic
983 4271 1112 4335 imprimis
1124 4272 1193 4333 apta.

162 4361 258 4406 ilonar.
274 4371 329 4406 ron.
346 4362 374 4406 ll.
403 4373 443 4408 nn.
460 4373 511 4407 nar.
531 4362 567 4408 lli.
997 4362 1026 4405 29
