2925 4892
545 400 758 453 sessorum
1132 394 1195 461 683

107 559 239 611 ‹lecenmo
262 560 325 625 pust
348 558 428 609 tuerit
451 558 487 609 sd
508 560 626 611 cumina
645 556 826 618 diiudicendn,
853 568 941 621 neque
959 558 1049 607 temen
1065 555 1143 619 uptus
1159 554 1195 605 nd

106 641 168 693 telis
184 642 372 707 componenda
388 643 417 692 b.
432 643 534 693 Pisonis
549 641 619 693 illius
634 642 735 702 maior,
754 642 852 705 quippe
870 642 916 705 qni
933 644 995 692 tunc
1011 652 1079 703 puer
1089 639 1196 691 ciroitm

105 725 260 776 lit-xlv.
276 737 408 776 annorum
426 724 535 785 inbuet,
557 724 638 775 elium
655 725 779 775 lisonem
796 724 1050 787 circumspectantes
1066 734 1196 787 reppere-

105 812 169 859 runt
185 809 235 859 cn.
247 809 385 867 Pisonem,
404 820 486 871 quem
502 810 637 859 memoret
651 808 733 859 Tacit
746 810 814 859 Anu.
827 808 852 867 8,
863 805 916 867 le,
934 805 981 857 nbi
998 806 1046 857 Cn.
1059 806 1193 863 Pisonem,

104 892 259 943 Germemci
275 890 426 952 inimicum,
449 892 541 955 Syriae
562 890 700 941 e'l'iberio
722 890 887 954 preelectum
904 888 999 949 uruit,
1024 889 1123 953 mesto
1138 890 1195 939 eio-

104 975 202 1025 tum
224 978 249 1025 ct
268 972 378 1034 obsepsit
399 973 533 1037 ipacrm,
558 975 636 1025 mdiu
654 974 752 1037 secde
769 979 896 1037 epatre
915 974 1041 1033 Pisone,
1067 972 1112 1035 pei
1128 972 1196 1021 ciret

105 1056 793 1121 bettompeatastsafiicnpertcsle.u.c.708.)
811 1056 1089 1107 acerrimomteirteio
1105 1056 1195 1105 emer·

104 1154 149 1191 cass
164 1140 300 1191 mm
314 1140 390 1201 eeu,
406 1140 588 1191 mecum
603 1146 629 1193 et
644 1140 1067 1204 &mmmcmlii
1083 1150 1195 1189 coccam

104 1222 607 1285 nutespscticsstenosasscoctecu,
630 1223 793 1273 mule-o
813 1220 1195 1275 cmbtrmemtcmcoie-

103 1312 179 1370 pune
195 1306 352 1357 connium
366 1306 487 1368 coeipem.
517 1304 725 1357 consulentem
742 1306 871 1357 sniicclns
888 1306 937 1357 init
952 1319 977 1357 e.
994 1319 1021 1357 u.
1038 1318 1062 1355 c.
1076 1304 1134 1355 734.
1162 1306 1196 1355 At

105 1401 218 1448 vereor.
243 1391 274 1439 ut
288 1388 368 1439 buius
384 1390 515 1453 opinionis
531 1390 649 1441 lautores
665 1393 819 1455 temporum
834 1392 951 1443 rabones
967 1392 1032 1441 setis
1048 1400 1197 1453 perspexe-

105 1475 168 1523 rint.
201 1473 249 1521 Cn.
268 1472 340 1521 enim
357 1473 418 1521 Piso
438 1475 530 1536 peter,
556 1474 601 1536 qni
619 1486 644 1523 a.
661 1486 688 1521 u.
706 1486 731 1523 o.
748 1474 805 1523 708.
824 1473 953 1523 Adrmneti
972 1486 1030 1523 cum
1045 1474 1197 1523 cremonen

105 1556 210 1607 miter
224 1554 304 1605 tribus
318 1554 418 1605 milibus
433 1556 557 1619 opposuit
573 1554 644 1619 (Beli.
656 1556 711 1607 Alr.
724 1556 776 1619 3.),
801 1558 875 1607 cuius
893 1557 939 1607 Cu.
959 1556 1042 1616 iilius,
1060 1557 1091 1606 ut
1106 1554 1196 1605 stetim

104 1638 274 1697 videbimus,
292 1638 346 1687 ism
362 1650 388 1688 e.
400 1650 428 1689 u.
441 1650 465 1689 c.
478 1638 538 1689 788.
555 1637 661 1689 Tiberio
684 1636 846 1701 obsequium
862 1637 981 1689 tribuere
998 1638 1115 1703 poteret,
1133 1635 1197 1687 udo-

104 1722 214 1773 lescens
239 1721 317 1783 igitm
341 1722 447 1771 ebciter
466 1722 521 1771 iix.
539 1732 671 1773 annorum
693 1725 758 1773 lucc
774 1724 847 1783 emt,
873 1722 931 1785 ipse
947 1734 1055 1785 quoque
1072 1722 1195 1784 tempore

105 1805 171 1857 beli
186 1804 301 1855 Airiceni
317 1805 459 1855 minimum
473 1805 624 1857 uicenerins
640 1816 702 1855 esse
719 1803 850 1865 debebel,
868 1806 947 1855 natus
966 1816 1030 1867 ergo
1047 1803 1118 1865 888,
1141 1802 1196 1853 lio-

105 1889 167 1939 rulii
182 1888 240 1939 tere
256 1886 391 1951 aequalis,
413 1886 508 1939 eonem
528 1901 553 1938 e.
568 1888 626 1939 734.
643 1900 714 1939 enno
735 1900 793 1949 suc,
819 1889 849 1939 ut
865 1886 1003 1949 dicebant,
1021 1886 1106 1937 XLlll.
1139 1886 1196 1937 lem

106 1970 181 2035 qnod
199 1969 234 2021 ed
246 1972 367 2021 Cneeum
377 1971 456 2023 buius
466 1970 550 2023 illlum
563 1972 671 2033 eminet,
689 1972 812 2022 caesaris
824 1971 987 2031 Germanici,
1005 1973 1035 2021 ul
1045 1968 1117 2021 ieme
1128 1970 1195 2029 eret,

105 2054 320 2114 interfectorem,
346 2055 452 2117 ipsein
475 2053 617 2117 codicillis,
643 2056 789 2117 autequam
810 2054 861 2105 sibi
883 2058 999 2107 mortem
1017 2052 1197 2105 conscisceret

106 2152 132 2189 c.
145 2151 174 2187 u.
187 2150 213 2187 c.
226 2136 299 2197 773,
316 2136 351 2187 ad
368 2136 504 2189 Tiberium
520 2138 676 2203 compositis
692 2138 762 2188 boec
773 2150 881 2202 quoqne
893 2138 1015 2203 scripsit:
1030 2150 1079 2199 per
1089 2136 1198 2198 emrtuos

107 2227 133 2273 et
156 2221 332 2283 miadropieto
354 2234 482 2271 meconem
506 2221 661 2282 obseouium,
683 2235 733 2284 por
757 2222 888 2286 oollopiran
909 2221 1052 2271 consuletur
1070 2219 1197 2281 quonum

106 2307 166 2355 rlioo
181 2305 294 2368 sepem
306 2306 408 2365 peceati
424 2311 467 2355 itio
479 2304 649 2367 probation
660 2306 767 2357 sulutem
781 2305 942 2369 infelicislilii
952 2318 1023 2368 rope.
1053 2304 1114 2353 Teo.
1127 2304 1195 2353 Anu.

106 2389 133 2448 3,
145 2388 188 2439 46.
216 2387 314 2439 consul
329 2390 422 2439 eutem
432 2386 539 2439 uolente
555 2388 595 2439 sic
605 2390 724 2451 Augusto
736 2400 798 2439 curn
809 2386 914 2439 Tiberio
927 2387 1014 2439 meret
1024 2400 1049 2435 e.
1062 2398 1088 2435 u.
1103 2399 1127 2437 c.
1138 2382 1204 2435 747.’

107 2472 263 2534 erravitque
286 2472 324 2531 is,
350 2472 397 2535 qui
420 2472 511 2523 Festos
534 2472 625 2522 ilionis
642 2472 726 2523 Cessit
747 2469 821 2521 libris
837 2470 947 2534 preeligi
963 2468 1055 2521 'solitos
1072 2466 1195 2525 coniecit,

107 2568 173 2606 cum
189 2556 309 2605 Gnaeum
326 2557 444 2617 petrem,
462 2553 602 2605 consulem
618 2554 761 2605 suffectum
777 2567 801 2601 e.
815 2566 842 2603 u.
856 2566 880 2603 c.
893 2552 966 2609 734.,
986 2553 1083 2601 iterum
1100 2562 1197 2601 consu·

107 2638 179 2698 lem,
197 2636 247 2689 sed
263 2633 429 2702 ἐπώνυμον,
447 2638 538 2689 stetuit
553 2638 615 2689 enni
632 2636 690 2687 iii.
716 2637 749 2687 nt
765 2636 799 2687 de
817 2636 869 2686 boc
885 2634 983 2685 eodem
999 2634 1089 2683 Cnseo
1101 2634 1197 2683 Pisone

107 2720 163 2773 fibo
180 2721 308 2785 equidem
324 2722 485 2785 interpretor
500 2721 582 2771 Tecit.
595 2723 664 2772 Anu.
677 2721 706 2782 4,
720 2720 777 2780 43.;
795 2731 858 2769 nem
875 2719 993 2782 petrem,
1012 2717 1071 2779 qui,
1089 2717 1113 2765 si
1123 2715 1198 2765 vive-

107 2806 169 2864 bul,
187 2806 252 2855 tnnc
266 2816 354 2868 peene
371 2805 558 2868 octogenarius
575 2804 681 2865 linsmt,
708 2803 787 2855 nimis
804 2798 959 2853 incredibile
977 2801 1019 2851 esi
1034 2799 1198 2863 principatus

108 2899 240 2952 cepecem
265 2900 383 2951 eumque
407 2900 541 2952 occupare
563 2898 693 2939 ausurum
717 2886 807 2937 luisse.
842 2887 898 2937 lem
921 2885 944 2935 si
966 2882 1090 2933 Horatius
1105 2882 1197 2932 Artem

108 2972 245 3036 poeucem
261 2972 413 3034 scripsisset
428 2972 496 3022 intre
512 2983 598 3022 ennos
614 2971 664 3021 733
675 2998 702 3007 -
712 2970 781 3029 7344,
807 2970 913 3020 Cneeus
935 2966 1004 3017 iilius
1022 2978 1087 3017 senc
1102 2964 1198 3014 iuuenis

107 3055 201 3105 vocari
218 3056 337 3117 pciernl;
364 3054 429 3116 sed,
455 3067 518 3105 cum
534 3056 638 3115 omniu,
665 3054 795 3119 imprimis
812 3052 950 3103 maturitas
967 3048 1103 3113 qneedem
1119 3047 1198 3099 totius

107 3138 325 3202 compositionis,
352 3148 403 3189 nos
427 3138 497 3187 banc
517 3139 693 3202 scriptionem
708 3136 744 3187 ed
760 3134 867 3187 ultimos
883 3136 979 3199 po'etee
996 3146 1081 3185 ennos
1097 3131 1198 3183 relerre

108 3222 236 3281 iubeant,
262 3222 350 3273 virum
374 3222 482 3272 circiter
496 3222 629 3273 mvill.
648 3234 733 3272 ennos
753 3222 845 3271 uelum
862 3220 926 3271 subs
943 3218 1090 3271 absurdum
1107 3214 1200 3267 luisset

107 3306 143 3355 itu
163 3303 312 3369 appellere,
331 3308 361 3357 ul
376 3304 446 3356 iecit.

176 3389 290 3451 Dignum
316 3391 359 3440 est
382 3391 533 3440 memoratu
554 3387 633 3451 iilud,
659 3388 732 3452 quod
756 3387 836 3437 trudit
855 3385 1016 3449 Porphyris:
1047 3384 1095 3433 «lu
1116 3394 1197 3444 quem

108 3475 211 3525 librum
226 3474 360 3535 congesmt
374 3476 519 3536 praerepta
535 3470 701 3537 Neoptolemi
718 3468 780 3535 {ceri
792 3465 951 3541 Παριανοῠ)
966 3467 1000 3517 de
1012 3468 1069 3517 erte
1083 3465 1196 3529 poetice,

109 3571 165 3609 non
183 3554 294 3619 quidem
309 3556 414 3615 omnio,
431 3556 483 3607 sed
499 3556 734 3607 eminentissime.»
764 3556 820 3605 iioc
837 3554 927 3603 eutem
944 3551 1006 3613 fingi
1023 3550 1067 3599 vix
1083 3548 1198 3612 polemi,

109 3641 174 3700 sed,
200 3642 231 3689 nt
247 3643 372 3704 apparet,
399 3638 572 3703 desumptum
592 3642 635 3690 esi
650 3652 684 3689 ex
701 3638 810 3701 eanuo
827 3634 915 3699 ulique
931 3635 1002 3686 Artis
1018 3632 1140 3697 poetices
1157 3632 1199 3681 in-

110 3724 246 3787 terprete,
263 3722 400 3786 inquibus
412 3722 460 3773 luit
471 3724 502 3783 0.
515 3724 653 3774 terentius
664 3723 793 3779 Securus,
812 3718 937 3771 flacceat
950 3715 1101 3779 emporibus
1110 3728 1199 3779 morn-

108 3807 219 3857 meras
231 3806 272 3856 oei
287 3802 452 3856 nobiliacum
469 3806 541 3871 (Geli.
554 3808 596 3865 44,
609 3807 650 3867 45,
663 3805 714 3866 3,),
732 3806 809 3855 unius
821 3802 1062 3853 Gosnmsattcriorum
1078 3800 1105 3848 io
1116 3800 1201 3849 Artem

107 3890 236 3953 pulicum
252 3888 372 3954 (Horati)
389 3890 481 3940 llbm
496 3890 527 3940 Χ.
544 3892 678 3940 memoret
693 3888 830 3939 Charisius
847 3899 873 3950 p.
887 3886 949 3945 488,
963 3886 988 3935 o.
1002 3887 1029 3935 el
1045 3884 1102 3944 488,
1115 3883 1156 3933 47.
1169 3884 1198 3933 Ρ.

109 3974 149 4023 De
167 3970 342 4035 Neoptolemo
358 3974 448 4023 eutem
461 3974 587 4033 Pmieno,
605 3974 684 4036 poete
695 3975 723 4021 et
734 3969 918 4033 grammatico,
936 3968 998 4018 vide
1011 3966 1121 4017 Febricii
1132 3964 1199 4016 bibl.

111 4057 155 4105 Gr.
169 4055 212 4105 ed.
226 4053 297 4105 lieri.
309 4056 352 4105 Vl.
371 4070 397 4119 p.
411 4056 486 4115 373.,
503 4054 648 4105 Villoisonii
664 4053 766 4116 Proleg.
784 4052 819 4103 ed
836 4052 908 4103 iliud.
929 4066 956 4117 p.
969 4050 1061 4110 xxii„
1080 4048 1200 4099 bieinsiii

110 4137 238 4189 Anelecte
255 4137 395 4189 limando.
415 4152 443 4203 p.
456 4139 527 4201 eon,
550 4139 596 4201 qul
613 4138 723 4202 quidem
741 4136 812 4187 bend
830 4136 908 4185 nimis
925 4131 1098 4198 probebiliter
1113 4130 1201 4193 suspi-

112 4226 204 4283 catur,
221 4221 361 4272 tlomiinm
376 4222 485 4273 bnurire
501 4220 627 4273 nonnulla
644 4222 762 4286 petuisse
775 4232 807 4272 ex
818 4217 888 4271 illius
897 4219 1023 4283 miscete
1034 4214 1098 4285 sepi
1108 4207 1203 4264 dorsi·
