2925 4892
259 344 321 411 528
614 335 745 389 itonam
761 331 982 385 EPISTOLARUM

303 498 499 567 lncolumem
521 493 577 559 tibi
599 512 652 558 me
676 496 841 578 praestant
863 482 1110 572 Septembribus
1131 480 1231 546 boris.

305 624 350 689 Tu
373 627 462 685 recte
484 616 582 691 vivis,
607 613 634 679 si
656 630 753 678 curas
774 628 850 675 esse
871 605 962 693 qood
982 604 1087 671 audis.

304 744 461 808 lactamus
485 732 677 821 iampridem
699 729 805 797 omnis
827 738 859 793 te
880 729 982 794 Roma
1003 724 1150 801 beatum;

305 860 370 929 Sed
391 878 526 933 vereor,
550 875 592 921 ne
614 853 666 921 cui
689 851 731 917 de
753 860 786 916 te
807 848 881 936 plue
907 866 1005 933 mam
1026 844 1083 913 tibi
1105 842 1235 917 credas,

303 984 391 1050 Neve
413 989 508 1067 putes
530 976 628 1042 alium
652 972 800 1060 sapiente
821 968 974 1055 bonoque
993 966 1140 1041 beatum,
1313 962 1352 1026 20

331 1152 371 1202 to.
389 1148 528 1200 monimum
544 1144 577 1205 b,
597 1144 624 1193 et
641 1143 682 1193 sic
696 1152 759 1191 cnm
782 1138 866 1189 lahnii
888 1137 936 1188 Ed.
955 1149 995 1200 pr.
1015 1146 1159 1199 operarum
1177 1144 1271 1183 errore
1289 1131 1322 1182 ll.

301 1250 328 1263 -·
349 1224 389 1274 48.
407 1224 528 1272 locternus
544 1218 570 1268 d.
676 1232 678 1239 ·

266 1374 340 1438 speri
357 1382 439 1435 qnam
461 1368 547 1428 initio,
569 1363 612 1415 vel
634 1375 791 1413 amoenae.»
830 1361 940 1412 minime
965 1357 1097 1409 dubitem.
1133 1356 1165 1405 Et
1186 1368 1237 1419 pro
1260 1354 1356 1415 Quintil

268 1446 320 1499 Sed
333 1446 452 1511 praestat
462 1440 605 1507 simplicior
616 1432 721 1503 κλΐμαξ
729 1436 791 1487 leot.
830 1437 936 1500 ingenio
950 1432 1115 1485 nemoribus
1127 1433 1204 1494 iquos
1216 1430 1299 1480 nimis
1310 1429 1358 1477 ini·

266 1522 356 1581 edum,
375 1518 402 1568 id
415 1520 464 1579 est,
482 1517 614 1578 imsuper,
625 1514 792 1577 prastsrea.·
830 1524 884 1574 que
902 1509 1054 1573 deprimunt
1071 1507 1234 1569 interpretes
1250 1506 1358 1567 praeter

268 1596 322 1647 Cir.
335 1592 440 1645 Ellendt
456 1590 490 1641 ad
502 1591 556 1641 Cic.
570 1587 603 1638 de
616 1587 701 1645 Orsi.
721 1586 751 1644 l,
768 1584 792 1632 l.
831 1583 991 1644 lacobsinml
1021 1582 1074 1631 hoc
1099 1592 1164 1630 sane
1189 1576 1359 1642 praeclarum

269 1669 345 1721 lland
362 1669 436 1718 Turs.
455 1666 485 1715 ll.
507 1677 534 1728 p.
551 1664 609 1713 our.
635 1656 795 1711 Doederlein
832 1658 1015 1709 testimonium
1032 1656 1131 1713 exstat,
1150 1651 1224 1715 qnod
1236 1651 1359 1700 Horatius

268 1744 363 1805 Spano.
382 1742 424 1791 lli.
443 1750 470 1803 p.
488 1738 543 1787 sa:
572 1733 683 1785 «dulces
703 1732 796 1782 bezielrt
833 1745 896 1782 eum
908 1732 1020 1794 dignum
1030 1728 1135 1788 hebuit,
1152 1731 1195 1776 cul
1206 1723 1360 1775 huiusmodi

269 1818 321 1867 siclt
336 1815 385 1877 cu!
398 1811 593 1872 dnmbjektioer
607 1806 795 1870 Wobipetoiler,
833 1803 978 1870 Epistulam
1007 1804 1134 1853 mitteret.
1172 1798 1245 1851 Alius
1271 1802 1360 1848 eutem

271 1901 401 1941 amoenae
413 1883 586 1947 oufobjelrtive
597 1881 752 1930 Selom.»
766 1906 793 1914 -
834 1879 965 1939 Quintius,
978 1875 1091 1925 lormsse
1102 1874 1181 1924 huius
1192 1872 1272 1931 lilius,
1286 1884 1362 1936 prue-

266 1960 407 2029 pruestuet]
427 1959 587 2015 «servantp
610 1954 797 2018 potiusquam
834 1956 876 2001 tor
892 1964 917 1999 a.
935 1964 962 2000 u.
982 1948 1076 1998 cibi.
1104 1949 1164 2010 (Dio
1182 1948 1258 1997 Cass.
1276 1949 1319 1996 bb.
1336 1958 1361 2009 p.

272 2036 412 2089 esistunt.»
437 2034 471 2082 Ea
484 2029 639 2094 significatio
651 2028 695 2079 hic
707 2025 797 2076 locum
835 2025 892 2075 358.
910 2023 971 2085 st),
997 2020 1039 2071 vel
1061 2024 1172 2085 propter
1188 2023 1308 2069 aetatem
1324 2022 1363 2067 si·

271 2110 368 2169 babet,
392 2121 425 2157 ex
442 2119 494 2170 qua
509 2108 641 2166 proestare
657 2113 740 2165 saepe
757 2099 800 2149 est
835 2100 914 2149 detur
930 2099 1011 2148 luisse
1028 2096 1071 2147 ille
1088 2094 1169 2146 lullae
1189 2093 1313 2154 adulter,
1330 2094 1363 2143 de

272 2181 522 2250 pewdbrleistec,
534 2176 734 2241 porcetireu.
754 2174 800 2222 Se·
836 2188 891 2238 quo
905 2170 997 2222 Vellei.
1009 2173 1064 2221 Pat.
1078 2172 1104 2231 2,
1118 2170 1180 2219 loo:
1199 2170 1365 2230 Quicunque

274 2270 341 2309 neca
354 2256 435 2319 Epist.
449 2252 489 2313 lb,
504 2254 548 2301 tt:
566 2253 723 2314 sortumtnm
740 2247 800 2295 beu—
837 2248 980 2311 caeptum,
997 2246 1152 2309 ςᾰηρυιαναιι
1166 2244 1312 2304 massam
1326 2258 1365 2293 ,u-

273 2340 374 2393 trmque
395 2332 544 2391 proestare:
563 2348 589 2360 -
617 2320 801 2385 Septembribus
833 2322 939 2386 percitio
966 2322 1033 2370 traici
1057 2324 1190 2383 praepete
1213 2323 1238 2367 et
1265 2318 1314 2367 otii
1330 2342 1364 2353 ·-

273 2408 349 2469 bons]
368 2404 407 2455 Ci.
421 2405 474 2453 Sat.
486 2404 512 2461 2,
526 2402 550 2462 6,
568 2400 612 2450 49;
632 2399 802 2449 Aoetummo-
835 2410 930 2461 poenos
942 2395 1093 2457 pependere,
1110 2406 1168 2443 cum
1184 2393 1306 2443 muris
1319 2392 1366 2455 pti

275 2496 323 2547 pue
338 2478 437 2545 probb,
461 2475 584 2526 Libitinae
600 2477 716 2535 ecculm
732 2483 804 2521 ocer-
839 2486 882 2522 om
901 2477 925 2521 et
943 2470 1050 2521 Neronis
1068 2468 1200 2517 violassent
1215 2468 1364 2531 Μαι,-

275 2556 329 2605 bue.
349 2554 381 2604 Et
392 2548 464 2614 apud
476 2550 567 2599 luven.
581 2548 605 2607 6,
619 2546 680 2597 5⁴7:
700 2544 804 2597 &unde
839 2559 893 2612 quo
909 2547 937 2595 in
952 2543 1012 2594 loco
1028 2542 1107 2592 tacite
1124 2554 1175 2606 per
1189 2553 1315 2601 suerum,
1338 2544 1367 2589 ut

275 2634 348 2681 sonui
375 2622 564 2689 (archigallus)
589 2620 714 2681 metuique
738 2618 804 2669 iubet
839 2621 959 2681 videtur,
978 2630 1099 2669 errorem
1110 2617 1180 2665 Kritz
1192 2614 1366 2677 ediditouie-

277 2700 426 2767 separeris
442 2703 465 2749 et
480 2697 567 2748 Arabi
582 2696 727 2746 Adventum.
840 2701 928 2756 tiaeque
943 2693 1079 2755 ortpeua
1110 2692 1178 2740 Sane
1195 2690 1280 2739 etiam
1296 2688 1365 2753 apud

312 2778 352 2827 li.
382 2776 498 2823 inrecte
515 2769 578 2833 cet]
596 2768 747 2819 Sententiae
765 2766 804 2817 sic
840 2770 954 2820 Dionem
981 2770 1023 2819 est
1046 2762 1169 2826 Κόϊντος
1195 2763 1365 2833 Κρισπῖνος.

278 2865 308 2902 se
320 2848 455 2912 excipiunt
466 2860 472 2893 ε
492 2846 575 2907 «Ego,
589 2844 618 2891 ut
629 2840 760 2906 perspicis
771 2852 805 2889 er
840 2845 875 2894 At
890 2844 995 2907 poterat
1011 2841 1036 2890 ei
1047 2852 1147 2889 nomeu
1157 2850 1218 2889 esse
1230 2840 1260 2900 Q.
1273 2838 1368 2900 omiti
1439 2854 1447 2876 ·.

278 2925 334 2983 bis,
353 2934 422 2984 quac
439 2918 488 2968 tibi
505 2916 613 2979 scripsi,
633 2928 676 2965 me
694 2912 804 2963 beatum
842 2917 957 2979 Oriapim.
990 2914 1050 2965 Vix'
1063 2917 1155 2963 autem
1179 2914 1245 2963 satis
1269 2914 1367 2964 nemeis

279 3010 341 3048 esse
366 2994 454 3049 duco;
481 2987 600 3041 similiter
624 2990 651 3037 te
675 2988 748 3037 cives
768 2986 806 3035 tui
842 2988 994 3041 hominibus
1005 2988 1057 3038 hoc
1068 2985 1193 3037 inculcari
1205 2990 1305 3050 potest,
1319 2989 1368 3037 up

280 3070 389 3121 beatum
406 3063 571 3129 praedicant.
598 3062 655 3121 Quo
667 3061 752 3123 magis
764 3073 806 3110 cn-
842 3068 939 3116 rubum
955 3062 1102 3113 admodum
1119 3060 1170 3111 sibi
1190 3059 1326 3123 placuisse
1342 3063 1368 3109 in

281 3156 328 3203 ve,
354 3153 388 3190 ne
414 3137 555 3200 decipiaris
581 3136 689 3185 externa
714 3144 806 3183 rerum
844 3142 929 3193 rme„
953 3136 1087 3187 imitandis
1107 3136 1256 3185 stoicorum
1275 3148 1368 3205 ιαμ.

281 3218 371 3282 specie
398 3226 450 3263 neu
476 3214 502 3261 ts
527 3212 711 3261 transversum
727 3209 807 3270 agant
843 3212 940 3279 δόξας
957 3216 986 3263 02
1001 3214 1056 3262 sota
1072 3209 1187 3261 docendi
1203 3210 1321 3268 ratione,
1340 3216 1368 3271 μ

281 3290 350 3354 volgi
362 3288 458 3339 iudicia
469 3297 600 3350 persaepe
614 3282 721 3344 fallacia,
738 3281 806 3331 adeo
844 3290 951 3340 „empne
976 3288 1166 3351 praeterquam
1195 3296 1211 3331 a
1239 3284 1368 3333 Cim

281 3371 312 3421 ut
329 3366 446 3430 negliges
463 3361 600 3427 proprium
612 3359 744 3418 sibilium,
762 3370 809 3407 VO·
843 3366 913 3413 inter
937 3361 1044 3412 batim
1066 3360 1144 3409 antee
1161 3359 1216 3406 tam
1233 3355 1370 3420 eleganter

282 3456 341 3495 ram
357 3437 565 3494 beatitudinem,
592 3445 661 3497 quae
685 3432 764 3481 unice
780 3431 808 3480 iu
844 3436 1115 3498 mcuu,]perqnsm
1126 3430 1369 3482 ‘0¹⁵0st01'd0l1mss

283 3518 368 3568 temet
395 3516 453 3577 ipso
481 3511 530 3561 sta
560 3520 620 3558 esse
647 3507 752 3570 potest,
782 3505 809 3554 et
845 3510 927 3564 sotim
943 3503 1104 3571 ιιιιειξεων
1121 3505 1225 3556 illarum
1242 3506 1327 3564 vicis,
1344 3504 1369 3554 ιι

282 3587 447 3654 adipiscendi
465 3587 492 3635 et
508 3580 709 3634 conservandi.»
738 3579 808 3628 'l'an-
845 3587 900 3646 ost,
918 3579 1167 3646 exaggerationibus
1183 3578 1371 3641 eigana-edt-

284 3666 342 3713 tum
359 3664 448 3713 autum
461 3659 551 3718 abest,
569 3658 600 3706 ut
616 3656 711 3720 poetae
727 3665 809 3717 ptat-
846 3658 924 3709 cendi
948 3656 1030 3707 modo
1051 3656 1130 3705 nimis
1151 3666 1250 3716 aspero
1271 3656 1302 3702 et
1316 3654 1370 3716 spi-

285 3739 363 3801 cepte
396 3734 479 3785 ullum
512 3733 663 3783 monstrent
686 3726 808 3779 laedendi
846 3746 930 3792 noso,
948 3730 1028 3781 modo
1044 3731 1127 3778 vitam
1142 3725 1323 3776 umbraticam
1339 3737 1370 3774 se

285 3811 405 3861 animum
437 3810 483 3858 aut
512 3805 647 3866 Quintium
671 3805 810 3865 umquam
847 3804 952 3857 scbolas
968 3804 1047 3854 nimis
1064 3800 1211 3852 redolente.
1236 3826 1264 3835 -
1289 3797 1369 3861 nudis]

286 3883 530 3935 hominemvanum
539 3880 665 3941 civesque
674 3888 739 3928 suos
750 3887 811 3937 pen-
848 3878 961 3929 «diceris
972 3890 1064 3937 esse‚»
1081 3877 1111 3925 ut
1121 3870 1228 3935 κλύεις,
1243 3866 1368 3934 ἀκούεις.

286 3959 367 4022 petua
384 3952 550 4005 simdlatione
568 3951 747 4015 decipientem
764 3960 812 3997 nc·
848 3952 959 4016 el.Epp.
969 3952 993 4012 l,
1006 3951 1031 4011 7,
1041 3948 1081 3999 38.
1094 3947 1239 4010 cruquius:
1254 3945 1371 3996 «Estso

287 4031 329 4081 bis
353 4026 518 4087 describant,
546 4028 576 4074 ut
591 4026 680 4089 ipsum
696 4022 811 4072 libenter
848 4027 989 4086 craneum,
1002 4023 1078 4073 omas
1088 4021 1209 4071 meminit
1220 4020 1277 4069 Cic.
1288 4016 1372 4069 deol-

288 4106 316 4155 οι
331 4102 406 4166 grato
424 4100 449 4150 in
465 4101 574 4163 poetam
589 4099 679 4149 animo
696 4097 746 4147 bas
763 4108 811 4145 cx·
848 4100 926 4161 flea,
940 4100 981 4160 tt,
994 4097 1038 4149 43:
1056 4096 1207 4147 ilaeeoicm
1217 4094 1254 4142 ud
1263 4092 1373 4156 piceio·

288 4176 451 4227 hortationes
476 4174 641 4225 semistoicas
666 4170 811 4236 perlegisse
846 4166 1373 4238 pemmaqeeeemapoediueinsdi·
