2925 4892
514 397 574 448 mn.
593 397 612 448 1.
647 399 746 450 srrsr.
765 399 796 449 v,
1137 402 1200 468 tia

154 555 323 620 Contracta
345 572 443 640 quem
465 573 530 618 non
553 553 585 618 in
606 563 797 642 paupertate
820 554 987 623 solutum?
1156 561 1199 626 20

151 675 240 742 llaec
263 695 325 762 ego
347 693 524 762 procurare
549 684 581 741 et
602 674 740 742 idoneus
762 675 905 764 imperor
927 687 960 744 et
980 698 1045 744 uon

151 796 288 873 lavitae,
311 815 354 861 ne
376 803 470 882 turpe
492 794 589 874 toral,
612 815 653 862 ne
676 796 809 864 sordida
830 818 948 886 mappa

149 917 309 1004 Corrugct
330 937 442 994 nares,
465 937 507 983 ne
529 937 594 984 non
616 927 648 985 et
670 915 842 984 cantharus
864 929 897 986 et
917 919 991 986 lanx

148 1037 310 1106 Ostendat
330 1036 386 1103 tibi
409 1047 521 1118 te,‚ne
544 1035 627 1105 fidos
649 1038 732 1105 inter
753 1040 875 1106 amicos

169 1284 213 1334 23.
232 1284 305 1333 νισιΐι
321 1285 350 1334 C.
372 1311 399 1320 -
417 1297 463 1334 nec
477 1297 528 1335 oon
545 1283 583 1334 bd
601 1287 628 1336 et
645 1297 713 1334 corr.
733 1297 757 1334 e.

104 1501 152 1550 boc
170 1499 313 1550 dumtaxat
323 1497 382 1549 loco
392 1502 421 1550 et
431 1498 503 1564 apud
515 1499 570 1550 Cic.
583 1512 631 1563 pro
668 1491 783 1550 Αἰιιιονσι
796 1501 983 1564 hibernorum,
1001 1507 1195 1566 σιισιιιοινὶινιιι

102 1574 227 1626 Cluentio
245 1574 291 1635 37,
312 1573 368 1625 tot.
399 1574 512 1638 (Adducti
528 1574 630 1638 iudicer)
668 1574 755 1622 iwort
775 1576 810 1624 Tu
824 1589 934 1638 ιισσιριισ
949 1578 1015 1627 totus
1030 1594 1128 1630 eomuc
1143 1583 1194 1630 cd·

101 1651 246 1714 reperitur.
274 1675 301 1684 -
324 1649 441 1711 Facundi]
465 1650 580 1714 «copiosi
604 1652 632 1700 ct
668 1648 706 1697 dis
719 1650 844 1711 paupert:
867 1651 968 1714 lupeoto
985 1653 1050 1702 doro
1070 1655 1123 1705 lene
1138 1660 1194 1704 ter-

100 1724 285 1783 abundantcs,
304 1726 349 1786 qui
367 1737 506 1788 sempera
523 1724 631 1788 pincer-
668 1727 779 1772 mestrem
794 1725 922 1785 admoves,
946 1727 1097 1788 Sasppedttcs
1118 1742 1193 1780 amic

100 1801 139 1850 nis
162 1797 348 1862 repleantur.»
380 1797 470 1848 Altera
491 1798 629 1863 explicatio
666 1797 770 1857 ineunt,
788 1798 1031 1850 tbntdocudeetcm.
1061 1800 1193 1853 Obbsrins

99 1873 237 1925 ebibentia
255 1873 390 1935 ingenium
408 1871 629 1937 lecundumrad-
667 1871 745 1920 atiert
760 1869 864 1936 lepidos
880 1873 1008 1926 Varronis
1018 1887 1115 1926 versus
1132 1877 1190 1940 Frg.

98 1949 213 2000 dentes»
231 1947 338 1998 videtur
353 1948 432 1997 nimis
448 1946 526 2011 longe
541 1959 630 1998 arces·
665 1958 692 2009 p.
713 1945 772 1995 272.
793 1946 849 2009 Rip.
871 1959 905 1996 ex
926 1948 1011 1998 Nonio
1033 1962 1060 2013 p.
1081 1950 1123 2000 28.
1145 1951 1190 2001 lla

97 2025 155 2074 sita.
189 2025 263 2074 Sane
285 2023 402 2074 Maccius
422 2021 525 2072 Anthol.
544 2021 625 2072 Palnt.
669 2019 729 2070 Vtoe
745 2019 808 2068 albii
823 2020 1191 2083 qouqmmiueeumute

96 2099 126 2147 ll.
144 2111 170 2162 p.
193 2095 253 2148 tta.
273 2095 337 2146 dixit
354 2089 520 2162 εὔγλωσσον
531 2124 546 2135 -
557 2124 572 2135 -
584 2092 628 2146 ol·
665 2094 717 2144 Hoc
734 2095 917 2157 αοςῆινσίιιονι
933 2097 969 2144 od
983 2098 1132 2148 medardum
1149 2099 1192 2148 io-

96 2187 160 2233 νον,
191 2171 244 2223 sed
269 2171 296 2222 h.
319 2170 337 2222 l.
358 2171 472 2222 duorum
499 2172 628 2223 Codicum
664 2171 799 2227 σινιοιπνιι,1
815 2169 869 2218 iloc
883 2169 1021 2220 ammae
1036 2171 1192 2222 deberent-

96 2247 302 2298 llonacensium
325 2248 353 2296 st
375 2245 489 2296 duorum
511 2247 627 2297 Pottierli
665 2243 784 2301 narium
798 2241 852 2292 Hoc
862 2241 969 2294 continet
984 2247 1191 2309 coepulwneoo·

96 2322 127 2384 (t.
154 2322 192 2384 7.)
221 2319 300 2370 lectio
325 2320 429 2382 famudi
456 2320 627 2372 intolerabilis
664 2318 742 2366 uiuis.

96 2397 168 2446 esset
186 2392 332 2458 tautologia
344 2407 406 2444 cum
417 2409 443 2444 ν.
453 2395 581 2445 demtum.
597 2423 625 2432 -
697 2392 787 2441 24-25.
816 2403 862 2455 epo
874 2393 1026 2458 promerere]
1043 2395 1099 2444 lloc
1111 2395 1188 2446 dicit:

95 2468 245 2533 Contracta]
264 2473 349 2530 carta,
368 2471 506 2532 angusta.»
532 2471 624 2519 scaen.
666 2479 725 2516 «me
746 2468 804 2531 ipso
821 2467 987 2531 inspectante
1005 2482 1100 2520 servus
1118 2471 1191 2520 stru·

95 2545 132 2596 ct.
153 2544 209 2595 Od.
231 2543 260 2602 3,
287 2543 318 2602 2,
346 2543 369 2592 4.
391 2569 420 2578 -
437 2543 554 2606 seticum]
576 2541 625 2591 nab
665 2543 723 2592 ctor
743 2533 879 2602 mensam,
905 2544 937 2591 ut
956 2543 1048 2604 decet,
1075 2557 1190 2607 appara-

94 2619 224 2670 omnibus
248 2615 297 2668 illis
315 2619 392 2680 quau
412 2615 538 2678 vinculis,
566 2617 627 2681 qni·
664 2614 734 2666 bit.»
767 2613 870 2664 Pendet
891 2617 982 2665 autem
1005 2628 1030 2664 v.
1047 2629 1190 2678 procurare

92 2694 144 2745 bus
162 2694 463 2744 cumanosonerant.»
491 2693 626 2756 lienapo-
665 2691 692 2740 et
719 2701 734 2737 a
762 2701 790 2738 v.
819 2689 921 2737 iconem
948 2689 997 2750 (ad
1024 2689 1190 2752 providenda

93 2772 135 2819 tus
161 2769 240 2819 enim
266 2765 414 2827 malorum,
441 2765 538 2830 quibus
561 2764 625 2816 alias
664 2763 767 2822 omnia,
788 2758 948 2825 ἐπιτήδειος
961 2755 1145 2828 οἰκονομεῖν)
1163 2766 1190 2814 et

9 2875 10 2910 ρ
92 2843 242 2907 premitur,
264 2842 385 2892 omnium
402 2839 574 2891 obliviscitur.
595 2866 623 2877 -
664 2849 723 2886 av.
737 2836 856 2897 imperor.
878 2838 1046 2900 -impsrou
1063 2837 1187 2898 «Omnia,

93 2920 139 2969 av.
156 2921 315 2982 paupertate
335 2917 369 2966 ita
388 2917 506 2980 positum
524 2917 577 2976 cst,
596 2917 626 2964 ut
664 2925 734 2976 quae
751 2911 863 2974 requirit
882 2910 996 2962 boniac
1017 2911 1078 2962 laeti
1096 2912 1190 2963 convi-

92 2991 171 3044 aimul
190 2992 229 3043 ad
245 2991 414 3055 participium
430 2990 563 3054 pertineat
583 3003 625 3038 so·
662 2987 763 3036 valoris
779 2984 908 3046 cilicium,
933 2999 983 3049 ego
1005 2987 1124 3051 prolecto
1141 2999 1189 3037 ac·

9 3061 10 3080 ³
92 3065 626 3132 hdmnpruiopoupertctcectutmnpcu·
663 3062 756 3110 curate
772 3058 929 3124 praestabo,
955 3059 1037 3110 ueluti
1060 3062 1081 3112 si
1104 3059 1187 3123 alius,

9 3137 10 3140 ’
89 3149 219 3203 putate»
237 3141 357 3190 Diuum.
378 3140 535 3198 lucetius,
549 3139 622 3202 pute,
664 3135 705 3184 cui
723 3136 764 3186 ius
781 3137 855 3185 essct
870 3147 915 3185 me
932 3133 993 3185 talia
1011 3135 1135 3197 iubendi,
1160 3136 1188 3186 id

92 3215 219 3267 absolute
228 3214 372 3277 accipitur,
385 3214 415 3262 ut
426 3216 469 3264 est
479 3211 533 3262 Cic.
547 3212 623 3262 Verr.
663 3221 707 3259 me
730 3208 819 3259 iacere
842 3210 989 3260 iussisset.»
1024 3211 1106 3261 Nobis
1129 3213 1186 3261 est:

92 3291 189 3341 Accua.
211 3290 241 3348 2,
267 3289 313 3350 75,
339 3287 400 3337 ⁴85:
427 3287 513 3337 coium
528 3299 626 3348 emper
662 3283 702 3332 ici
717 3284 1002 3333 mmmicbbeiuen.
1031 3286 1188 3335 locoseboc

92 3366 194 3415 soluto
222 3363 349 3425 liberoque
372 3366 435 3412 erat.
464 3386 492 3397 -
520 3359 624 3412 Similes
663 3356 714 3407 dici
732 3358 816 3407 cuiuis
835 3356 1006 3407 manifestum
1028 3361 1077 3407 est.
1108 3360 1189 3409 Cete-

92 3438 166 3490 locos
178 3439 218 3490 de
234 3437 290 3487 vini
306 3435 448 3487 nautibus
459 3434 513 3484 vid.
527 3434 562 3484 ad
574 3435 622 3485 Od.
662 3445 723 3482 rum
753 3433 864 3494 imperor
891 3443 940 3493 pro
965 3431 1107 3492 inoperatur
1127 3432 1189 3480 milit

92 3515 119 3576 3,
136 3517 181 3566 Ἡ,
215 3511 337 3577 Diphilus
354 3511 426 3577 apud
442 3511 538 3561 Athen.
552 3511 577 3571 t,
591 3512 622 3560 νε
662 3507 726 3557 dixit
743 3519 776 3556 ex
792 3502 984 3555 consuetudine
1002 3506 1103 3554 Graeca
1114 3507 1142 3554 et
1153 3505 1188 3556 ad

89 3580 123 3638 Ὦ
140 3587 217 3639 πᾶσι
242 3592 306 3649 τοῖς
328 3582 472 3657 φρονοῦσι
497 3599 624 3656 προσφι-
662 3580 810 3643 analogiam
828 3593 852 3628 v.
871 3578 965 3628 iubeor.
996 3577 1078 3629 Cib.
1097 3581 1126 3629 Ρ.
1140 3580 1186 3630 56:

93 3661 213 3714 λέστατε
239 3659 363 3712 Διόνυσε
387 3661 436 3711 καὶ
461 3656 622 3722 σοφώταθ’,
661 3656 781 3706 tavideor.
797 3681 824 3690 -
837 3658 910 3714 liupo
926 3652 1072 3716 torallvid.
1086 3653 1185 3704 adSat.

94 3733 132 3801 ὦς
149 3733 225 3804 ἡδύς
242 3750 286 3798 τις
303 3731 343 3795 sl,
355 3731 404 3798 Ὃς
420 3730 472 3785 τὸν
488 3729 623 3784 ταπεινὸν
661 3733 690 3792 2,
709 3728 739 3789 l,
757 3727 802 3778 Sl:
821 3728 904 3777 mtuto
920 3727 1024 3776 toralia
1040 3755 1067 3763 -
1083 3729 1188 3791 mappa]

94 3815 169 3879 μέγα
186 3813 310 3882 φρονεῖν
327 3813 419 3871 ποιεῖς
434 3804 539 3873 μόνος,
565 3803 623 3859 Τὸν
662 3804 701 3855 Gi.
715 3804 768 3852 Sat.
782 3803 812 3862 ἲ,
826 3801 857 3862 8,
871 3801 911 3850 63.
924 3828 952 3837 -
965 3801 1095 3865 Compet]
1109 3803 1188 3862 Quin—

94 3883 145 3949 νὰς
156 3883 255 3957 ὀφρῦς
266 3881 386 3956 αἴροντα
396 3884 565 3949 συμπείθεις
575 3897 623 3950 γι-
662 3879 698 3930 til.
712 3880 757 3939 lt,
776 3877 806 3938 3,
825 3877 870 3926 ao:
889 3875 1001 3926 Naribus
1016 3875 1144 3939 irimque
1154 3904 1165 3915 -
1176 3904 1188 3915 -

94 3958 159 4027 λᾷν,
186 3959 245 4010 Τόν
268 3962 291 4010 ν’
313 3953 425 4023 ἀσθενῆ
448 3955 558 4025 τολμᾷν
580 3972 622 4019 ιι,
661 3954 769 4014 coine,
787 3955 953 4012 σονισοιμιιιι,
969 3951 1101 4013 fastiditur
1111 3951 1188 4015 σι’ριιι-

94 4032 144 4085 τὸν
161 4031 259 4085 δειλὸν
276 4029 402 4104 θρασύν·
428 4046 497 4097 quae
519 4033 623 4083 Grotius
659 4028 735 4092 ficari
750 4026 818 4075 rotet.
852 4025 920 4074 Nem
936 4029 960 4074 ct
975 4038 1120 4088 corrugare
1138 4038 1187 4075 na-

95 4111 247 4160 Horatianis
263 4107 354 4160 verbis
371 4121 436 4158 usus
454 4109 492 4158 sic
509 4107 535 4157 in
553 4107 623 4156 Lati·
661 4116 719 4163 res,
742 4105 771 4149 ut
787 4099 907 4149 iteratim
922 4099 972 4157 ott,
995 4104 1019 4149 et
1034 4099 1125 4164 inpare
1140 4125 1155 4135 -
1171 4123 1186 4134 -

96 4197 160 4234 num
180 4184 313 4234 convertit
328 4183 451 4246 Excerpt.
465 4183 507 4232 l'r.
520 4194 546 4245 p.
560 4181 621 4230 797:
660 4177 806 4227 indecorum
826 4178 869 4222 cat.
891 4201 918 4209 -
937 4186 968 4223 ue
989 4187 1039 4222 nou
1061 4171 1122 4236 cet]
1142 4172 1187 4220 cut

96 4259 194 4308 overe
210 4259 308 4321 topicos
324 4270 354 4306 oc
370 4258 459 4307 mito
473 4253 624 4318 sapientibus
661 4249 757 4317 pocula
767 4251 795 4299 et
805 4249 911 4313 patinae
920 4250 1109 4311 argenteorum
1121 4258 1186 4309 spe-
