2925 4892
262 386 325 452 ate
436 447 437 451 ,
642 385 770 436 uonlrn
787 384 985 455 strrnnnnu„

314 544 442 611 Externi
465 564 505 609 ne
528 542 607 629 quid
627 540 732 607 valeat
754 539 907 627 perleve
929 540 1063 614 morari,

315 666 349 729 ln
371 684 470 751 quem
492 683 605 729 manea
627 662 690 727 ruit
711 680 842 748 semper
862 661 997 727 fortuna.
1041 664 1180 728 Potesne

308 787 354 852 Ex
373 784 423 851 his
445 794 480 851 ut
501 784 668 872 proprium
690 782 770 870 quid
790 780 952 849 noscere?
974 783 1125 871 Quinque
1148 782 1267 850 talenta

308 907 416 973 Poscit
436 916 468 971 te
490 904 618 982 mulier,
645 915 743 970 vexat
761 903 951 991 laribusque
972 903 1140 991 repulsum
1318 907 1363 969 90

309 1027 475 1094 Perfundit
495 1026 616 1115 gelida,
640 1046 754 1091 rursus
775 1035 886 1105 vonam
908 1026 999 1112 eripe
1022 1026 1106 1112 turpi

309 1149 397 1217 Colla
418 1149 509 1236 iug0;
532 1147 641 1223 Liber,
665 1146 748 1213 liber
769 1167 859 1223 sum,
883 1144 936 1213 die
957 1166 1027 1233 age.
1070 1148 1139 1212 Non
1161 1149 1250 1235 quis;

307 1272 404 1357 Urget
425 1271 510 1337 enim
533 1269 683 1340 dominus
705 1278 847 1334 mentem
870 1287 934 1332 non
955 1266 1037 1333 lenis
1059 1278 1092 1334 et
1113 1288 1206 1335 acres

314 1390 480 1457 Subiectat
502 1389 588 1457 lasso
610 1388 757 1457 stimulos
780 1398 953 1476 versatque
974 1399 1154 1476 negantem.

329 1599 370 1649 93.
387 1603 492 1649 mertem
507 1598 622 1647 netues
636 1596 680 1660 Sp.
702 1621 729 1633 -
748 1598 816 1646 uerte
831 1596 895 1647 bEe.

268 1786 344 1835 uides
370 1798 434 1835 usus
460 1786 525 1834 erat.
555 1784 632 1835 Arist.
657 1784 732 1834 Rhet.
761 1783 793 1844 3,
833 1788 891 1843 test,
918 1784 980 1832 ntlttl
1001 1796 1120 1833 retinere
1136 1784 1235 1835 audet?
1260 1787 1362 1846 Pascit,

269 1862 313 1909 ll:
341 1854 405 1909 οἷον
422 1855 473 1908 τὸν
490 1854 604 1925 ἀγαθὸν
625 1851 716 1929 ἄνδρα
732 1854 795 1919 φά-
833 1860 1362 1922 duedmueet;eeeut‚uentendam;ettett,

267 1948 315 1983 ναι
332 1931 405 1984 elenu
425 1928 642 2003 τετράγωνον
662 1946 796 1997 μεταφο-
834 1932 987 1993 ulmetium
1001 1936 1127 1995 minetur,
1141 1936 1362 1985 ezttneseeuctmn.

267 2004 317 2079 ρά·
336 2003 427 2072 ἄμφω
438 2004 493 2078 γὰρ
502 2006 607 2058 τέλεια·
619 2021 689 2071 quae
708 2009 796 2069 imago
834 2010 889 2074 Eue
908 2022 969 2058 vero
991 2011 1066 2059 tstten
1085 2024 1137 2060 non
1152 2011 1225 2060 modu
1241 2024 1362 2074 mm,

268 2096 318 2147 per
327 2082 495 2134 Aristotelem
507 2082 542 2132 ad
552 2084 666 2133 Dantem
677 2082 793 2132 devenit:
834 2085 877 2134 sed
886 2085 1063 2146 emesenum
1071 2098 1183 2146 seuere,
1193 2086 1366 2148 --appettan-

269 2158 321 2207 Bere
342 2162 471 2220 tetragono
494 2158 521 2207 et
542 2157 606 2219 eetpt
627 2158 653 2205 ‹tt
676 2162 792 2207 tumturn.
835 2159 897 2207 tren
907 2164 978 2220 pute.
1000 2186 1028 2195 -
1046 2158 1119 2209 ltter
1135 2159 1198 2225 eet]
1215 2159 1267 2210 Clr.
1282 2162 1363 2211 Pers.

267 2230 317 2281 Alii
334 2230 443 2295 quidem
460 2232 571 2293 iungunt
586 2232 613 2281 tn
624 2244 650 2280 ee
664 2232 718 2292 tneo
731 2236 796 2279 totae
837 2234 888 2282 Sat.
902 2234 932 2292 t,
951 2233 983 2282 83
1000 2246 1077 2296 seqq.
1099 2234 1200 2283 arrian.
1222 2234 1306 2297 Epiet.
1328 2235 1363 2294 l,

270 2312 346 2365 teres3
374 2304 447 2368 quod
465 2306 553 2355 minus
571 2307 664 2368 aptum
681 2303 796 2354 videtur·
837 2308 864 2367 l,
883 2310 894 2356 l
915 2310 943 2357 et
959 2307 988 2357 3:
1003 2300 1170 2378 Ἔλεύθερός
1187 2302 1367 2370 taetrae

274 2382 358 2441 «Quid
376 2380 460 2441 enim,
480 2378 593 2441 amabo,
613 2382 655 2429 est
671 2384 736 2429 tatus
752 2392 799 2429 re-
836 2376 877 2444 ὦς
892 2377 1043 2442 βούλεται·
1066 2376 1102 2431 ὃν
1118 2376 1179 2432 οὔτ’
1195 2375 1366 2447 ἀναγκάσω

269 2454 380 2505 tundet?
405 2455 496 2517 utique
515 2456 559 2517 qui
577 2452 736 2518 simpliciter
751 2466 798 2503 rn-
836 2454 927 2515 ἐστίν,
947 2450 1015 2507 οὔτε
1030 2452 1174 2515 κωλύσαι,
1201 2448 1269 2506 οὔτε
1292 2453 1366 2516 βιά-

271 2529 370 2581 tundus
388 2532 443 2589 est,
463 2530 533 2578 tetus
551 2530 585 2579 sit
601 2528 731 2579 rotundus
748 2542 799 2578 ne·
837 2531 955 2581 σασθαι.
968 2559 984 2569 -
995 2526 1122 2593 -Οὐδεὶς
1137 2524 1197 2599 ἄρα
1212 2528 1270 2580 τῶν
1286 2528 1367 2592 φαύ-

272 2616 349 2655 cesse
362 2606 412 2654 est.
448 2603 516 2663 Quid
532 2604 758 2655 eutemrotundtu
771 2605 799 2653 tn
836 2605 893 2656 λων
914 2603 947 2676 ζῇ
964 2600 1005 2668 ὥς
1026 2602 1177 2665 βούλεται·
1204 2598 1240 2656 oti
1260 2607 1366 2657 τοίνυν

269 2694 295 2731 se
311 2681 384 2742 ipset
410 2680 488 2743 quasi
508 2678 601 2743 aliquis
618 2684 695 2729 estre
711 2692 737 2729 ae
752 2692 798 2728 ro-
836 2677 896 2732 ott'
914 2675 1065 2750 ἐλεύθερός
1081 2678 1168 2730 ἐστιν.
1188 2707 1215 2716 -
1228 2694 1278 2730 noe
1295 2682 1365 2747 quta]

270 2754 372 2807 tundus
395 2768 456 2806 esse
482 2755 592 2818 possit.»
621 2756 713 2805 Bunru.
745 2756 798 2804 ltu-
836 2757 878 2806 Sic
890 2755 984 2805 Cicero
994 2753 1102 2817 eeepins
1116 2766 1167 2803 een
1183 2766 1258 2815 queo,
1276 2766 1366 2817 quam

270 2835 341 2881 strae
363 2830 523 2880 distinctioni
551 2829 621 2879 favet
644 2830 725 2879 etiam
743 2831 799 2878 Au·
834 2840 936 2891 nequeo.
966 2855 994 2865 -
1020 2826 1149 2877 Suttxtut
1173 2827 1235 2891 eet]
1262 2830 1367 2879 «Amor

271 2906 362 2956 senine
390 2907 510 2954 nostrum
538 2902 627 2953 laeum
657 2903 798 2953 manifesto
835 2904 912 2967 quael
927 2902 1018 2964 auriga
1030 2900 1149 2952 stimulus
1161 2900 1268 2951 subiicit
1278 2903 1366 2953 etiem

272 2981 388 3029 imitatus
406 2978 443 3027 ld.
459 2979 502 3038 tt,
521 2976 546 3027 l.
567 2978 600 3026 tle
613 2978 669 3026 viro
686 2976 799 3027 bonnet
835 2979 912 3039 testa,
937 2978 1043 3027 iamlam
1061 2977 1163 3027 amicae
1180 2975 1364 3037 valedicturu,

272 3054 404 3117 sapiente:
425 3052 490 3113 oete
503 3064 620 3113 proceret
635 3053 744 3113 eantque
759 3053 797 3114 se·
836 3066 868 3104 ae
884 3056 911 3103 te
927 3050 1052 3116 impellit,
1071 3051 1136 3101 dum
1148 3063 1251 3101 morem
1264 3063 1364 3114 gerere

271 3132 316 3176 ret
327 3128 387 3188 quta
396 3127 562 3190 optutouolqt,
576 3127 697 3189 seeum,
710 3129 798 3177 munet
835 3141 888 3179 nun
905 3130 971 3178 vis.»

273 3203 355 3251 tester
371 3200 476 3262 luam,
496 3206 558 3251 teres
575 3206 650 3263 atque
665 3204 797 3264 retundet,
868 3202 956 3253 etet.
989 3201 1031 3251 Vel
1054 3212 1111 3250 eum
1132 3198 1196 3262 eet]
1222 3198 1263 3249 td
1288 3196 1364 3249 alind

273 3276 402 3326 ltetenue
418 3288 449 3325 ne
465 3276 526 3337 quid
541 3276 665 3338 tntisper
681 3276 746 3326 teuta
763 3279 798 3325 e·-
836 3274 988 3339 exemplum
1013 3275 1108 3324 transit
1131 3275 1225 3337 poeta3
1252 3273 1364 3324 tertium

274 3352 326 3401 det.
342 3378 369 3387 -
387 3351 488 3413 mulene]
508 3352 599 3413 uquasi
615 3350 799 3401 manibuede-
836 3352 958 3415 sequitur
977 3363 1004 3398 v.
1026 3350 1074 3399 tot
1097 3361 1157 3411 sqq.
1177 3374 1206 3385 -
1227 3348 1365 3412 Peuttuee]

273 3424 349 3486 hilis,
368 3426 403 3476 ltu
420 3428 449 3475 nt
466 3426 597 3490 impetum
612 3426 637 3475 ln
650 3426 798 3491 sapientem
836 3426 944 3475 Pausiae
956 3423 1095 3487 Sicyonius
1112 3423 1203 3472 llorutt
1215 3423 1324 3473 circiter
1334 3437 1362 3473 a.

274 3501 361 3551 lacere
380 3502 522 3565 nequeat.»
836 3502 896 3550 ante
915 3499 977 3550 Chr.
991 3498 1048 3547 370.
1067 3496 1197 3560 Fingebat
1212 3498 1366 3561 peraesta-

836 3574 920 3624 bellas
932 3574 1097 3623 encausticae
1108 3572 1280 3635 maximeque
1292 3584 1365 3635 pue·

306 3648 394 3701 89-94.
421 3656 449 3699 ut
465 3651 608 3714 propriant]
628 3649 715 3713 «quod
732 3662 797 3699 vera
835 3661 889 3698 ros.
928 3645 1124 3697 celebrabatur
1147 3646 1277 3710 imprimis
1304 3646 1365 3696 eius

275 3722 321 3771 tibi
347 3721 466 3773 tribuere
491 3726 604 3787 poesia„
630 3747 657 3760 -
685 3724 799 3785 (tuteque
836 3717 1063 3785 Stephanoplticos
1085 3718 1226 3770 aLueullo
1250 3720 1365 3772 Athenis

274 3796 379 3859 talenta]
410 3808 474 3859 «pro
502 3795 635 3847 levissime
663 3796 798 3861 voluptate
836 3796 942 3848 duobus
959 3794 1064 3845 talentis
1076 3798 1175 3859 empta.
1204 3792 1269 3845 Plin.
1283 3794 1315 3844 ll.
1329 3796 1362 3843 N.

275 3881 409 3919 summam
437 3870 599 3932 ingentem.»
634 3871 727 3932 (25000
756 3873 796 3921 Fr.
836 3873 880 3934 35,
905 3871 945 3922 to.
973 3898 1000 3908 -
1018 3868 1235 3933 temet-tebeth]
1257 3868 1312 3917 Set
1338 3870 1363 3926 ⁴,

276 3940 348 4005 Gall.)
369 3970 396 3979 -
414 3944 494 3995 Poscit
513 3950 536 3994 te
551 3945 643 3994 mutter
660 3946 723 4007 eet]
742 3947 796 3997 Cic.
836 3947 928 4007 t,·ee:
946 3952 1027 4009 stupet
1042 3942 1128 3995 lutee
1143 3958 1211 3994 aere.
1246 3944 1302 3994 Cic.
1317 3946 1365 3993 l‘a·

275 4017 367 4067 Perad.
382 4018 410 4076 t,
428 4018 457 4067 2:
475 4018 514 4067 An
530 4018 571 4069 itte
586 4020 647 4068 milti
664 4021 740 4081 ltber,
758 4023 799 4070 eut
837 4021 893 4071 red.
906 4024 934 4082 e,
953 4022 982 4071 2:
1007 4020 1123 4070 ltcttuete
1138 4019 1227 4069 tetute
1242 4024 1266 4068 te
1281 4021 1365 4080 stum-

274 4092 365 4143 mutt'er
384 4092 513 4154 intumet?
534 4095 574 4142 eet
596 4094 660 4158 ἔσρος
681 4096 797 4157 imnontt,
837 4097 897 4145 dum
913 4097 1005 4145 detinet
1021 4100 1067 4144 eut
1083 4095 1183 4158 atquem
1199 4094 1303 4155 attqwe
1318 4094 1365 4143 Pe·

272 4167 436 4231 praesentit,
455 4167 533 4229 tebet,
551 4174 632 4230 uetat,
651 4172 717 4232 quod
733 4171 801 4221 utte-
837 4170 926 4230 luctett
961 4170 1049 4231 llttte,
1067 4171 1133 4219 esde
1144 4168 1283 4227 numeris,
1303 4181 1365 4228 que

276 4242 339 4291 ter?
355 4244 400 4305 qut
415 4243 477 4293 uittl
493 4244 627 4306 tmpereett
643 4258 737 4309 uenere
755 4260 801 4309 pe-
837 4245 910 4295 mette
926 4244 1026 4296 tutem.
1060 4244 1197 4296 letuentem
1215 4247 1251 4299 lt,
1278 4242 1365 4291 ‹ulmt-
