2925 4892
286 383 349 448 560
648 381 778 434 nontin
793 381 1014 436 EPISTOLARUU

330 543 432 627 Surge
455 549 487 607 et
507 537 700 604 inhumanae
723 538 850 604 senium
874 536 1003 625 depone
1025 537 1199 608 Camenae,

329 663 455 730 Coenea
477 671 513 725 ut
534 659 654 747 pariter
675 658 839 745 pulmenta
860 657 1028 725 laboribus
1050 667 1174 745 empte;

328 784 480 850 Romanis
501 779 656 847 sollemne
678 778 757 844 viris
777 799 876 865 opus,
899 777 979 845 utile
1003 779 1106 845 lamae

329 903 484 990 vitaeque
506 911 539 968 et
559 900 729 977 membris,
753 901 945 986 praesertim
966 919 1041 966 eum
1062 898 1172 966 valeas
1193 910 1225 966 et
1318 900 1351 960 50

330 1025 386 1092 Vel
407 1044 505 1090 eursu
528 1041 683 1109 superare
705 1041 820 1087 canem
842 1019 894 1086 vel
915 1019 1039 1086 viribus
1061 1040 1175 1106 aprum

330 1144 450 1212 Possis.
493 1141 600 1218 Adde,
625 1140 727 1207 virilia
749 1139 840 1228 quod
861 1140 1042 1227 speciosius
1065 1161 1155 1207 arma

330 1267 400 1350 lion
421 1275 471 1332 est
492 1265 547 1352 qui
570 1271 697 1330 tractet:
720 1300 764 1312 ·-
785 1262 866 1339 sois,
888 1282 956 1349 quo
977 1261 1119 1328 elamore
1141 1282 1277 1329 coronae

354 1463 394 1514 i9.
413 1459 535 1523 sotlemm]
553 1460 627 1509 Hane
638 1459 799 1522 scripturam
812 1440 938 1508 {xhibent
955 1457 1038 1508 Codd.
1052 1456 1100 1508 Ed.
1119 1459 1158 1508 De
1170 1456 1272 1522 reliquis
1282 1457 1327 1506 iem

323 1550 375 1587 non
392 1535 510 1586 memini.
531 1561 558 1572 -
578 1533 618 1583 53.
637 1536 730 1582 tractat
746 1531 765 1582 b
784 1532 845 1595 (non
862 1531 922 1594 Sed,
941 1545 1030 1595 neque
1048 1546 1081 1582 ex
1099 1545 1209 1584 snorum
1226 1530 1327 1582 ullohoe

322 1613 438 1662 enotavit
454 1609 613 1670 Pottierius).

290 1780 324 1830 de
342 1779 477 1844 epitheton
495 1776 558 1827 lecit
574 1777 709 1836 Horatius,
727 1773 814 1824 utae-
850 1779 950 1825 certare
971 1787 1030 1824 eom
1048 1774 1182 1838 mosibus
1203 1772 1260 1833 retr
1277 1785 1353 1831 owse,

289 1855 345 1904 totis
361 1850 463 1903 retibus
480 1852 515 1901 ad
532 1863 612 1916 apros
629 1849 704 1900 laetis
721 1846 814 1898 intelli·
850 1861 908 1897 oum
924 1848 1062 1898 eododem
1077 1847 1180 1908 rodere,
1205 1861 1260 1898 eure
1273 1845 1354 1896 eddidit

289 1941 409 1992 gamus.»
434 1929 526 1976 Poma.
546 1925 637 1975 Aeoliis
654 1923 816 1987 signifieat-et
850 1927 924 1971 osto:
949 1935 995 1972 eeu
1009 1923 1133 1972 mediocre
1151 1924 1225 1984 pecie
1238 1923 1304 1970 decue
1316 1919 1355 1967 to·

290 2003 428 2060 caenosam
456 2001 555 2049 etenim
576 1999 654 2050 boneta
669 1998 769 2048 Aeoliae
784 1998 815 2046 de
853 1995 957 2045 Μαίων
973 1995 1087 2044 moenem
1102 1996 1201 2056 ommis
1213 1994 1313 2055 mdo
1324 1991 1355 2053 te·

288 2076 354 2126 volte
370 2075 478 2135 Sibyllae
494 2074 567 2124 Fetus
583 2071 641 2132 lini,
662 2075 730 2122 teste
748 2074 815 2121 Gra·
850 2083 942 2118 renen
958 2075 983 2120 et
998 2068 1123 2120 obsidione
1134 2070 1245 2131 qeeodmn
1256 2067 1356 2117 liberm

290 2150 327 2198 tio
340 2149 440 2210 Cyneg.
454 2147 494 2196 35.
520 2145 572 2195 Sed
584 2145 618 2196 ad
629 2147 815 2208 transportari·
851 2144 988 2208 aneton
998 2143 1079 2194 tabor.
1094 2171 1121 2180 —
1134 2145 1196 2194 utile
1207 2140 1294 2206 sonae]
1307 2152 1356 2204 pro

290 2224 339 2274 des
354 2223 480 2272 eumenes
493 2221 599 2282 plenam
613 2222 703 2282 utpote
715 2221 815 2269 tenuis-
850 2221 911 2282 pter
918 2218 945 2268 id
955 2219 1042 2281 ipsum
1052 2218 1125 2280 quod
1133 2218 1256 2268 assiduus
1264 2217 1356 2266 venator

290 2297 372 2346 simas
389 2297 416 2344 et
433 2293 581 2344 levissimas
597 2292 669 2356 (Plin.
683 2293 713 2341 ll.
728 2294 758 2342 N.
772 2293 813 2352 t9,
850 2292 979 2342 abhorret
989 2291 1105 2343 abomni
1122 2291 1243 2351 mollitie;
1260 2298 1355 2352 «eoepit

290 2371 336 2432 ἰ),
363 2369 487 2419 iumentis
513 2380 580 2431 opus
599 2379 653 2416 non
676 2369 743 2416 erat.
774 2366 812 2417 Cl.
851 2364 1354 2427 item.»addit‚«venetiooorroboratn

291 2442 421 2494 Lauohert
448 2441 588 2492 Weidwerlt
612 2441 656 2490 der
678 2441 769 2490 Rdmer
786 2453 812 2503 p.
883 2441 973 2491 tte-et.
994 2441 1050 2502 eois,
1069 2455 1119 2502 quo
1136 2441 1201 2506 eet]
1219 2439 1297 2498 «scis,
1312 2447 1355 2499 qut

290 2517 306 2568 8
323 2529 364 2580 sq.
379 2540 407 2551 -
421 2521 528 2566 onmoto
542 2515 625 2578 ρὶορίε
639 2513 759 2578 innuente]
772 2513 812 2564 Cl.
851 2516 1033 2578 spectatorum
1051 2516 1090 2578 (Α.
1108 2517 1136 2565 Ρ.
1154 2515 1222 2577 set.)
1238 2509 1355 2578 plausum

290 2591 356 2655 Epp.
370 2592 398 2650 l,
417 2591 444 2650 6,
463 2589 503 2639 58.
520 2615 547 2624 —
560 2589 720 2651 immunem
738 2599 815 2638 «mo-
853 2589 955 2652 Campo
972 2590 1064 2642 liertio
1081 2591 1108 2638 te
1122 2588 1356 2641 exereeesbetueu·

290 2679 369 2716 rosae
397 2667 425 2715 et
457 2663 622 2714 tremulentus
655 2661 816 2726 (montella
852 2663 888 2712 do
904 2664 932 2712 et
948 2662 1000 2726 pila
1017 2664 1167 2713 iaciendo.»
1192 2661 1355 2722 momentu

290 2741 404 2801 vossii,
423 2751 486 2790 cum
503 2739 681 2789 omnisllusa
698 2737 815 2786 humana
851 2739 1004 2800 consutio
1020 2740 1084 2788 sunt
1099 2740 1245 2790 certamina
1262 2734 1354 2787 ludicre.

291 2817 319 2864 et
341 2815 426 2864 comis
449 2825 509 2864 esse
532 2811 640 2862 debeat.
665 2837 692 2847 -
709 2810 814 2873 sentem]
852 2825 922 2876 quae
942 2813 969 2861 in
987 2813 1088 2876 campo
1107 2815 1309 2864 committuntur.
1329 2808 1354 2856 l.

292 2887 488 2946 morositatem,
507 2899 547 2949 pr.
561 2885 646 2949 qualis
663 2885 690 2934 in
704 2883 815 2935 senibus
852 2889 881 2936 Ρ.
893 2887 957 2936 ste:
975 2879 1356 2948 demetientem

292 2973 353 3011 esse
365 2959 440 3010 solet.
460 2961 498 3010 De
509 2958 698 3009 vasatensem.
712 2956 816 3008 Ellendt
852 2961 897 3010 lue
913 2961 1019 3010 etednet
1034 2961 1122 3010 enno,
1143 2989 1173 2998 —
1190 2973 1287 3011 meeum
1299 2955 1356 3011 Nil·

291 3032 437 3096 Explanett.
458 3033 492 3082 ad
510 3033 564 3082 Cic.
584 3033 618 3082 ds
636 3033 680 3081 Or.
698 3045 724 3095 p.
743 3031 813 3091 tet..
851 3034 924 3099 dem]
949 3035 1050 3085 Eadem
1074 3034 1144 3084 aeria
1160 3037 1267 3085 vooetur
1281 3029 1322 3081 0d.
1334 3026 1354 3084 3.

292 3107 338 3170 qui
356 3108 444 3156 tamen
463 3107 561 3155 lloratii
576 3117 681 3155 memor
692 3118 745 3154 non
757 3105 812 3155 luit.
852 3110 881 3168 2,
900 3109 925 3159 Ξ.
940 3135 969 3146 -
988 3108 1117 3171 munem]
1134 3109 1196 3159 Vid.
1211 3109 1244 3158 ad
1260 3107 1316 3169 Epp.
1331 3101 1354 3156 ἓ,

294 3207 322 3218 ·-
337 3181 468 3241 pulmento
484 3179 610 3228 minator
625 3178 717 3243 erupta]
737 3192 815 3229 «oer—
853 3185 880 3244 l,
894 3184 918 3232 t.
934 3209 962 3219 -
975 3181 1136 3244 θαπωὸνίοα]
1156 3185 1223 3234 Cum
1234 3182 1306 3238 dloet,
1320 3177 1356 3224 d*

292 3266 353 3304 nem
373 3253 502 3314 terarum,
530 3265 597 3317 ques
614 3265 666 3302 une
688 3252 815 3303 oonleee-
851 3269 879 3306 ee
895 3259 1013 3318 Augusto
1033 3269 1099 3318 puer
1120 3259 1191 3309 haee
1207 3257 1267 3307 telle
1281 3249 1354 3307 oliti,

292 3329 379 3378 ritis:»
396 3341 465 3391 quae
484 3341 568 3378 coena
584 3325 627 3377 vel
650 3326 711 3376 ideo
727 3325 815 3390 placet
852 3331 963 3381 minime
980 3331 1152 3393 cogitandum
1170 3334 1214 3383 est
1228 3330 1261 3381 de
1276 3325 1357 3378 Cenu-

291 3401 478 3464 venetoribus,
503 3401 576 3465 quod
597 3401 705 3465 proprio
722 3399 814 3450 labore
852 3404 909 3454 bris
920 3403 955 3454 ab
964 3406 1078 3469 Agrippa
1090 3405 1234 3456 demuma.
1244 3417 1270 3453 u.
1279 3415 1301 3451 o.
1309 3394 1354 3446 idl-

291 3479 383 3543 parete
401 3479 452 3527 est.
482 3476 577 3536 Sati,
595 3477 626 3535 ἱ,
645 3475 690 3525 20:
710 3476 816 3536 Tremel·
852 3476 992 3528 debellatis
1009 3479 1256 3543 (Epp.l‚t2,2ti.i,
1272 3469 1354 3526 eeddt

290 3552 417 3601 meamne
433 3550 666 3612 quaeresodondo.
697 3549 816 3599 «llioau-
852 3551 1058 3616 expeditionem
1069 3554 1220 3604 canmbros
1230 3550 1355 3602 ettstum

292 3627 347 3674 tem
365 3623 567 3686 eogitetlonibus
585 3625 610 3674 te
628 3621 813 3685 consolabere,
851 3624 886 3676 eh
898 3627 1016 3689 Augusto
1028 3629 1167 3691 suscepta,
1186 3631 1227 3686 et,
1244 3626 1296 3689 lpse
1305 3628 1355 3670 cum

292 3697 396 3748 solitam
414 3699 482 3748 hano
500 3699 581 3748 luisse
599 3699 719 3762 eorporis
736 3711 816 3747 exer·
851 3703 878 3750 in
889 3700 1016 3750 morbum
1027 3700 1169 3765 prolapsus
1180 3695 1299 3758 essetab
1310 3693 1355 3742 eiiii

292 3771 444 3822 citationem
461 3771 608 3823 maioribus
620 3773 734 3833 nostris,
751 3773 814 3822 viris
851 3773 944 3836 tegetis
956 3775 985 3824 C.
995 3775 1107 3825 Antistio
1118 3776 1182 3825 etl.
1194 3773 1289 3826 cemele
1298 3761 1355 3818 aaut

292 3847 346 3896 tem
364 3843 477 3895 lontibus
489 3859 521 3896 ae
532 3849 661 3906 strenuis,
680 3849 814 3897 utcontra
851 3846 992 3898 inlelioiter
1007 3848 1041 3897 ed
1059 3848 1142 3898 linem
1157 3847 1284 3912 perdocte
1298 3855 1319 3891 a.
1333 3849 1355 3886 t·

292 3921 399 3970 Graecis
427 3920 549 3971 trochum
576 3922 605 3970 et
627 3921 758 3972 discum.»
784 3948 812 3958 -
852 3935 875 3971 o.
889 3923 947 3972 729.
966 3923 1014 3973 Dio
1026 3925 1101 3973 cass.
1115 3922 1156 3982 til,
1169 3924 1210 3973 π.
1228 3922 1356 3972 neruosa·

292 3993 411 4043 nononis
435 3993 550 4045 solenne
572 3993 637 4044 viris
660 3994 730 4058 opus]
749 3993 812 4044 Plin.
851 4009 886 4046 ne
910 3996 989 4048 simul
1014 3995 1106 4047 laudat
1129 3998 1156 4047 et
1176 3997 1314 4059 Angustum
1334 3985 1356 4034 tt

292 4069 390 4130 Paneg.
410 4067 457 4118 se:
485 4068 550 4118 Olim
573 4069 633 4118 liaeo
660 4070 815 4130 mummio
852 4067 962 4120 Lollium
978 4071 1077 4134 ipsum.
1104 4071 1151 4120 vv.
1164 4073 1254 4120 autem
1269 4063 1356 4117 σιω·

291 4143 436 4203 immtatis,
462 4143 522 4192 liaeo
545 4141 660 4204 oolteotue
684 4148 753 4202 eron
778 4143 815 4191 ee
851 4144 949 4194 tetrico
965 4136 1356 4208 telleperepexegeeinadduo·

291 4217 388 4266 ortibus
413 4217 494 4278 setene·
521 4216 594 4265 duret
625 4215 813 4278 intuebantur,
851 4218 895 4266 tur
918 4217 1050 4268 vocabulo
1076 4219 1201 4268 nudum
1236 4214 1274 4266 cl.
1292 4204 1355 4262 fland
