2925 4892
409 360 412 367 ⁴
499 370 559 419 lle.
578 371 596 420 Ι.
632 370 730 423 eelsr.
750 372 792 421 lli.

471 822 737 886 maon
756 824 832 887 Π.

145 962 234 1041 Quid
256 962 313 1029 tibi
337 963 406 1028 visa
430 962 542 1037 Chios,
566 962 696 1040 Bubali,
724 974 867 1053 notaque
887 966 1026 1044 Lesbos,

145 1082 234 1162 Quid
257 1084 414 1149 concinna
441 1084 578 1171 Sanam,¹
596 1083 675 1173 quid
698 1084 811 1152 Croesi
833 1088 939 1175 regia,
963 1088 1090 1165 Sardis,

134 1319 177 1369 lu.
219 1316 360 1379 Bullatius,
401 1318 482 1369 bomo
515 1318 631 1383 alioquin
668 1318 807 1369 hominem
832 1321 918 1371 emlce
943 1321 977 1370 ad
1007 1322 1195 1385 sapientiorem

102 1394 222 1455 ignotus,
239 1392 339 1442 lloratli
351 1396 424 1443 certe
437 1394 538 1443 amicus
551 1393 631 1457 (qarod
670 1393 740 1442 vitae
757 1406 837 1444 nsum
855 1395 1011 1445 exhortator
1019 1398 1048 1445 et
1057 1396 1084 1446 io
1097 1395 1195 1448 Urbem

102 1468 192 1529 ipsum
210 1468 374 1518 documento
393 1470 434 1518 est
451 1469 630 1532 ingeniumac
669 1466 703 1517 ed
720 1480 785 1518 suos
801 1472 927 1529 revocat,
954 1468 1033 1519 simul
1050 1468 1196 1521 lectoribus

102 1540 267 1606 probitatem
286 1543 310 1591 ei
327 1542 534 1604 condoluisse),
554 1556 631 1594 exeo
668 1540 832 1604 significans,
867 1541 976 1593 sibimet
1007 1544 1058 1607 ipsi
1087 1546 1196 1608 propter

103 1618 194 1665 mmeu
212 1614 324 1666 divitum
341 1628 440 1678 genere
458 1616 538 1667 luisse
555 1616 632 1667 vide-
669 1615 788 1665 animum
800 1628 918 1677 aequum
929 1613 1032 1678 ubique
1042 1615 1114 1666 bene
1124 1630 1193 1669 esse.

102 1693 154 1751 tur,
175 1691 223 1753 qui
240 1692 352 1754 propter
368 1692 460 1741 nescio
478 1702 559 1755 quem
578 1693 631 1741 eni·
669 1690 736 1739 Vide
753 1690 911 1740 Excursum.

102 1766 136 1815 mi
159 1763 320 1827 languorem
342 1778 393 1815 neo
410 1765 493 1816 rebus
510 1764 630 1817 civilibus

102 1852 191 1901 neque
218 1839 311 1889 litteris
340 1852 428 1902 neque
454 1837 630 1903 agriculturae
702 1837 759 1887 4-6.
787 1838 853 1899 Quid
868 1837 912 1887 tibi
927 1837 990 1901 cet]
1007 1838 1113 1888 Terent.
1128 1840 1193 1889 Eun.

101 1912 142 1961 vel
162 1914 336 1975 negotiationi
360 1924 470 1978 operam
488 1916 628 1975 navarent,
668 1912 730 1973 m,
745 1910 789 1960 lt:
816 1912 866 1961 Sed
887 1913 948 1974 quid
968 1912 1070 1961 uidebar
1084 1912 1137 1961 lice
1152 1912 1196 1961 tibi

103 1987 150 2037 sed
169 1986 282 2037 tandem
300 1988 383 2051 ipsius
400 1988 455 2049 otti,
475 1988 517 2037 cui
534 2000 564 2038 se
582 1987 631 2037 de·
667 1984 845 2047 0000404004
862 1984 974 2035 formula
986 1986 1119 2036 sermonis
1131 1998 1197 2050 quo-

102 2060 238 2121 diderant,
259 2064 374 2125 pertaesi
391 2062 443 2112 hoc
455 2062 574 2112 omniurn
585 2074 631 2110 re·
667 2059 758 2109 tidiani
780 2059 863 2109 mixta
881 2073 914 2109 ex
931 2060 973 2110 his
990 2058 1096 2109 duabus
1112 2060 1196 2109 inteo-

102 2148 162 2185 rum
180 2134 287 2186 fastidio
304 2134 379 2186 aliter
390 2150 419 2187 se
432 2135 539 2187 liberari
551 2148 630 2199 posse
667 2134 867 2199 rogationibus:
897 2134 986 2195 «Quid
1013 2134 1062 2184 tibi
1090 2134 1197 2186 videtur

103 2222 155 2258 nou
173 2209 361 2272 opinarentur,
380 2210 428 2260 nisi
446 2210 468 2260 sl
486 2210 512 2260 in
528 2209 631 2273 longin-
667 2209 718 2260 bac
741 2208 776 2259 de
798 2211 869 2259 ret·
896 2213 939 2259 et:
968 2208 1074 2270 «Qualis
1091 2209 1138 2259 tibi
1154 2212 1196 2261 vi·

103 2296 170 2346 qums
197 2284 322 2345 regiones
346 2284 458 2348 proiecti
481 2285 549 2334 inter
566 2283 630 2334 allos
668 2284 748 2333 detur
762 2284 923 2335 haecres‘t»
944 2286 986 2334 Sic
999 2286 1079 2335 etiam
1091 2285 1193 2335 Graeci.

102 2370 213 2421 semper
230 2356 352 2408 homines
367 2360 555 2419 versarentur,
584 2372 631 2407 ve·
668 2357 742 2407 l’lato
769 2359 883 2422 Euthyd.
909 2373 937 2423 p.
957 2358 1014 2411 344.
1034 2361 1070 2410 E:
1098 2362 1126 2410 rt
1142 2350 1195 2409 odo

103 2433 174 2483 teres
205 2430 280 2482 locos
312 2446 343 2483 ac
370 2432 440 2483 tama
466 2431 629 2493 celebratos,
667 2428 824 2493 ἐφαίνοντό
842 2447 891 2482 σοι
908 2432 953 2496 (οἱ
966 2426 1096 2502 ἄνδρες);
1114 2433 1196 2484 Cbar·

103 2505 151 2555 alia
185 2506 305 2570 quotidie
337 2508 498 2570 antiquitatis
532 2519 630 2558 monu-
668 2506 732 2555 mid.
751 2520 778 2570 p.
796 2505 907 2557 teto:
933 2507 962 2556 τί
986 2520 1036 2556 σοι
1060 2508 1195 2568 φαίνεται

103 2583 206 2641 mento,
232 2581 365 2631 artificum
390 2594 490 2647 opere,
517 2580 629 2631 delubra
667 2574 685 2627 ὁ
710 2581 881 2641 vaurme,-
909 2607 936 2615 -
962 2586 1071 2642 octoque
1096 2580 1193 2643 Lesbos]

103 2654 216 2705 deorum
242 2655 369 2705 viserent.
412 2655 535 2707 Morbum
557 2657 630 2706 hunc
667 2652 723 2703 aliis
748 2656 859 2717 propter
883 2651 1010 2703 Alcaeum
1031 2655 1060 2703 et
1076 2654 1196 2717 Sappho-

104 2728 290 2792 peregrinandi
315 2728 365 2781 iliis
391 2730 558 2794 temporibus
576 2730 630 2781 ire-
667 2740 746 2789 nem,
765 2726 821 2777 aliis
838 2728 950 2791 propter
965 2727 1034 2776 vina.
1062 2725 1101 2775 ct.
1121 2727 1192 2790 virg.

104 2807 231 2865 quentem
259 2804 293 2853 iia
319 2804 447 2855 describit
471 2806 572 2855 seneca
595 2804 629 2854 de
668 2804 732 2851 deu.
746 2802 832 2863 ml:
853 2799 971 2861 Tenedos,
983 2800 1113 2850 notissimo
1123 2800 1195 2863 foeno

104 2878 198 2941 Trauq.
218 2889 263 2928 an.
281 2880 310 2939 T,
330 2880 377 2929 ll:
403 2880 538 2941 Propriuia
559 2880 631 2943 oepri
666 2874 760 2925 4444040.
795 2875 876 2924 Tacit.
902 2876 970 2925 Anu.
993 2874 1021 2937 4,
1042 2874 1075 2923 ³:
1104 2873 1193 2936 lesbo,

105 2952 631 3015 uteibitdiupotietmutotionibtuut
666 2948 1043 2999 iumlooobilictomoeecae
1015 2947 1193 3012 -eoucionoJ

104 3026 217 3075 recedita
241 3028 289 3075 uti
335 3028 394 3077 lude
415 3029 631 3091 perepnootiooes
667 3024 813 3075 Menander
828 3024 921 3075 rhetor
937 3023 972 3073 de
986 3024 1051 3073 linc.
1063 3037 1091 3086 p
1104 3022 1191 3072 loll.

104 3102 272 3163 metuatur
295 3114 379 3165 oopus
402 3106 426 3151 et
451 3101 528 3151 litero
544 3116 631 3164 perer·
667 3098 737 3148 ioter
760 3101 853 3162 portus
878 3095 972 3148 leudes
998 3097 1195 3148 commemorat

104 3177 457 3238 ranturetmottomot't'te,
475 3178 631 3228 modoteno
665 3172 805 3239 μέγεθος,
832 3169 1005 3234 κάλλοςκαὶ
1030 3164 1193 3242 εὐρυθμί-

105 3250 233 3311 acpcrttre·
249 3263 346 3312 aeoiper
359 3250 530 3312 matematicos
540 3251 631 3315 infesto
667 3262 717 3303 αν.
751 3248 797 3297 Est
821 3246 929 3309 igitur«
917 3244 1054 3309 «elegans,
1081 3247 1193 3295 venusta

105 3323 196 3373 4044400.
233 3325 307 3374 Nwtc
323 3327 491 3387 Compasium
503 3331 627 3388 petamus.
667 3320 835 3386 (solmuolt)
850 3323 961 3385 propter
972 3318 1127 3378 aedilicia,
1144 3319 1193 3368 im-

106 3398 156 3447 lom
179 3398 289 3449 delic'oto
312 3400 414 3462 40444440
436 3405 511 3449 sum:
535 3402 631 3451 incidie
666 3397 760 3461 primis
771 3397 882 3459 propter
891 3395 998 3444 lunonis
1008 3391 1105 3442 aedem
1116 3393 1195 3454 (Stra-

105 3474 253 3531 citocatia-,¹
279 3473 391 3523 Bntttios
407 3479 430 3523 et
446 3476 561 3525 Lucanos
575 3476 630 3524 sol-
666 3470 702 3521 bo
715 3469 755 3519 44.
773 3482 801 3531 p
817 3467 874 3517 637.
893 3466 970 3530 Apul.
989 3465 1131 3524 Florida,
1151 3465 1191 3513 lo

107 3552 144 3595 tas
155 3560 355 3609 perceperam:
375 3548 472 3611 aliquid
488 3554 571 3598 tameo
587 3550 629 3599 ta·
665 3544 746 3609 p..le
760 3542 799 3604 0)
817 3544 930 3605 Propter
940 3541 991 3593 loci
1003 3538 1193 3591 amoenitatem

106 3624 142 3669 ter
164 3623 262 3671 deserto
287 3623 387 3671 amomi
413 3622 575 3685 requiratur,
602 3624 629 3672 in
665 3612 683 3668 ὁ
708 3609 916 3684 Αὔγουστος
903 3630 934 3678 ες
958 3629 989 3664 ra
1013 3610 1066 3679 τὴν
1091 3608 1192 3677 Σάμον

107 3706 152 3753 quo
174 3696 303 3745 incuriosi
325 3698 391 3746 omiti
418 3697 492 3760 loligo
517 3698 628 3747 toronen
665 3690 809 3757 ἐπανῆλθε
826 3694 858 3755 (a.
872 3704 898 3741 u.
912 3704 935 3741 o.
950 3690 1017 3753 let)
1039 3682 1191 3739 κάνταῦθα

107 3768 255 3819 bomeatium
271 3771 389 3832 40004ωο
403 3772 551 3821 relevemur.
580 3772 628 3821 Ta-
664 3758 913 3832 adeuexatpaaa·
926 3761 1193 3825 edecimatae

106 3848 199 3893 reatum
226 3848 330 3907 petatur
354 3845 520 3907 morimurque
540 3851 630 3908 portus
666 3844 699 3893 da
749 3837 892 3908 vuasto
908 3836 962 3906 τῆς
965 3831 1194 3927 ’διατριβῆςᾶν-

107 3921 130 3966 et
151 3918 253 3973 labeas
272 3920 337 3968 coeti
358 3920 478 3979 04444ον44,
504 3921 575 3984 regio
590 3922 629 3970 uel
665 3919 694 3967 rt
711 3932 769 3966 ωκε
785 3918 835 3967 καὶ
851 3910 926 3965 ἄλλα
939 3909 993 3965 οὐκ
1007 3909 1091 3981 ὀλίγα
1102 3926 1194 3983 προσ-

107 3992 293 4054 ootiouuesotis
302 3993 523 4055 opulentoturboc.
543 3994 626 4045 Aliam
664 3990 815 4059 διῳκησεν.
838 3992 975 4042 liloCass.
987 3989 1034 4051 444,
1047 3990 1113 4038 9.-

108 4064 335 4129 ampliticationem
352 4067 431 4119 huius
449 4066 498 4117 loct
513 4067 547 4117 de
559 4082 627 4118 vana
664 4062 954 4136 444]ρ14ιτ.,Σψαρ4.εις
986 4062 1081 4115 Strabo
1100 3988 1180 4112 ΒΨ
1164 4075 1191 4124 p.

108 4142 288 4203 peregrinandi
305 4142 451 4205 cupiditate
462 4142 546 4191 vide
540 4156 565 4191 in
578 4144 627 4192 Se·
665 4141 780 4191 tanniu
793 4137 912 4268 Eoiaeetg
929 4135 1013 4201 πόλις
1029 4137 1091 4188 ἐστὶ
1106 4129 1194 4201 μεγά-

108 4224 187 4263 uecae
211 4215 326 4280 Epistola
345 4215 401 4267 444.
437 4215 526 4267 Talem
549 4217 627 4280 igitur
664 4213 736 4280 tq·-
743 4213 828 4276 -βασ
869 4208 948 4266 eoad'
958 4206 1193 4285 ὑπῆρξετῶνΑυ-
