2925 4892
254 379 316 442 i38
616 378 745 428 noanru
762 377 983 428 urrsrouuuuu

295 534 445 600 Delodiet
466 532 648 620 condetque
671 532 811 599 nitentia.
865 532 1052 599 Cambone
1075 541 1186 596 notum
1304 530 1345 595 25

296 657 444 722 Porticus
466 655 626 743 Agrippae
651 664 683 722 et
703 655 756 719 via
777 664 810 719 te
832 655 1038 742 conspexerit
1061 653 1157 740 Appi,

297 780 348 844 lre
373 789 478 844 tamen
502 787 614 852 restat,
638 777 741 842 Numa
763 796 830 863 quo
852 775 983 842 devenit
1003 785 1037 841 et
1057 777 1174 841 Ancus.

299 901 332 966 Si
355 899 437 965 latus
461 908 516 964 aut
537 919 633 964 renes
655 896 770 964 morbo
794 907 955 963 tentantur
980 906 1089 972 acuto,

298 1024 428 1101 Quaere
450 1021 557 1107 lugam
579 1019 693 1086 morbi.
738 1019 792 1087 llis
814 1029 903 1086 recte
925 1019 1051 1085 vivere:
1075 1018 1150 1105 quis
1173 1019 1262 1084 nou?

320 1194 362 1241 66.
387 1189 415 1252 et}
430 1203 483 1241 om.
503 1190 566 1240 bod.
588 1216 614 1226 -
634 1189 675 1239 34.
695 1195 769 1251 patos
789 1190 819 1248 E,
837 1187 899 1252 βζν,
923 1187 1040 1252 qumque
1058 1187 1171 1238 Codices
1188 1189 1313 1251 Cruquii.

288 1265 430 1316 Bentleius.
450 1293 476 1301 —
495 1270 518 1314 ct
532 1269 708 1329 supersecta
723 1264 945 1327 S,attsuperscr.
963 1262 996 1327 ct)
1013 1261 1041 1323 b,
1057 1267 1086 1312 ut
1101 1276 1129 1327 p,
1146 1264 1211 1313 item
1229 1253 1313 1324 beto,

256 1419 327 1455 rara.
349 1433 376 1440 -
396 1405 454 1454 bana
470 1404 564 1468 aalma]
583 1404 644 1466 quia
663 1403 781 1466 quotidie
818 1402 952 1465 Marburg.
966 1401 1039 1452 48344.
1052 1415 1080 1466 p.
1093 1404 1133 1452 tt.
1162 1405 1197 1452 At
1213 1405 1279 1454 satis
1296 1407 1347 1454 de-

257 1481 312 1530 lere
325 1477 782 1530 ibitaauibulanternvidentcives
819 1477 936 1528 tenditur
960 1476 1085 1528 membro
1110 1475 1285 1548 παραλλήλῳ
1309 1483 1348 1529 ais

256 1555 303 1606 tui.
324 1581 351 1590 -
369 1555 482 1605 Porticus
502 1553 639 1617 Agrippae]
661 1553 782 1603 Porticus
818 1558 885 1604 rocta
904 1554 1001 1612 vicera
1020 1555 1050 1602 ut
1065 1554 1183 1612 meeum,
1203 1567 1237 1603 eo
1253 1553 1348 1605 subla·

256 1630 370 1694 Neptuni
387 1642 410 1679 s.
423 1629 636 1691 Argonautarum
649 1628 690 1692 (ci.
705 1629 784 1678 Heia·
819 1630 847 1677 to
863 1627 942 1677 nimis
958 1626 1072 1690 abrupta
1090 1625 1132 1677 illa
1150 1627 1221 1678 lore:
1247 1630 1348 1690 Quaero

257 1705 313 1754 rich
325 1704 359 1753 ad
370 1705 460 1754 Iuven.
471 1703 499 1762 6,
514 1702 581 1764 463.)
594 1716 608 1752 a
621 1704 655 1753 ll.
667 1703 783 1766 Agrippa
818 1703 908 1766 tapam
925 1702 1015 1752 morbi.

256 1793 280 1828 a.
303 1793 329 1830 u.
352 1793 376 1829 c.
398 1779 455 1828 729.
475 1779 610 1828 exstructa
628 1781 655 1826 ot
672 1778 783 1841 picturis
853 1777 942 1826 36-33.
961 1776 1154 1840 Sivirtascet.]
1166 1778 1243 1836 Nota,
1262 1790 1349 1840 quau·

256 1867 348 1904 rerum
365 1852 400 1902 ab
417 1853 575 1915 Argonautis
592 1853 727 1914 gestarum
739 1864 785 1901 ex·
821 1854 847 1901 ta
871 1864 933 1900 cum
959 1853 1015 1900 arte
1041 1852 1119 1900 unice
1142 1865 1238 1901 verum
1263 1853 1347 1904 finem

257 1930 359 1978 ornata.
395 1925 450 1986 illio
477 1927 550 1977 Cass.
572 1927 618 1985 53,
644 1925 695 1988 47.)
728 1924 783 1974 Sub
820 1926 989 1990 paucissimis
1006 1924 1096 1976 verbis
1113 1926 1240 1989 tetigerit;
1263 1927 1348 1978 uoluit

258 2004 308 2052 hac
326 2001 481 2064 frequenter
498 1998 709 2050 deambulabant
731 2002 785 2050 lio-
821 2002 892 2050 enirn
910 2000 943 2050 da
965 2001 1018 2050 hoc
1038 1999 1098 2051 loco
1118 2003 1255 2052 communi
1278 2004 1349 2052 Stoi-

258 2077 338 2126 rnaui.
367 2073 415 2124 Alii
439 2076 527 2126 miuus
544 2077 618 2124 recte
635 2072 785 2137 intelligunt
821 2089 916 2126 corum
931 2071 1061 2126 θύλακον
1076 2075 1163 2140 pionis
1172 2077 1350 2128 manibusel·

258 2151 292 2199 de
325 2149 431 2212 porticu
464 2162 549 2212 prope
582 2150 720 2199 Pantheon
748 2148 782 2197 ab
821 2149 946 2208 laudere;
965 2163 1017 2200 uec
1032 2151 1349 2224 veroiooiatqueaipu-

257 2224 373 2286 Agrippa
406 2222 503 2272 eodem
535 2236 604 2272 anno
637 2225 781 2272 exstructa.
820 2226 912 2286 νεὶας,
931 2227 961 2274 ut
974 2227 1127 2288 sequeutia,
1147 2227 1346 2278 ausamdabat.

259 2300 316 2362 (Dio
339 2296 414 2360 ibid.)
440 2325 467 2334 —
489 2299 534 2346 uia
553 2298 626 2362 Appi]
644 2298 728 2362 Epod.
751 2299 781 2360 4,
823 2326 851 2336 —-
870 2300 1125 2363 annaneane]
1142 2295 1186 2364 μὴ
1202 2298 1346 2371 optimo.

259 2371 299 2423 ll.
324 2373 377 2422 Sat.
398 2374 426 2434 4,
449 2375 477 2434 44,
500 2374 524 2424 6.
554 2373 785 2437 Frequentabatur
822 2373 1053 2424 «Renuntiandum
1086 2377 1128 2425 est
1165 2374 1349 2440 voluptatibus

258 2460 404 2511 sempera
426 2446 552 2499 divitibus
574 2449 601 2497 in
623 2447 699 2499 villas
721 2462 784 2500 suas
821 2449 971 2512 harumque
994 2449 1128 2499 desiderio
1152 2450 1271 2512 occulto;
1298 2467 1348 2504 ue-

258 2535 308 2586 per
327 2523 501 2586 Campaniam
522 2525 586 2574 sitas
608 2525 785 2574 commeanti·
822 2536 874 2586 que
887 2537 1006 2587 uuquam
1018 2522 1231 2587 lamentandum,
1250 2527 1348 2579 duram

260 2597 321 2648 bus.
345 2625 371 2633 -
399 2599 485 2647 Numa
499 2623 514 2634 -
532 2627 546 2636 -
561 2599 654 2663 Auctis]
676 2600 694 2649 ii
715 2601 785 2650 iuter
822 2598 928 2648 vivendi
943 2599 1076 2649 rationem
1092 2613 1109 2649 a
1126 2602 1153 2650 to
1169 2599 1286 2654 electam
1304 2617 1348 2654 es·

259 2675 357 2736 Reges,
377 2686 491 2736 quorum
510 2687 572 2724 cara
589 2676 714 2726 Romanis
735 2689 785 2725 no·
821 2686 877 2723 se.»
898 2699 926 2710 -
944 2674 997 2722 Hoc
1013 2675 1068 2736 ope]
1088 2676 1149 2724 «uui
1164 2676 1255 2728 uirtuti
1273 2677 1349 2729 lorti·

259 2749 330 2798 mina
342 2745 414 2797 velut
430 2748 456 2797 in
468 2748 642 2812 proverbium
653 2749 782 2800 abierant.
821 2749 863 2796 ter
879 2746 985 2797 stude.»
1012 2748 1232 2813 Videadsat.2,
1246 2751 1275 2813 3,
1289 2754 1345 2803 tta.

258 2821 317 2871 vid.
332 2821 366 2872 ad
384 2822 432 2873 od.
445 2821 474 2883 4,
493 2823 522 2882 7,
542 2825 582 2873 444.
824 2847 851 2856 -
867 2823 988 2872 Virtutem
997 2823 1159 2886 occupatas
1169 2825 1233 2890 cet]
1245 2827 1348 2878 Eadem

292 2896 333 2946 28.
344 2897 385 2946 49.
398 2897 426 2946 84
438 2897 558 2946 btuaoat
567 2900 710 2960 reposcet]
722 2900 786 2948 Seu·
822 2898 930 2948 omissio
947 2897 1093 2961 particulae
1113 2901 1135 2950 si
1156 2904 1197 2951 est
1220 2903 1304 2966 Epist.
1321 2905 1346 2962 2,

259 2971 619 3023 tentiarumuerushicest:
636 2973 786 3034 «Quemad-
821 2973 850 3033 3,
873 2973 934 3021 20⁴:
961 2974 1019 3022 Nou
1041 2976 1143 3038 apimur
1164 2977 1268 3026 tmtidis
1288 2979 1350 3028 velis

261 3045 384 3108 madum,
408 3045 455 3096 ubi
472 3049 593 3110 corporis
610 3049 706 3099 morbo
724 3052 785 3099 teu·
821 3047 938 3108 untalons
953 3050 1075 3109 sermio,
1094 3052 1122 3099 et
1138 3049 1200 3100 alibi
1218 3051 1292 3103 baud
1303 3067 1348 3103 ra·

262 3121 338 3181 laris,
355 3120 473 3170 remedia
486 3120 534 3170 tibi
546 3123 700 3185 quaerenda
712 3127 783 3185 suut,
821 3135 862 3172 ro.
876 3150 902 3160 -
918 3122 1048 3184 (rTrausit
1064 3123 1100 3173 ad
1116 3122 1231 3176 alterum
1249 3129 1348 3178 summi

262 3206 330 3256 quae
357 3192 537 3245 valetudinem
563 3197 714 3248 restituant:
745 3199 785 3249 sic
822 3196 886 3246 boui
902 3210 1002 3260 genus,
1025 3199 1098 3262 quod
1120 3201 1239 3263 positum
1256 3205 1300 3253 esi
1322 3204 1348 3253 iu

261 3267 307 3316 ubi
324 3267 484 3320 intellexeris
501 3268 586 3320 solam
597 3271 722 3323 virtutem
734 3275 787 3324 du·
822 3271 927 3332 divitiis,
946 3285 972 3321 v.
985 3271 1074 3324 34-48.
1099 3275 1240 3326 connectit
1256 3281 1348 3328 autem

261 3357 323 3394 cere
338 3343 372 3394 ad
384 3346 457 3394 recte
474 3343 608 3408 beateque
625 3347 783 3410 vivendum,
822 3359 867 3397 res
879 3347 998 3398 diversas
1013 3351 1169 3411 poetarum,
1188 3363 1242 3401 non
1259 3352 1350 3414 philo·

260 3419 330 3468 hano
351 3421 459 3470 strenue
481 3422 595 3470 sectare.
626 3422 739 3483 Contra,
763 3425 786 3474 si
822 3423 968 3485 sophorum
986 3435 1061 3473 more
1079 3424 1161 3487 idque
1179 3439 1230 3489 per
1251 3439 1349 3490 perso·

261 3507 397 3544 summurn
414 3493 516 3545 bonum
534 3497 561 3546 in
574 3497 691 3548 externis
702 3497 785 3550 rebus
822 3511 885 3546 uam
902 3497 1049 3548 secundem
1065 3499 1106 3561 (cl.
1119 3499 1185 3563 Epp.
1200 3501 1229 3560 4,
1247 3503 1277 3563 4,
1296 3501 1347 3563 ta.)

261 3569 377 3631 positum
394 3573 482 3633 putas,
501 3571 557 3621 sive
575 3572 601 3621 iu
619 3572 715 3623 divitiis
733 3574 784 3637 (vv.
819 3578 908 3634 poton
927 3585 1010 3635 quare
1028 3572 1157 3624 dissentio
1173 3574 1209 3625 ab
1221 3574 1289 3636 aliis,
1302 3578 1346 3640 qui

261 3641 371 3704 34484,
389 3645 445 3695 sire
463 3647 488 3695 in
504 3646 652 3698 honoribus
663 3649 691 3698 et
701 3648 786 3711 gratia
822 3648 998 3711 praeceptum
1013 3647 1066 3697 hoc
1083 3649 1133 3712 ipsi
1150 3650 1285 3711 Numida,
1305 3654 1349 3700 ut·

262 3715 383 3780 populari
401 3719 451 3780 (vv.
470 3719 579 3783 tait),
598 3724 654 3772 sivo
672 3723 699 3773 iu
713 3725 786 3774 victu
821 3724 883 3786 pote
909 3722 1011 3772 homiui
1036 3721 1157 3772 mutabili
1181 3736 1271 3787 neque
1297 3725 1349 3776 sibi

263 3802 344 3852 quam
361 3789 507 3844 lautissimo
526 3795 577 3856 (vv.
596 3796 709 3860 56·6l.),
728 3799 785 3848 slve
822 3797 965 3856 constanti,
985 3796 1087 3847 dictum
1103 3799 1278 3861 4444464664.-
1296 3800 1348 3849 Οι-

261 3865 288 3914 in
310 3865 446 3918 amoribus
469 3870 518 3932 (vv.
536 3871 646 3934 66-674,
669 3873 785 3936 agedum
822 3871 887 3933 aaa.)
916 3871 1032 3932 «Quodsi
1043 3875 1149 3933 contra,
1168 3887 1239 3937 quae
1250 3873 1285 3922 de
1297 3875 1349 3924 vir

263 3939 310 3990 has
333 3954 377 3991 res
399 3943 587 4007 amplectere.»
607 3973 635 3983 —
655 3949 721 3998 totas
740 3953 787 3998 aut
822 3949 878 3996 tute
890 3946 1275 4012 disputanturaphilosophis‚
1293 3950 1349 3998 ina-

260 4015 338 4079 444444]
357 4012 498 4088 πλευρῖτις
516 4013 536 4084 ἢ
552 4025 687 4092 νεφρῖτις.
709 4022 785 4073 Idem
823 4021 865 4070 uia
882 4020 966 4071 verba
982 4024 1074 4085 putas,
1098 4025 1128 4071 ut
1143 4021 1268 4074 lucorum
1284 4021 1349 4073 reli-

261 4089 409 4142 versiculus
426 4096 468 4144 est
484 4095 537 4144 Sat.
550 4097 577 4155 4,
591 4096 618 4158 3,
634 4097 701 4158 463,
721 4110 786 4160 qua-
822 4098 928 4159 giouem
945 4096 1022 4148 multi
1038 4100 1225 4159 contemnunt,
1244 4111 1348 4162 eosque

261 4168 371 4230 propter
395 4181 457 4218 eum
482 4169 534 4218 hoc
557 4168 617 4219 loco
640 4169 785 4222 delendum
823 4171 885 4222 nihil
908 4173 957 4221 uisi
978 4173 1090 4223 arbores
1110 4175 1206 4237 putant
1224 4186 1278 4223 uon
1297 4187 1349 4223 nu-

261 4243 354 4291 cenaet
372 4243 400 4290 C.
421 4243 445 4292 F.
464 4243 632 4296 Hermanuus
650 4247 675 4295 iu
693 4249 783 4309 Progr.
823 4248 887 4297 ruini
899 4246 975 4297 alicui
990 4251 1120 4308 sacratas,
1139 4248 1189 4298 sed
1206 4249 1347 4300 hominum
