2925 4892
523 407 581 458 ata.
601 409 620 456 Ι.
656 407 755 458 EPIST.
774 409 815 458 vt.
1155 409 1217 473 435

166 568 239 646 Quo
263 565 408 652 cupiens,
432 575 543 652 pacto;
567 584 670 652 pavor
691 574 742 631 est
763 563 937 652 utrobique
959 565 1129 638 molestus.
1175 567 1215 632 to

166 687 345 775 improvisa
368 684 462 752 simui
486 685 615 772 species
638 695 779 752 exterret
799 696 983 774 utrumque.

166 808 314 876 Gaudeat
336 828 377 874 an
399 806 523 884 doleat,
548 808 656 894 oupiat
678 819 854 884 metuatne
879 810 960 894 quid
982 810 1023 876 ad
1046 831 1133 885 rem,

163 931 212 1004 Si,
238 928 398 1017 quidquid
421 928 500 995 vidit
521 930 636 996 melius
659 929 794 1018 peiusve
815 951 874 996 sua
897 953 975 1018 spe,

162 1051 287 1118 Defiris
310 1050 412 1118 oeulis
435 1053 610 1138 animoque
633 1061 666 1117 et
687 1071 826 1138 porpore
848 1053 979 1139 torpeat

154 1223 272 1286 septimo
284 1225 312 1271 et
322 1222 426 1272 Monac.
439 1233 468 1280 e,
481 1226 598 1272 eetmut
609 1220 745 1271 iaoobsiua
757 1221 872 1285 «optima
890 1225 918 1270 et
926 1225 1079 1273 necessaria
1091 1237 1181 1274 emen·

128 1301 131 1312 '
155 1297 292 1346 datione.»
310 1297 408 1346 nunu.
427 1297 461 1346 ad
479 1299 584 1347 Lucret.
604 1309 630 1360 p.
647 1296 705 1346 266.
729 1323 757 1332 -
775 1296 815 1345 ta.
830 1298 932 1358 petowe
947 1297 1180 1362 bSEcdp,LCtoet

155 1369 310 1421 Bentleius:
325 1373 446 1434 petrasque
462 1373 555 1434 exigua
575 1369 659 1421 Codd.
678 1372 833 1421 auctoritate
851 1374 902 1422 ΡΜ.

121 1513 175 1561 ritis
193 1513 252 1574 (pro
268 1509 394 1560 formula:
414 1509 520 1576 «popuii
538 1511 649 1561 {tomani
688 1510 814 1573 gaudium
826 1512 979 1575 contingit„
997 1515 1082 1565 coar.
1094 1517 1172 1574 Cauo.
1184 1541 1210 1552 -

121 1585 295 1646 Quiritium»
313 1585 347 1634 ei.
360 1585 408 1634 0d.
422 1586 451 1646 2,
464 1586 493 1644 7,
507 1584 541 1647 3.)
559 1585 648 1644 moiri,
687 1585 769 1649 umuli
787 1586 817 1634 ut
833 1599 915 1649 saepe
927 1599 978 1650 pro
988 1589 1103 1638 sonum
1116 1618 1143 1627 -
1156 1605 1213 1653 apo·

120 1660 244 1710 inventis.
274 1660 365 1709 iuven.
388 1660 432 1720 to,
453 1659 500 1710 78:
527 1660 570 1721 qui
592 1661 650 1722 (po-
686 1656 744 1725 cios]
767 1660 927 1723 Vorrtettoop.
946 1659 1133 1726 (Gonutqeotta
1149 1668 1213 1716 Pas-

120 1735 207 1800 pniue)
238 1733 316 1784 dotat
344 1734 403 1783 otim
430 1733 579 1796 imper-imo,
612 1733 651 1794 {a-
687 1735 763 1796 eou.)
791 1736 893 1784 Seneca
910 1735 1034 1796 delmi,
1054 1738 1078 1798 t,
1097 1739 1125 1787 3:
1144 1741 1214 1790 Iram

120 1823 183 1872 trra,
211 1811 334 1873 tretonae,
361 1809 454 1858 munio.
485 1809 516 1858 Et
535 1807 570 1857 ad
586 1821 651 1872 spe·
688 1809 748 1871 quta
763 1810 855 1870 species
874 1810 959 1858 obtuto
979 1811 1089 1860 intartae
1105 1821 1212 1875 moveat,

120 1887 191 1936 ciem
220 1887 296 1934 certe
327 1885 461 1947 Augustus
492 1885 651 1934 cerritior-um
686 1897 738 1932 noo
754 1883 910 1934 ertduttmn.
923 1911 951 1920 —
964 1885 1214 1954 erterretJe'utriq'r·

118 1961 259 2023 pristinum
269 1959 310 2007 tur
320 1959 430 2008 redimit.
450 1959 522 2008 Suet.
537 1959 594 2008 Oct.
607 1957 648 2008 to.
687 1971 738 2008 τει.
768 1958 822 2008 Cic.
835 1959 913 2008 Tusc.
927 1957 958 2018 i,
971 1959 1000 2020 8,
1015 1961 1060 2010 49ε
1081 1966 1211 2023 torrorem,

121 2037 170 2096 Qui
187 2049 214 2084 v.
229 2034 331 2083 tardiora
346 2033 513 2096 interpretati
529 2035 591 2083 eunt
601 2045 651 2096 per
686 2037 780 2083 oratum
796 2034 981 2083 concutientur.
1012 2035 1068 2085 lam
1086 2051 1139 2089 non
1156 2041 1213 2090 sine

121 2110 320 2175 appositionem
336 2121 380 2156 vv.
397 2108 502 2169 pleuros
518 2109 569 2158 oet.
585 2121 651 2156 anu·
688 2109 745 2157 arte
763 2119 813 2171 per
828 2109 914 2157 totum
930 2106 1020 2158 iocum
1038 2111 1121 2161 utitur
1131 2126 1214 2164 voea-

121 2197 182 2248 gas,
201 2195 249 2233 res
265 2183 391 2242 inanes,·
410 2182 426 2231 ii
444 2185 517 2232 certo
535 2195 587 2232 non
605 2195 651 2232 sa·
688 2181 758 2232 bulis
781 2181 876 2232 mediis
898 2184 925 2231 et
947 2183 1063 2246 cupidini
1084 2188 1111 2234 et
1131 2190 1213 2238 metui

122 2261 152 2310 tis
164 2257 355 2322 expenderunt
371 2269 425 2306 non
442 2256 523 2307 tuisse
541 2257 649 2318 Horatii,
688 2269 774 2320 aeque
792 2257 1029 2320 convenientibus,
1055 2274 1116 2312 nam
1134 2262 1214 2312 etiam

121 2335 186 2384 dum
199 2333 281 2384 amici
293 2331 420 2381 iudicium
432 2333 558 2395 exquirit,
571 2345 651 2382 auum
689 2333 735 2395 qui
751 2332 927 2382 vehementer
944 2334 1031 2397 eupit,
1056 2338 1213 2400 necopinata

121 2413 176 2460 tam
192 2409 288 2473 aperte
306 2407 490 2470 Interponam,
509 2407 651 2469 significari
688 2405 751 2456 boui
775 2408 865 2470 specie
883 2406 972 2456 subito
995 2407 1084 2459 oblata
1101 2417 1215 2462 reterre—

121 2488 226 2535 tantum
239 2481 394 2546 oportebat,
413 2484 443 2530 ut
459 2481 489 2531 ut
505 2483 651 2546 peripsam
688 2487 743 2543 tur,
762 2481 921 2540 concutitur;
941 2483 999 2532 eius
1013 2495 1091 2534 mens
1104 2499 1136 2534 ex
1148 2487 1214 2537 sede

122 2557 338 2620 interrogationis
350 2556 473 2606 turmam.
489 2582 516 2591 —
530 2557 584 2616 Ouo
595 2568 652 2617 rpe-
690 2570 737 2608 sua
760 2558 787 2606 et
809 2558 878 2606 stetu
899 2556 1067 2608 demovetur.
1097 2562 1135 2609 ltu
1157 2563 1212 2610 Liv.

121 2633 217 2682 otundu
234 2629 318 2692 niodo]
338 2628 380 2678 «id
397 2633 450 2689 est,
473 2642 526 2691 quo
543 2629 650 2689 iudicio,
689 2633 720 2692 7,
745 2629 791 2680 39:
829 2630 940 2692 intipnio
966 2632 1067 2680 tortoris
1093 2635 1216 2685 exterrito

123 2721 176 2770 qun
195 2717 272 2770 epe»
299 2705 384 2754 Corra.
399 2705 477 2761 Caro.
498 2703 652 2754 Veiolurius
688 2705 784 2756 eattae
799 2704 837 2754 rei
852 2705 977 2754 miraculo
988 2705 1109 2768 deferrent.
1132 2710 1215 2772 segur

122 2783 221 2830 etiam:
243 2791 329 2841 cquae
347 2778 495 2828 moderatio
512 2779 581 2828 iniis
593 2789 653 2842 epe-
690 2779 809 2844 quidem,
829 2779 878 2828 etsi
895 2792 946 2828 non
960 2793 1072 2844 prorsus
1089 2795 1217 2834 necessa-

122 2855 228 2904 otandie
246 2851 363 2902 tenenda
380 2854 440 2902 sit.»
466 2851 532 2902 Maio
549 2851 653 2916 aliipro
691 2856 743 2914 riu,
762 2856 804 2904 est
820 2852 931 2904 lacobsii
950 2855 976 2903 L.
991 2855 1020 2904 V,
1033 2868 1060 2919 p.
1075 2857 1131 2905 t57.
1146 2861 1215 2910 coni.

122 2931 205 2980 tmesi
224 2928 302 2978 verbi
312 2929 435 2988 quomodo
443 2926 603 2977 habuerunt.
625 2953 651 2962 -
690 2935 817 2982 externat.
841 2929 965 2980 Horatius
976 2929 1028 2978 hoo
1041 2943 1065 2981 v.
1080 2945 1217 2995 nunquam

122 3005 175 3065 oro]
195 3001 285 3052 evoltu
303 3005 331 3052 et
346 3001 455 3051 oeulis.»
485 3003 577 3051 Senot..
691 3006 815 3068 usurpet,
834 3003 884 3052 sed
899 3006 1008 3067 praeter
1025 3004 1156 3056 Catullum
1173 3007 1215 3068 et,

156 3077 232 3128 a-tt.
251 3077 312 3140 sere]
329 3069 370 3138 ὡς
387 3070 572 3139 ἷκοςείπετν,
585 3090 655 3136 σχε-
691 3080 731 3128 rt.
754 3081 782 3127 et
804 3077 861 3126 tot.
885 3078 965 3126 etium
987 3078 1061 3127 Ouid.
1084 3081 1145 3130 Met.
1169 3082 1215 3140 tr.

122 3150 187 3203 dou.
218 3150 294 3202 Plato
310 3153 388 3214 Legg.
408 3153 427 3200 1.
440 3165 467 3216 p.
481 3150 538 3202 dii.
557 3154 597 3200 A.:
626 3148 659 3199 ot'
691 3154 737 3201 77:
755 3153 901 3201 dolomate
915 3153 1004 3215 {tipum
1019 3153 1118 3214 [martra
1134 3159 1218 3204 tento-

122 3243 158 3295 γε
175 3222 399 3290 πεπαιδευμένοι
410 3221 517 3284 σχεδὸν
530 3224 575 3288 (im
586 3225 655 3275 Goo-
692 3227 748 3276 bot:
770 3225 853 3287 adeo,
872 3228 902 3275 ut
921 3239 976 3276 non
994 3239 1043 3289 pro
1060 3219 1216 3296 ἁρχαὶῳῳ

122 3317 172 3354 m
189 3313 337 3365 panormo»
354 3300 534 3364 penduipttct)
546 3292 655 3365 ἀγαθοὶ
691 3300 785 3351 haberi
803 3302 897 3364 queat,
916 3313 998 3362 quem
1016 3302 1140 3352 Horatius
1152 3316 1218 3353 con-

122 3379 284 3446 γίγνονται.
315 3373 367 3425 Cir.
386 3374 462 3425 Hand
480 3376 554 3424 Ture.
574 3375 605 3423 Η.
626 3385 652 3437 p.
691 3375 760 3427 sulto
773 3376 905 3425 devitarit.
935 3377 994 3438 ipse
1009 3375 1220 3425 lacohsiusoon-

123 3451 184 3502 697.
201 3477 228 3488 -
242 3449 363 3512 matur]
383 3449 516 3513 ustupete
535 3449 615 3498 etiarn
628 3449 655 3498 in
692 3448 751 3501 tulit
767 3452 855 3500 Pacot.
872 3452 969 3510 Paneg.
987 3449 1033 3496 ta:
1051 3449 1153 3497 Animos
1170 3465 1219 3499 oo-

124 3525 220 3584 malis,
245 3525 276 3573 ut
297 3525 395 3572 Lucan.
419 3525 448 3584 t,
470 3522 514 3572 27:
544 3523 655 3572 Naottttm
691 3531 756 3576 utros
768 3525 873 3586 perinde
889 3524 987 3572 taetitia
1002 3527 1027 3572 et
1043 3524 1114 3572 dolor
1131 3530 1217 3574 exter-

123 3605 161 3650 ert
176 3600 220 3656 itta
235 3599 320 3660 dolor,
342 3597 384 3647 aed
400 3598 454 3646 iam
469 3601 561 3656 metite·
581 3598 655 3646 ineat-
691 3607 745 3652 not.
781 3598 926 3649 Marklandi
948 3599 1040 3647 contre
1064 3601 1217 3649 contectura

124 3673 439 3733 antummtitraturqm
449 3671 553 3720 malurn.
566 3699 593 3708 -
603 3685 655 3733 pa·
692 3681 790 3726 exercet
806 3675 832 3723 in
849 3673 957 3723 diutinis
975 3673 1055 3722 animi
1072 3673 1219 3724 affectioni-

123 3749 180 3814 uor]
200 3749 256 3798 Cic.
270 3749 347 3796 Tusc.
360 3745 389 3808 i,
408 3745 437 3806 8,
456 3746 500 3795 ⁴9:
522 3759 653 3808 peroraro,
692 3750 756 3809 bus,
781 3762 833 3798 uon
855 3749 882 3796 in
904 3747 1055 3796 huiusmodi
1073 3750 1219 3811 repentinis

124 3828 336 3876 mairomontem
344 3823 397 3871 toro
405 3827 553 3871 mouentem:
562 3835 656 3885 quem·
693 3821 918 3874 commotionibus
928 3820 1018 3871 locum
1029 3821 1119 3872 habet.
1133 3825 1218 3874 Etiam

126 3899 275 3952 admodum
293 3899 416 3948 novimus
436 3897 585 3947 hereditate
608 3896 656 3947 uii—
693 3897 854 3948 Doederlein
865 3897 957 3958 aanor.
970 3897 1017 3960 yet.
1031 3897 1094 3946 Aur.
1106 3898 1178 3948 t836.
1189 3911 1216 3962 p.

125 3988 180 4038 qua
198 3971 436 4037 inexspectatum!
453 3971 560 4036 publica
572 3986 657 4036 paru·
693 3973 751 4023 aot.
770 3975 860 4021 tuetur
876 3971 961 4021 codd.
975 3969 1118 4022 lectionem
1134 3978 1220 4021 entor-

126 4051 187 4100 niae
200 4048 339 4100 sortitione
357 4045 446 4098 subito
463 4047 560 4097 ditatos
578 4048 657 4097 inter-
692 4053 732 4096 rot
748 4050 829 4110 atque
841 4047 981 4110 comparat
991 4046 1095 4096 Lucret.
1109 4049 1140 4106 Ξ,
1154 4047 1218 4096 4οἳ6

128 4125 194 4174 dum
212 4122 297 4185 linqui
309 4121 406 4172 animo.
423 4122 601 4184 -utrobtour]
615 4124 657 4172 eet
694 4134 783 4185 seqq,
810 4122 855 4184 qui
880 4120 955 4171 loeus
977 4121 1085 4171 Horatio
1106 4121 1219 4171 fortasse

128 4202 154 4250 in
171 4201 271 4250 timore
289 4196 428 4247 amittendi
446 4200 473 4247 et
490 4198 516 4247 in
534 4210 582 4262 epo
595 4210 657 4247 con·
694 4195 855 4246 obversatus
880 4197 922 4246 eit.
951 4223 978 4232 -
1005 4198 1062 4257 spo]
1087 4198 1154 4259 Spes
1177 4200 1220 4244 eet

129 4273 275 4337 sequendi,
295 4285 327 4321 ex
345 4271 443 4335 quihus
460 4274 508 4322 aut
524 4269 601 4321 dolor
612 4274 657 4321 aut
694 4271 782 4335 opinio
794 4272 923 4333 cuiusque
942 4271 980 4318 rei
997 4271 1110 4320 futurae.
1127 4297 1153 4305 α
1168 4270 1219 4318 Da-
