2925 4892
566 370 626 421 ras
643 368 788 421 manca.
1162 370 1223 436 739

175 524 344 612 Sortilegis
366 546 429 591 non
452 525 631 612 discrepuit
651 528 808 594 sententia
832 527 973 616 Delphis.

174 646 325 713 Carmine
348 646 404 734 qui
427 647 550 734 tragico
572 647 669 714 vilem
691 650 826 715 certavit
847 649 890 716 ob
912 649 1049 727 hircum,
1160 652 1222 716 220

174 768 248 833 lior
270 770 367 834 etiam
388 777 533 855 agrestes
556 769 691 856 Satyros
712 768 846 834 nudavit
867 778 900 835 ct
922 790 1018 857 asper

130 1095 219 1146 tutans
243 1095 350 1145 lascivia
376 1094 533 1146 hilaritatem
562 1096 658 1145 excitu·
676 1117 679 1136 ι
696 1096 779 1159 sang).
807 1096 845 1145 Dc
858 1098 1009 1159 tragoediae
1027 1098 1128 1161 origine
1141 1100 1174 1149 ci.
1188 1099 1221 1149 ad

130 1175 186 1229 ret,
205 1172 415 1220 consentaneum
434 1170 503 1227 erat,
521 1171 551 1218 ut
567 1181 658 1219 sermo
696 1169 793 1218 adid.
815 1197 841 1205 —
861 1170 924 1218 dioc
939 1170 1015 1219 stiam
1032 1172 1096 1233 cet]
1122 1174 1221 1223 «inane

130 1248 159 1295 in
185 1246 340 1296 universum
362 1243 435 1294 idem
457 1248 543 1302 esset,
569 1246 658 1307 quiin
697 1247 755 1292 erat
776 1244 923 1306 negotium,
951 1258 1004 1307 quo
1026 1246 1114 1296 critici
1137 1248 1223 1298 liora-

129 1318 281 1381 tragoedia,
297 1318 346 1368 sed
359 1318 658 1368 admitterenturverba
696 1318 763 1367 tium
789 1318 814 1366 in
840 1318 946 1381 satyrici
973 1319 1100 1370 dramatis
1122 1323 1221 1385 origiue

130 1393 314 1457 loquendique
336 1394 438 1443 formae
455 1406 488 1442 ex
505 1393 659 1455 quotidiano
696 1395 758 1455 post
774 1392 938 1454 tragoediam
962 1394 1085 1457 ponenda
1103 1407 1221 1459 pugnare

130 1480 187 1517 usu
210 1468 322 1530 petitae,
349 1468 507 1529 numerique
533 1480 659 1517 versuum
677 1445 680 1510 Ι
697 1478 759 1514 cnm
769 1465 907 1515 Aristotele
921 1467 1002 1529 (Petit.
1013 1466 1223 1528 hidemonstrn-

131 1540 234 1605 aliquid
251 1541 285 1591 de
302 1543 444 1591 severitate
461 1540 565 1602 legum,
590 1554 660 1603 quae
697 1543 760 1589 runt
776 1541 822 1589 aut
833 1552 895 1590 eum
909 1554 1038 1591 excusare
1052 1546 1139 1592 conati
1151 1548 1221 1595 sunt.

131 1616 276 1679 tragoediis
297 1616 421 1679 propriae
439 1620 514 1675 sunt,
540 1616 659 1665 remitte-
697 1616 842 1677 Utrumque
860 1626 943 1677 genus
954 1616 1169 1679 antiquissimum
1182 1618 1223 1667 tu-

132 1694 221 1740 rent·
240 1690 394 1739 humanans
412 1690 438 1739 in
451 1690 535 1740 Praei.
554 1690 588 1739 ad
607 1691 659 1739 Eu·
697 1690 750 1739 isse
768 1689 803 1737 ait
821 1690 951 1739 Horatius.
971 1688 1061 1739 Redde
1074 1692 1224 1752 igiturmoc

131 1766 184 1829 rip.
203 1763 276 1827 Cycl.
298 1778 325 1827 p.
344 1764 408 1813 xlv.
428 1765 553 1828 Sequitur
569 1767 659 1814 autem
696 1765 773 1813 edam
795 1762 885 1813 verbis
907 1762 1004 1811 slshuld
1026 1765 1121 1814 auch.»
1152 1768 1223 1817 Ηηῃ
1260 1784 1264 1798 =

131 1839 288 1903 opinionem
313 1851 499 1898 communem,
529 1851 561 1888 ex
590 1852 658 1902 qua,
697 1838 772 1887 Turs.
786 1837 828 1885 ili.
842 1849 868 1900 p.
883 1837 938 1887 656.
961 1835 1118 1899 (Falsissima
1132 1844 1223 1891 contra

131 1925 197 1963 cum
205 1913 316 1975 Thespis
326 1913 474 1963 invenisset
485 1913 659 1975 tragoediam,
697 1910 803 1963 Schellii
820 1911 986 1975 aliorumque
1004 1916 1045 1964 est
1063 1915 1224 1979 interpreta-

131 2000 188 2037 non
205 1988 240 2036 ita
259 1985 342 2037 multo
357 1989 422 2051 post
435 1985 543 2050 trilogiis
553 1988 660 2050 tragicis
698 1987 749 2034 tio:
767 1998 829 2035 mac
841 1986 989 2049 significare
1001 1990 1090 2039 statim
1102 1994 1157 2051 post
1169 1992 1224 2039 tra-

132 2061 224 2111 addita
240 2062 293 2112 sint
309 2061 430 2111 dramata
445 2064 569 2123 satyrica.
589 2063 660 2111 dam
698 2060 807 2122 gocdias
825 2060 924 2109 Horatii
941 2063 1063 2126 tempora
1082 2064 1161 2113 etiam
1176 2064 1225 2112 lto-

131 2148 198 2187 cum
215 2137 242 2185 in
259 2136 300 2185 his
317 2148 426 2199 quoque
445 2136 488 2186 dei
510 2141 591 2200 atque
610 2138 661 2187 he·
678 2175 681 2186 .
698 2147 759 2186 mae
785 2136 918 2198 Satyricas
945 2134 1048 2187 tabulas
1070 2137 1112 2186 adi
1134 2136 1224 2188 solitas

131 2224 196 2261 roes
208 2210 377 2269 inducantur,
389 2212 534 2275 praecipue
547 2211 661 2261 demon-
698 2222 775 2267 esse;
802 2209 829 2259 id
855 2208 925 2272 quod
945 2210 1016 2259 omni
1039 2211 1162 2261 historiae
1180 2226 1224 2259 re-

132 2284 275 2335 strandum
293 2287 349 2344 est,
367 2283 466 2348 quihus
477 2286 503 2333 in
515 2284 598 2336 rebus
609 2286 661 2335 dit·
698 2285 806 2347 pugnat.
843 2284 949 2333 Frustra
971 2286 1062 2333 autem
1079 2288 1226 2348 provocant

132 2359 222 2411 temni
238 2372 253 2409 a
269 2360 432 2422 tragoedia.»
451 2362 488 2409 ita
506 2362 578 2410 enim
595 2373 662 2410 con·
699 2356 732 2407 ad
746 2358 812 2421 Epp.
826 2357 851 2417 2,
865 2359 889 2418 t,
904 2358 947 2406 tat
960 2372 965 2405 :
978 2360 1161 2409 llooetrohitus·
1171 2372 1226 2409 ma-

132 2434 283 2486 nectendus
308 2434 352 2483 hic
373 2433 448 2485 locus
470 2434 577 2485 videtur
599 2448 660 2485 cum
698 2430 771 2480 nibus
786 2443 875 2494 ΝΜ
890 2431 1165 2497 [ortunorstortis.)-
1178 2448 1225 2482 nu-

131 2508 287 2573 tragoediae
294 2513 367 2558 recte
373 2509 575 2573 componendas
582 2524 661 2573 prae·
699 2504 777 2567 davit]
789 2506 906 2567 «primus
919 2505 1005 2555 nudos
1016 2506 1118 2556 induxit
1130 2508 1156 2556 in
1168 2520 1226 2557 sce-

133 2584 231 2647 ceptis‚
248 2595 317 2645 quae
328 2583 503 2647 praecedunt.
522 2585 602 2635 Totus
613 2597 663 2634 au·
700 2592 792 2637 namn
812 2579 838 2627 id
856 2581 910 2637 esi.
930 2580 996 2628 “hoc
1014 2579 1163 2630 subillatum
1181 2594 1226 2643 ge·

133 2662 189 2709 tem
207 2657 259 2707 ioci
270 2656 344 2707 color
355 2658 486 2709 eiusmodi
498 2662 554 2719 est,
570 2662 600 2709 ut
611 2660 664 2709 du·
700 2666 750 2702 uus
769 2653 893 2701 invenito
917 2678 944 2687 -
964 2652 1050 2715 aspar]
1069 2655 1181 2705 Maxime
1199 2656 1225 2704 in

133 2734 222 2783 bitere
242 2732 285 2781 vir
310 2746 441 2795 queamus
459 2733 595 2784 Horatium
614 2735 664 2783 do-
699 2728 744 2787 lis,
758 2738 827 2789 quae
841 2726 940 2788 satyris
954 2725 1148 2786 tribuebantur.
1162 2740 1226 2778 con-

133 2805 348 2866 commisisse,
375 2807 511 2870 quomodo
528 2808 563 2857 ad
581 2810 663 2857 Gree-
700 2799 769 2851 salto
791 2800 915 2850 rusticius
932 2814 964 2850 ac
982 2801 1070 2851 minus
1087 2799 1167 2863 polite
1186 2802 1226 2850 io-

134 2894 230 2934 carum
247 2880 400 2945 exemplum
415 2882 523 2931 Latinoe
540 2882 664 2932 scriben-
700 2874 842 2933 rebantur,
867 2886 948 2937 quam
965 2873 1069 2925 solebat
1086 2875 1225 2925 comoedia

133 2958 187 3008 dac
215 2957 307 3006 essem
329 2954 436 3005 tabulae
461 2957 611 3018 satyricae,
640 2956 663 3006 si
700 2962 778 2999 nova.
813 2950 898 3001 Minus
926 2952 1000 2999 recte
1027 2952 1134 2999 vertunt
1159 2950 1226 3000 Voss

133 3032 197 3096 quis
215 3030 267 3079 hoc
284 3031 310 3079 in
332 3042 432 3092 genere
449 3028 589 3080 elaborare
606 3030 664 3081 vet·
680 3045 683 3136 p
699 3023 883 3083 streitruit,
897 3022 996 3073 hmold
1008 3024 1165 3083 hcissanrh
1184 3028 1226 3074 est

132 3106 185 3163 tet;
199 3106 336 3168 inceptum
348 3106 437 3153 tamen
448 3104 501 3154 hoc
513 3117 573 3155 esse
585 3104 662 3169 longe
699 3099 788 3163 potius
804 3098 883 3149 rach
900 3100 964 3147 und
982 3098 1067 3157 dorii,
1089 3100 1118 3149 nt
1135 3097 1226 3149 eluce-

133 3178 320 3233 ditflciliimum
350 3180 379 3228 et
405 3178 479 3242 quod
505 3190 662 3231 successum
700 3172 741 3222 hit
761 3186 793 3222 ex
811 3172 934 3235 Aeschyli
958 3172 1081 3225 versibus
1103 3174 1226 3235 satyricis

132 3252 310 3321 probabiliter
345 3266 399 3303 non
429 3255 464 3303 stt
491 3252 661 3315 habiturum,
701 3248 803 3309 Fragm.
818 3246 895 3297 Dind.
910 3247 967 3297 466.
980 3249 1037 3297 255.
1051 3246 1226 3310 etsophoclis

134 3327 319 3394 quippequod
327 3327 664 3378 Romanommtndoitmo
701 3322 741 3370 rr.
764 3320 820 3370 tit.
838 3318 894 3370 334.
927 3321 1035 3370 Tzcizes
1058 3321 1083 3369 ln
1107 3321 1226 3370 Cramerl

135 3403 267 3466 rihnsque
279 3402 367 3452 minus
376 3403 467 3463 aptum
477 3402 520 3450 sit.
538 3402 597 3452 Vid.
611 3404 663 3453 Er-
700 3394 800 3445 hnecd.
809 3394 833 3443 3.
845 3394 936 3459 p337.
946 3396 983 3443 ait
993 3407 1022 3444 se
1034 3394 1150 3457 primum
1163 3406 1226 3443 cum

134 3489 248 3527 cursum
258 3476 301 3525 vt.
700 3470 758 3521 aliis
783 3471 934 3531 ignorasse,
963 3467 1111 3517 cuiusmodi
1136 3470 1227 3517 essent

167 3550 309 3601 220-224.
336 3551 594 3615 comm-arapha]
621 3552 663 3601 stc
701 3542 806 3594 tabulae
824 3544 970 3605 satyricae,
989 3540 1131 3604 deinceps:
1150 3540 1227 3592 ἐντι·-

135 3622 260 3688 virgilius
276 3623 330 3675 Ecl.
348 3625 377 3685 9,
394 3625 434 3674 33.
463 3624 586 3676 Pollionis
609 3628 664 3677 tra·
700 3615 761 3680 χών
772 3620 939 3688 σατυρικοῖς
951 3612 1095 3686 δράμασιν
1105 3615 1225 3679 (Plurans

135 3700 247 3765 goedias
263 3698 479 3749 carmincvocat.
495 3728 522 3736 -
540 3700 585 3761 qui
602 3701 664 3765 cet]
701 3694 847 3744 etiamtunc
874 3694 1034 3755 supererant
1063 3702 1144 3753 quam
1172 3690 1227 3754 Cy-

135 3778 194 3827 Non
206 3774 284 3833 dicit,
301 3774 415 3837 Thespia
427 3775 560 3824 invenisse
571 3774 664 3825 dmma
702 3768 794 3832 clops‘i
811 3768 858 3817 Vix
871 3766 973 3827 credo.)
990 3761 1156 3836 Εὐριπίδου,
1174 3759 1227 3815 αὐ-

135 3849 301 3911 satyricum,
320 3846 369 3898 sed
381 3848 447 3899 hoc:
468 3861 536 3897 «non
548 3848 583 3897 ita
596 3846 665 3899 mul·
702 3841 752 3905 τὸς
768 3838 1041 3908 athorinswanic
1053 3836 1162 3891 codron
1173 3854 1228 3890 σα-

136 3927 164 3973 to
189 3924 252 3986 post
267 3923 402 3972 inveniam
420 3923 585 3985 tragoediam
601 3922 664 3973 illud
701 3914 819 3989 τυρικῆς
846 3914 991 3981 ποιήσεως
1008 3916 1058 3965 καὶ
1076 3913 1228 3981 κωμῳδίας

136 4010 246 4061 quoqne
264 4010 349 4061 genus
365 3998 504 4047 inventum
521 4010 614 4059 esse,»
638 4000 666 4047 et
701 3988 862 4063 διαφοράν·
891 3986 909 4055 ἡ
934 3990 989 4057 μὲν
1015 3980 1069 4041 οὖν
1091 3986 1227 4055 κωμῳδία

136 4071 249 4135 quidem
260 4073 402 4132 annuns,
415 4070 662 4135 Aeschyliaequali.
700 4066 823 4137 δριμέως
839 4063 925 4116 τινῶν
944 4064 1152 4129 eademnam
1169 4060 1229 4111 dra·

139 4172 168 4183 -
185 4145 328 4196 rilem-oh
348 4146 459 4208 hirnea]
493 4146 559 4195 ilinc
576 4147 664 4210 ipsum
700 4141 819 4204 βολαῖς,
838 4139 1041 4211 ἑπιλοιδορίαις
1055 4142 1130 4189 κινεῖ
1143 4134 1227 4203 γέλω-

138 4234 239 4271 nomen
272 4218 430 4291 τραγῳδίας
463 4220 665 4284 (Bochsopserge-
681 4235 685 4250 .
702 4232 753 4268 τα·
774 4212 841 4280 ἡδὲ
855 4212 994 4287 σατυρικὴ
1008 4216 1124 4278 ποίησις
1136 4206 1228 4279 ἄκρα-
