2925 4892
576 374 636 425 444.
655 376 674 425 r.
709 374 777 425 sir.
795 374 837 425 iv.
1217 370 1258 433 73

200 532 267 597 iiic
292 538 392 595 mutet
415 548 540 596 merces
563 540 717 617 surgente
740 551 759 597 4
782 528 852 597 soie
874 528 916 595 nd
937 549 1027 605 eum,
1050 550 1118 619 quo

198 650 398 738 Vespertinn
420 658 508 737 tepet
530 651 642 737 regio;
667 650 746 739 quin
768 670 830 739 per
850 649 934 717 maia
955 670 1115 739 praeceps
1213 650 1256 715 30

201 776 337 846 Fertur,
362 770 406 837 uti
429 770 536 859 pulvis
558 770 713 839 collectus
735 770 882 847 turbine,
905 770 1048 859 nequid

201 895 340 960 Summe
362 890 521 979 deperdat
541 900 691 959 metuens
713 901 769 958 444
789 891 922 979 ampliet
942 901 978 959 ut
998 912 1078 961 rem.

205 1016 334 1083 Omnes
355 1011 386 1076 hi
409 1020 556 1079 metuunt
577 1004 834 1087 versus‚’odere
856 1019 980 1099 poetas.

205 1136 353 1199 Fcennm
374 1131 473 1199 hebet
495 1132 525 1197 in
549 1152 669 1211 cornu;
692 1132 788 1222 longe
808 1132 897 1221 iuge:
921 1132 1099 1201 dummodo
1114 1134 1215 1201 risum

204 1254 354 1320 Excutiat
376 1252 452 1329 sibi,
476 1273 540 1319 non
563 1252 615 1321 hic
637 1252 790 1341 cuiquam
813 1262 926 1341 puroet
948 1254 1053 1323 emico
1214 1254 1257 1320 35

205 1376 261 1450 Et,
286 1373 507 1462 quodcunque
529 1374 630 1441 semei
654 1372 773 1441 chortis
795 1372 947 1452 illeverit,
972 1396 1088 1444 omnes

205 1495 333 1563 Gestict
353 1516 373 1560 4
395 1495 488 1561 furno
511 1495 685 1563 redeuntes
707 1496 792 1564 scire
815 1495 955 1585 lacuque
1026 1584 1031 1595 Ι

231 1694 273 1745 32.
294 1694 402 1757 oppitest
419 1706 446 1757 p.
462 1720 488 1730 -
508 1692 550 1744 33.
565 1696 669 1757 poiiom
679 1692 815 1745 Bentleius
823 1695 894 1745 cont.
909 1722 937 1731 -
951 1694 990 1745 ao.
1004 1694 1049 1745 titi
1060 1694 1221 1757 liutgersius.

158 1854 236 1915 virg.
255 1854 305 1902 Ge.
322 1852 353 1912 2,
371 1850 434 1902 508:
460 1850 508 1901 4444
525 1855 605 1913 stupet
626 1854 694 1901 otto-
732 1848 838 1901 iliorum
856 1851 980 1916 opinione
995 1864 1104 1911 omnes.
1131 1852 1177 1914 qui
1194 1864 1258 1901 ser·

157 1926 353 1977 aismfloeuu.
388 1926 485 1986 sam,
506 1926 536 1987 i,
554 1924 601 1975 95:
626 1926 694 1975 Poo-
731 1926 905 1987 sustinemini,
932 1926 1014 1977 444444
1034 1926 1258 1990 ssttrescompo—

157 2004 236 2052 risco
252 2006 352 2062 torpa,
369 2000 471 2057 444444,
489 1998 588 2049 4444444.
609 2024 636 2035 -·
649 1998 694 2049 44-
731 2012 797 2050 nere
814 1999 937 2064 adeoque
958 1998 1067 2051 isodoro
1083 1998 1196 2050 ciiortrm
1216 1999 1257 2050 ts·

158 2074 228 2139 4444]
244 2074 330 2125 homo
347 2074 465 2136 ignotus,
488 2074 562 2123 certe
580 2084 632 2122 non
651 2072 695 2122 Ti-
731 2086 804 2125 mam
820 2076 942 2139 possunt
956 2100 985 2113 ·-
998 2074 1116 2139 ionum]
1129 2073 1257 2135 «044444

157 2148 268 2207 bniius.
297 2149 327 2197 ut
351 2148 473 2212 opinatus
491 2148 533 2197 cst
555 2147 693 2197 Buterus.
731 2148 943 2207 inunctiones,
969 2161 1065 2201 eorum
1086 2150 1113 2199 iu
1129 2148 1258 2199 cornibus

158 2224 216 2275 Gir.
241 2236 267 2271 v.
295 2222 352 2271 4449.
377 2248 404 2257 -
426 2222 473 2271 iiic
496 2226 579 2271 mutui
601 2234 695 2271 merces
730 2222 826 2286 ligetur
852 2222 987 2273 iconum.»
1025 2224 1107 2275 Acro.
1133 2220 1200 2273 riui.
1229 2224 1257 2273 44

159 2297 227 2361 cet]
252 2297 382 2359 Loquitur
398 2294 432 2345 de
454 2298 621 2357 mercatore,
648 2297 695 2359 qui
732 2296 919 2348 crissoni:
945 2296 1091 2359 Σικίννιος
1113 2295 1186 2367 πρὸς
1205 2292 1257 2347 τὸν

159 2372 229 2422 tucri
251 2370 367 2434 cupidus
384 2368 419 2419 eh
436 2369 543 2420 Oriente
560 2369 595 2419 sd
616 2370 694 2421 Occi·
731 2366 865 2433 εἰπόντα,
883 2371 911 2421 rt
927 2366 963 2436 δὴ
979 2368 1073 2437 μόνον
1085 2364 1120 2421 οὗ
1132 2366 1258 2441 σπαράτ-

160 2447 276 2497 dentem
302 2444 391 2494 omnis
416 2444 501 2494 morie
528 2446 693 2509 pernaviget.
730 2458 773 2495 m
794 2440 846 2494 τὸν
871 2440 1023 2516 Κράσσον,
1050 2441 1157 2516 χόριον
1179 2441 1259 2506 ἔχειν

161 2520 201 2572 Ci.
223 2519 293 2583 Epp.
313 2518 343 2577 4,
362 2518 392 2577 4,
410 2515 457 2567 tn:
482 2517 593 2581 irrsptpsr
608 2522 695 2568 sutre-
730 2520 824 2585 φηο4ν
848 2518 896 2571 ἐπὶ
920 2517 973 2570 τοῦ
998 2520 1129 2590 κέρατος.
1150 2546 1177 2555 -
1198 2521 1258 2571 Be-

159 2606 216 2645 ssos
240 2596 371 2643 mercetur
395 2592 479 2641 444444
503 2592 538 2641 oti
561 2592 642 2641 44444.
664 2616 692 2627 -
730 2593 875 2657 msto]
887 2592 993 2644 dativus
1001 2592 1151 2643 commodi:
1166 2592 1259 2643 «(4444-

159 2683 213 2733 quo
240 2666 388 2729 Vespsrtisio
413 2670 477 2728 tepet
500 2665 586 2730 rocio]
612 2666 694 2729 Epico
731 2666 815 2717 modo
839 2666 917 2716 dictis
941 2666 997 2717 suis
1021 2664 1194 2716 mordacibus
1217 2664 1258 2715 te·

159 2754 293 2793 sunnone
310 2738 485 2790 Occidentem
502 2736 692 2811 καραφράζει.
732 2744 822 2791 ctores
841 2740 1018 2789 vehementer
1038 2739 1127 2789 sidem
1150 2742 1258 2801 cogat„

161 2818 201 2868 De
231 2814 299 2867 sciis
326 2814 471 2878 vespertini
500 2816 593 2877 tepore
622 2812 692 2863 coni.
732 2814 760 2863 id
787 2812 861 2877 quod
892 2812 993 2863 homini
1021 2811 1153 2863 malitioso
1180 2811 1259 2862 vuido

161 2892 231 2956 Epp.
251 2892 282 2951 t,
300 2889 347 2949 so,
366 2888 412 2937 ic:
440 2888 502 2938 Curii
519 2888 563 2937 tibi
578 2888 615 2938 sot
630 2888 695 2950 tepi-
731 2887 880 2947 bisnditnr;
905 2888 955 2938 sed
975 2889 1087 2952 propter
1101 2886 1153 2937 hoc
1170 2886 1259 2951 ipsum

161 2967 211 3015 diss
224 2964 315 3027 piru-ss
335 2963 475 3012 4444444444
491 2974 574 3012 omos.
596 2990 623 2998 -
642 2961 695 3011 coi-
732 2963 768 3013 44)
795 2962 921 3013 omnihus
948 2961 1089 3025 fugiendus
1116 2962 1167 3012 est.
1209 2958 1260 3012 4444

162 3041 242 3089 tectus
259 3036 368 3101 44444444]
386 3036 616 3101 auspswtrbstc
642 3036 696 3086 cci-
733 3038 821 3087 minus
837 3039 911 3087 recto
928 3035 1073 3100 explicent:
1095 3034 1259 3087 «dummodo

162 3116 255 3173 444444,
284 3112 314 3162 ut
330 3110 378 3161 0d.
398 3110 427 3171 4,
455 3112 484 3171 4,
511 3109 541 3162 i:
566 3112 697 3173 priiomm
733 3112 925 3175 semetipsum
943 3110 1137 3161 adridendum
1154 3112 1258 3173 cogat.»

161 3188 301 3251 cottspisss.
323 3208 351 3220 -—
371 3184 473 3247 ampliet
496 3189 527 3233 ut
549 3185 611 3249 rom]
638 3186 695 3235 Non
735 3214 763 3222 -
781 3184 893 3249 iitsusrit]
917 3186 1090 3249 contemptim
1115 3184 1150 3234 de
1173 3182 1258 3247 negli-

162 3263 206 3312 444
222 3265 251 3309 rit
268 3257 364 3319 444444,
382 3256 611 3321 quemadmodum
623 3261 696 3309 retus
732 3258 821 3321 gentis
837 3259 864 3309 in
884 3258 1037 3309 scribendo.
1058 3284 1087 3295 ·-
1105 3271 1124 3307 ο
1138 3258 1260 3321 sumo--

162 3337 206 3385 est
228 3334 303 3383 Voss
329 3332 405 3395 (ona
432 3334 506 3382 dors
533 3333 697 3383 4444444444
732 3332 846 3397 mouns]
864 3346 880 3382 4
896 3333 1008 3396 pistrino
1029 3333 1057 3382 et
1076 3344 1164 3395 squas
1181 3344 1260 3382 rece·

162 3412 219 3459 rins
241 3406 400 3470 Giitiein);
425 3406 473 3457 sed
491 3408 570 3471 iunge
588 3420 651 3458 cum
668 3420 694 3456 v.
732 3406 858 3472 piaculis,
888 3419 958 3470 queo
985 3406 1061 3456 DCC.
1082 3408 1110 3456 in
1135 3405 1205 3457 Urbe
1223 3404 1260 3455 te·

162 3488 291 3534 muscus:
340 3482 514 3544 4444444444,
557 3482 630 3532 dass
664 3494 697 3533 or
733 3482 770 3531 cit
785 3482 819 3533 44.
832 3481 957 3544 Agrippi.
987 3478 1257 3539 Piin.ii.rt.3c,ts.

163 3559 230 3609 scis
242 3556 395 3608 (turnicii
410 3557 573 3608 cormstrs.
595 3582 623 3594 -
641 3569 697 3607 νον-
733 3554 837 3606 Gaudet
853 3556 932 3618 igitur
947 3552 1042 3619 pinusu
1061 3553 1202 3603 hominum
1218 3555 1261 3604 in-

164 3632 215 3693 444]
233 3631 331 3681 ι444444
349 3630 432 3679 nostri
449 3632 587 3692 generis»;
613 3643 696 3693 uque·
733 3630 814 3680 iimcc
839 3628 928 3679 sortis.
962 3628 1043 3678 Recte
1064 3628 1181 3678 [tiintzer
1204 3630 1260 3677 stn-

163 3706 235 3757 iinus
246 3706 329 3756 satire
348 3705 455 3753 utitur·
470 3728 498 3741 -
511 3706 585 3755 odore
597 3705 695 3770 poitur]
733 3704 795 3764 tuit,
814 3702 1031 3753 edvemriorum
1043 3701 1141 3752 Horatii
1152 3702 1202 3751 tris
1213 3714 1261 3766 po-

166 3782 247 3831 iiecte
265 3779 374 3829 ishnins
397 3780 427 3829 N.
446 3781 513 3831 444.
529 3777 586 3829 Voi.
605 3780 647 3829 27.
666 3791 694 3843 p.
734 3778 866 3827 tissimum
887 3788 986 3839 genere
1007 3776 1137 3826 hactenus
1154 3788 1260 3826 memo-

164 3854 223 3905 2³⁰.
242 3848 404 3905 ἀσύνδετον
421 3853 455 3903 ite
474 3851 592 3918 supplet:
621 3866 697 3903 nme·
734 3852 797 3912 reri,
816 3864 885 3915 quse
900 3852 939 3901 sic
955 3849 1141 3913 distinguenda
1153 3852 1258 3900 essent:

166 3930 243 3978 inunt
253 3938 352 3977 versus
363 3928 444 3989 atque
455 3929 599 3990 propiores
611 3926 695 3977 odero
735 3924 758 3987 4)
776 3924 917 3988 4444444444
934 3924 959 3973 ei
976 3922 1105 3975 Lucilium
1121 3921 1199 3987 longe
1211 3936 1261 3974 on·

167 4004 290 4066 potius.»
325 4001 429 4051 Festive
450 4014 550 4052 nomen
570 4000 695 4064 generals
734 4000 906 4064 teponentes;
932 3997 956 4060 2)
975 3999 1007 4059 ii,
1030 4000 1090 4063 qui,
1113 4000 1144 4047 ut
1160 3999 1261 4063 crispi·

166 4077 255 4141 posuit
280 4088 332 4140 pro
356 4075 403 4135 iis,
434 4076 481 4139 qui
505 4076 613 4140 proprie
638 4070 696 4124 τῶν
734 4085 797 4135 nus,
826 4073 884 4123 eius
912 4072 1064 4123 orontem
1092 4074 1118 4122 in
1147 4083 1261 4134 compo·

167 4146 326 4209 βαναύσων
343 4148 404 4199 odio
421 4148 534 4214 expositi
550 4150 627 4208 sunt,
650 4162 696 4200 su-
733 4146 824 4198 neudo
847 4148 972 4211 poemate
997 4148 1079 4210 utque
1102 4146 1181 4197 nimis
1204 4145 1261 4194 exi-

168 4224 280 4275 iirnrum
305 4222 489 4289 scriptoribus.
533 4220 637 4276 sciiicet
662 4236 696 4275 es
733 4232 815 4286 gnum
844 4222 941 4273 horum
972 4232 1114 4273 numerum
1143 4219 1262 4281 exagita-
