2925 4892
542 361 603 413 urs.
621 363 653 412 ιι.
688 363 758 414 sar.
776 364 818 414 ur.
1170 363 1232 430 tlt

185 519 308 586 Audire
329 527 429 605 atque
451 528 560 606 togam
584 517 681 586 iubeo
703 538 916 606 componere,
940 520 1089 608 quisquis

185 641 368 707 Ambitione
390 639 475 706 mala
495 648 551 705 aut
572 640 694 726 argenti
717 639 816 728 pallet
839 661 966 717 amore,

188 762 346 849 Quisquis
368 759 495 826 luxuria
517 760 640 827 tristive
661 761 891 848 superstitione

185 886 250 949 llut
269 880 333 948 alio
354 882 470 948 mentis
491 881 607 948 morbo
628 881 727 960 calet;
750 881 814 948 buc
836 883 971 970 propius
994 905 1059 959 me,
1188 887 1230 950 80

185 1007 273 1070 llum
293 1001 398 1070 doceo
421 1003 561 1069 insanire
583 1023 714 1078 omnes,
738 1023 797 1068 vos
819 1003 933 1070 ordine
956 1003 1051 1070 adite.

184 1123 302 1192 Danda
322 1135 373 1192 est
394 1123 528 1192 ellebori
550 1121 651 1190 multo
673 1145 750 1210 pars
774 1125 912 1190 maxima
934 1125 1055 1203 avaris3

172 1276 246 1401 gpd.
264 1277 405 1414 lipzdsgc.
426 1273 458 1338 (λ)
476 1278 504 1325 et
529 1273 645 1326 Geleano
664 1271 695 1338 (ξ)
715 1273 859 1326 Bentleius.
881 1299 907 1312 -
933 1278 973 1326 7⁵.
992 1277 1081 1328 Perelli
1105 1276 1148 1327 bc.
1169 1303 1197 1315 -

213 1389 219 1401 .
239 1356 268 1400 tlt
385 1389 391 1400 .

129 1473 216 1535 fraso
231 1472 328 1522 mue
340 1471 436 1520 Ιοααια.
452 1497 479 1506 -
492 1471 520 1520 Si
530 1471 598 1520 mola
607 1469 671 1534 cet]
708 1469 781 1532 quod
793 1471 944 1522 attentionis
956 1473 1059 1534 signum
1071 1475 1116 1534 slt,
1136 1475 1233 1525 oxhor-

133 1547 232 1597 Etiam
254 1544 326 1608 apud
348 1544 402 1595 Cic.
422 1545 479 1594 Cat.
497 1545 559 1594 mai.
580 1544 609 1605 7,
628 1544 669 1593 22,
708 1545 780 1595 tatur
796 1545 900 1595 Stoicus
912 1545 1007 1595 doctor
1022 1547 1092 1597 inani
1110 1547 1178 1599 tastu
1195 1549 1234 1598 in-

130 1619 212 1669 mte
232 1631 289 1669 rom
309 1631 396 1682 auare
417 1619 541 1668 dicuntur
567 1617 600 1676 il,
625 1618 672 1680 qui
708 1617 787 1669 tlutus
806 1620 833 1669 et
850 1617 945 1669 alatus.
978 1613 1131 1673 ’Avrbleotv
1155 1635 1234 1673 mon-

132 1694 336 1759 patrlmonium
353 1705 432 1742 sunm
449 1691 600 1757 prodigunt.
630 1690 670 1741 Cl.
708 1694 776 1742 strat
793 1692 898 1753 Quintil.
913 1694 959 1750 lt.
978 1694 1009 1754 3,
1028 1696 1092 1746 tto:
1122 1697 1149 1745 iu
1165 1709 1234 1745 com-

131 1781 164 1817 ν.
182 1767 227 1816 3Ί.
258 1768 339 1829 lunge
356 1767 530 1830 dereperere,
549 1764 674 1815 noniano
704 1767 823 1828 ponenda
848 1771 907 1830 lopo
931 1766 981 1828 oei,
1008 1769 1029 1816 si
1052 1781 1148 1820 oscam
1171 1772 1233 1832 erit,

131 1841 210 1893 sani.
227 1865 257 1876 -
276 1841 490 1904 Putidichquam
507 1843 592 1890 tuum.
621 1841 673 1889 Pu-
708 1841 785 1890 etium
799 1841 1093 1904 esiubproiuiicicndo.
1109 1845 1233 1909 -pollet1

131 1917 225 1966 lidus
250 1916 359 1980 proprie
384 1918 426 1965 est
450 1914 580 1979 quidquid
609 1912 672 1964 mali
708 1913 790 1964 veluti
813 1917 925 1979 propter
947 1914 1080 1966 morbum.
1110 1919 1183 1968 Pers.
1203 1918 1233 1981 l,

131 1989 236 2043 odoris
248 1993 303 2049 est3
321 1989 392 2054 apud
409 1991 516 2040 Latinos
526 1991 672 2052 usurpatur
709 1987 755 2039 ll:
777 1989 864 2038 tisoni
877 1989 968 2051 pultes,
987 1990 1111 2052 inprobe,
1122 2005 1233 2044 ommno,

131 2066 175 2115 de
196 2063 296 2123 rebus,
314 2077 383 2126 qnae
400 2062 466 2113 elios
483 2073 591 2126 quoque
608 2075 672 2112 seu·
711 2091 739 2100 -
753 2067 850 2124 manu,
867 2075 912 2112 cos
928 2063 1023 2128 ordine]
1042 2065 1161 2116 Dubitari
1178 2069 1236 2131 pot·

131 2151 204 2198 sus,
222 2149 320 2198 aures,
337 2135 429 2187 oculos
445 2135 599 2196 offendunt,
618 2148 672 2185 non
709 2139 764 2198 est,
782 2139 871 2187 utrum
889 2136 1107 2200 distinguendum
1123 2140 1157 2190 sit
1172 2153 1234 2192 cum

131 2211 232 2264 solum
257 2223 350 2268 nares;
376 2210 474 2261 deinde
500 2210 597 2261 dicitur
622 2222 672 2273 pro
710 2210 863 2262 llaindorflo
886 2213 998 2263 insanire
1014 2225 1097 2264 annes
1111 2227 1166 2274 cos,
1191 2228 1236 2264 or-

133 2287 250 2349 inepto,
270 2283 380 2346 insulso,
397 2285 431 2334 de
443 2284 597 2336 bominibus
608 2283 673 2348 ipsis
709 2288 778 2348 dinc,
804 2300 851 2347 an,
874 2289 904 2338 ut
920 2299 969 2337 nos
986 2286 1107 2338 lecimus.
1143 2291 1235 2340 Poste·

132 2363 165 2410 et
192 2359 230 2409 de
256 2357 363 2409 dicendi
384 2372 493 2423 genere.
513 2387 542 2396 -
559 2359 674 2409 Per-ilites
708 2361 764 2412 rius
781 2363 808 2411 et
833 2364 943 2426 propter
964 2374 1105 2412 caesuram
1128 2363 1235 2427 praeie-

133 2437 182 2486 eet
208 2433 286 2483 idem
309 2433 355 2496 qni
379 2447 460 2499 supra
487 2432 599 2484 ridiculo
626 2445 673 2483 co-
708 2435 822 2486 rendum
849 2435 956 2486 ridetur
981 2439 1009 2486 et
1036 2438 1146 2500 propter
1171 2451 1235 2488 sen-

131 2509 272 2575 gnomine
284 2507 381 2558 dicitur
392 2509 488 2559 Ciuttu.
500 2536 528 2546 -
539 2506 671 2570 dictantis]
708 2522 770 2560 sum
787 2509 888 2572 ipsulm
909 2509 961 2559 hoc
973 2511 1044 2560 onim
1060 2509 1136 2560 dicit:
1156 2513 1234 2574 «Vos,

132 2586 263 2637 debitori
280 2585 409 2636 metionis
425 2583 576 2645 formulam,
595 2597 673 2635 «cre-
709 2583 755 2646 qui
771 2583 851 2633 variis
868 2583 937 2633 vitiis
953 2581 1092 2643 laboratis,
1112 2597 1161 2648 pro
1177 2585 1235 2648 ipsa

131 2660 261 2712 dentis.»
286 2683 314 2694 -
343 2657 490 2724 rescribere]
519 2659 672 2708 obscbrei-
707 2658 861 2706 vastrorum
876 2656 1002 2705 vitiorum
1019 2658 1147 2707 varietate
1162 2659 1236 2708 certo

131 2735 211 2790 beau
231 2745 283 2797 per
292 2733 472 2795 mgentarium
483 2731 605 2783 debitum
616 2731 672 2783 sol·
709 2729 826 2793 quodam
855 2728 948 2778 ordine
981 2727 1034 2778 buc
1065 2729 1172 2793 adeste,
1208 2735 1237 2782 ut

131 2821 217 2868 vere,
229 2808 260 2857 h.
274 2818 298 2856 e.
311 2807 440 2871 scriptum
452 2807 535 2858 debiti
545 2807 669 2858 liberare.
707 2815 791 2854 unum
814 2806 877 2868 post
897 2801 1011 2854 alterurn
1035 2817 1084 2867 ego
1108 2805 1236 2868 castigem

131 2883 286 2942 Terentius
310 2883 417 2932 Phorm.
438 2884 468 2944 d,
494 2883 524 2943 7,
550 2881 595 2932 28:
623 2883 673 2932 sed
708 2878 949 2942 atquocorrigam
968 2879 1182 2930 omnesvitlosos
1195 2881 1236 2930 in·

133 2959 226 3008 vensi
250 2957 321 3007 sodes
344 2959 379 3006 od
401 2957 487 3020 tonan
510 2961 587 3019 utque
609 2957 672 3006 illud
708 2953 1086 3004 sanosessedemonstrans.»
1104 2952 1235 3018 siclonge

132 3033 204 3084 miili
219 3031 359 3096 Argeum
371 3045 475 3082 rursm
491 3031 548 3081 iube
557 3031 670 3090 rescribi,
708 3028 796 3079 acrior
817 3027 848 3078 tit
867 3029 949 3078 Stoici
971 3028 1133 3088 exhortati03
1160 3031 1235 3078 recte

134 3108 269 3159 Pimmio.
297 3108 344 3156 Pa.
374 3107 477 3168 (iuodue
492 3120 537 3170 eqo
557 3107 672 3168 discripsi
708 3103 838 3153 Diintzer:
858 3102 945 3152 «Nacb
955 3103 1080 3166 Heindorf
1091 3103 1236 3152 wiirdsdar

133 3195 220 3245 poi-ro
235 3182 288 3230 iltis
304 3181 393 3242 ouibus
409 3181 501 3231 debui?
517 3181 564 3231 ubi
582 3182 672 3232 Dona·
708 3177 770 3228 Sole
781 3177 891 3228 beiram
907 3177 1027 3227 wdltrend
1038 3177 1077 3226 ici
1087 3177 1164 3239 seiae,
1179 3177 1236 3226 dors

137 3261 201 3307 lus:
220 3255 355 3317 «mitt,
374 3255 465 3316 reddi,
478 3255 671 3306 renumerat-i.»
708 3251 749 3300 ttr
765 3251 814 3300 uite
830 3250 946 3300 ndmimli
956 3250 1021 3310 seid,
1041 3254 1112 3299 trctct
1123 3249 1233 3299 beraul-

170 3331 265 3380 77-8t.
296 3331 431 3380 Hactenus
459 3329 598 3380 Stertinius
622 3328 672 3377 ed·
741 3325 782 3375 82.
795 3324 836 3376 83.
860 3325 955 3376 Danda
970 3322 1079 3387 estest]
1092 3323 1235 3387 lamquat·

137 3407 266 3456 hortatus
281 3407 341 3454 erat
362 3417 446 3454 unum
463 3404 670 3467 Damasippum
708 3400 770 3450 tuor
790 3399 852 3448 vitia
875 3398 1033 3463 praecipua,
1058 3398 1085 3446 ln
1104 3408 1173 3458 quae
1193 3397 1235 3446 ln·

138 3481 196 3530 iam
207 3477 387 3529 incalescente
399 3479 532 3539 cratone,
544 3481 575 3527 ut
586 3476 673 3529 solent
708 3472 770 3523 vehi
786 3470 909 3523 solebant
919 3471 1012 3529 Stoici,
1032 3471 1156 3532 castigat,
1174 3482 1236 3518 ava·

138 3547 329 3623 dpnoiloyoc,
359 3552 394 3602 ad
422 3565 517 3602 omnes
542 3549 671 3601 mortales
708 3548 795 3597 ritiam
822 3547 878 3610 (vv.
900 3545 1032 3607 senon,
1059 3543 1235 3594 ambitionem

138 3640 205 3679 sese
221 3627 362 3678 convertit.
377 3653 404 3662 -
418 3632 504 3690 togam
519 3625 590 3675 iubeo
601 3638 670 3675 com-
709 3623 760 3685 (rv.
783 3621 924 3683 leodis),
942 3619 1074 3671 luxuriam
1097 3619 1147 3682 (vv.
1169 3617 1235 3668 tti-

136 3701 242 3766 pouare]
254 3703 355 3764 lugam
366 3699 496 3750 decenter
507 3702 672 3764 componunt
707 3697 786 3758 lib),
805 3696 1022 3758 superstitionem
1038 3695 1087 3757 (vv.
1101 3691 1233 3756 ast-ase).

138 3778 168 3826 in
184 3773 330 3839 plicaturas
348 3772 483 3839 discipuli,
509 3775 554 3838 qui
580 3777 671 3825 consi·
710 3795 737 3806 -
765 3769 878 3830 studeri]
904 3767 1057 3819 Elleborum
1082 3768 1187 3830 nigrum
1210 3779 1232 3817 s.

139 3850 209 3900 dent
233 3851 262 3899 in
287 3847 421 3900 subselliis
445 3847 488 3898 vel
517 3849 667 3911 cathedris,
706 3845 843 3894 veratrum
865 3845 978 3893 medetur
996 3841 1160 3904 paralyticis,
1187 3841 1234 3892 io-

139 3927 258 3974 attentas
270 3935 350 3973 aures
366 3925 494 3987 magistro
510 3923 667 3986 praebitum
705 3918 907 3980 contestibus,
925 3917 1157 3980 increpuissent
1167 3916 1234 3966 citra

140 4000 221 4058 itm,
242 3999 290 4059 qni
306 3999 453 4060 amtorem,
481 4009 563 4061 quem
579 3997 669 4061 suspi-
704 3993 808 4057 sebum,
823 3991 1092 4056 podaorisoetsribus,
1111 3989 1233 4040 articulo·

140 4073 229 4131 ciunt,
259 4074 290 4120 nt
313 4072 428 4122 attentos
454 4071 546 4132 decet,
576 4069 668 4121 audire
704 4069 751 4119 riis
771 4067 873 4118 morbis.
909 4067 995 4117 butu
1010 4066 1097 4116 almon
1113 4069 1136 4115 et
1160 4064 1232 4114 bilem

140 4145 243 4196 solunt.
278 4147 318 4196 lta
333 4147 360 4195 h.
373 4146 390 4197 l.
403 4145 539 4197 auditores
555 4147 590 4196 ad
612 4147 669 4196 sta-
701 4145 863 4207 pituitasque.
898 4141 963 4193 Plio.
984 4143 1015 4192 ll.
1033 4143 1063 4190 N.
1083 4141 1131 4199 id,
1154 4140 1178 4188 o.
1199 4163 1229 4174 -

137 4223 203 4270 tum
219 4218 395 4284 habitamque
412 4222 462 4270 rite
479 4219 666 4284 compositam,
702 4216 942 4280 molto-mucius]
971 4215 1075 4266 «Etiam
1098 4223 1160 4262 cum
1183 4223 1230 4261 su·
1337 4259 1341 4266 .
