2925 4892
540 350 600 401 tle.
621 352 639 400 l.
677 352 745 403 sir.
763 353 782 402 4.

156 508 226 572 Non
249 526 393 593 unquam
415 480 649 575 servomelius
671 510 818 584 vestiret,
843 511 885 576 ad
907 532 1013 600 usque

156 629 352 715 Supremam
374 638 517 714 tempus,
541 648 640 695 nese
663 631 799 716 penuria
822 633 926 699 rictus

156 749 376 836 Opprimeret,
400 748 573 817 metuebat.
617 754 655 817 lt
677 752 763 819 hunc
785 752 900 821 liberta
921 757 1029 821 securi

155 871 269 935 Diuisit
292 870 449 948 medium,
474 870 647 939 fortissima
669 874 935 963 Tyndaridarum.
1141 878 1204 945 400

154 991 239 1069 Quid
262 992 307 1056 mi
330 992 426 1079 igitur
447 992 589 1061 suades?
611 994 651 1062 Ut
672 995 778 1061 vivam
800 996 969 1063 Maenius?
995 1009 1051 1065 aut
1071 1000 1119 1067 sic

177 1172 234 1221 404.
255 1172 353 1233 0044444
369 1173 450 1235 ipitur
466 1172 519 1222 dno
538 1171 670 1233 Lambini,
690 1174 767 1237 prob.
787 1176 899 1239 llelsigio
917 1177 972 1227 Lot.
992 1178 1122 1240 Spractw.
1141 1193 1168 1243 p.

144 1247 200 1295 ete.
230 1274 258 1283 -
287 1248 385 1296 iterim
400 1244 417 1309 ξ
435 1250 462 1297 el
486 1258 526 1311 pr.
551 1245 581 1307 λ,
608 1249 722 1297 ltamtm
745 1252 815 1299 Acro
838 1252 866 1299 et
891 1252 1052 1315 Porphyrio,
1078 1254 1172 1303 Naana

143 1321 268 1444 ἓξὲιοῐόρ,
289 1322 399 1369 Naeuiae
416 1322 566 1371 Commeat.
582 1323 674 1385 crue..
689 1322 736 1372 CF.
754 1350 779 1359 -—
794 1336 829 1371 en
845 1324 880 1373 ric
892 1324 920 1385 44,
939 1323 969 1384 l,
988 1340 1020 1375 ae
1036 1328 1071 1376 rto
1088 1340 1167 1395 ppo,

111 1530 183 1575 enm,
213 1516 252 1565 uti
278 1517 367 1567 auum
392 1520 436 1567 eet
459 1516 585 1567 Webero.
610 1542 636 1553 -
679 1516 1054 1583 tuisselibertaesuspicatur.
1075 1522 1204 1573 Vidleit·

109 1592 246 1651 [oriirsimn
260 1590 474 1655 Tyndaridem]
490 1604 582 1654 aquae,
599 1590 639 1641 al·
676 1593 740 1642 retr.
756 1594 775 1655 s.
793 1594 920 1644 Attertlrw.
939 1595 1012 1645 lete.
1030 1609 1057 1659 p.
1075 1597 1124 1647 000
1140 1610 1200 1661 sqq.

111 1668 163 1715 tera
181 1664 399 1726 Clytaemnestra
418 1666 559 1729 (iuvent,
577 1666 636 1715 ott:
710 1667 832 1718 404-404.
859 1669 975 1730 Quidmi
991 1670 1203 1735 abundat}

108 1741 183 1789 um
217 1740 444 1800 Clytaemnestram
478 1742 560 1790 audine
588 1754 639 1791 oon
678 1743 1080 1792 uWosrdttrtdumirateotn
1108 1746 1205 1807 Quiane

109 1816 174 1864 viru
214 1814 356 1877 habete),
395 1818 536 1879 patronum
575 1828 639 1865 eun·
675 1818 769 1880 tpitur,
792 1815 865 1879 quod
884 1815 1016 1868 nonnullis
1032 1817 1144 1882 placuit,
1162 1820 1205 1869 vi-

108 1890 227 1953 demque
253 1889 343 1939 virum
368 1902 463 1952 suum,
488 1889 523 1941 ob
546 1890 639 1942 laedas
676 1892 756 1943 detur
773 1892 909 1942 adversari
931 1892 1116 1943 consuetudini
1132 1894 1204 1944 4444·

108 1966 212 2027 patroni
232 1964 329 2015 sordes
347 1965 373 2014 in
392 1978 454 2015 enm
472 1970 637 2029 exasperata,
677 1980 736 2017 nae.
768 1967 847 2017 Elisio
858 1970 949 2017 autem
961 1970 1003 2017 ast
1014 1966 1119 2028 eadem,
1133 1980 1202 2033 quae

107 2040 278 2089 atrocissime
300 2040 411 2097 occidit;
434 2042 495 2090 «der
514 2040 639 2091 beterris-
676 2044 728 2091 Sal.
748 2043 776 2099 t,
794 2042 826 2100 4,
844 2042 886 2091 et.
906 2070 935 2078 -
953 2043 1079 2105 Moerim]
1096 2046 1142 2093 «ut
1162 2045 1204 2093 yl-

107 2122 141 2164 rte
166 2115 240 2163 Weib
266 2116 448 2175 Tyndariscber
469 2117 637 2180 Sippacitaft.»
675 2116 714 2166 uit
738 2116 884 2166 Maenius.»
922 2117 966 2165 Sic
991 2116 1075 2180 Epod.
1099 2120 1129 2178 l,
1155 2118 1201 2169 tt:

108 2190 235 2249 ,suenni
248 2191 353 2239 Nomen
365 2191 574 2251 Tyndaridarum,
584 2204 638 2255 quo
676 2190 818 2240 enuncias
834 2196 881 2239 nio
900 2192 1010 2251 perenm
1034 2193 1091 2256 (ut)
1117 2206 1201 2255 nepae

108 2267 216 2330 proprie
235 2264 368 2327 Tyndarei
386 2264 430 2315 lilii
455 2266 637 2329 designantur,
677 2266 742 2325 «Qui
766 2264 801 2315 de
823 2266 947 2329 personis
970 2266 1119 2317 lloratianis
1135 2272 1203 2319 seti-

109 2342 203 2390 Castnr
222 2343 250 2389 et
267 2338 374 2398 Pollux,
393 2353 489 2391 omues
506 2340 638 2403 Tyndarei
675 2341 796 2402 pserunt,
815 2340 890 2389 alunt
906 2339 1040 2390 lisaniam
1057 2344 1086 2391 et
1101 2346 1203 2393 scurri-

108 2415 220 2475 liberos,
245 2416 327 2465 etiam
352 2414 418 2465 illias
442 2415 637 2479 complectitur,
676 2414 748 2464 litata
771 2417 799 2464 et
820 2414 938 2479 ineptalu
960 2415 1128 2466 notissimum
1151 2419 1205 2467 llo·

109 2494 137 2541 nt
149 2490 292 2548 lielenam,
305 2488 556 2553 Clytaemnestram,
568 2504 638 2553 quae
677 2502 746 2539 mae.
782 2490 830 2539 llic
847 2491 908 2553 post
924 2490 1114 2552 patrimonium
1124 2490 1203 2541 abro-

6 2590 7 2599 .
107 2566 214 2629 proprie
234 2565 390 2625 Tyndarides
409 2566 547 2615 vocantur.
583 2569 638 2617 tn·
676 2576 737 2615 sum
753 2562 878 2615 Kalendis
890 2564 1018 2613 ianuariis
1035 2565 1061 2614 in
1074 2565 1203 2628 Capitolio

108 2638 168 2689 lbol.
189 2638 304 2689 Planud.
324 2641 368 2689 76:
399 2640 436 2689 Ol
450 2645 525 2709 τρεῖς
549 2640 638 2691 Teu·
676 2635 948 2702 claravoeeoptavit,
966 2638 1202 2700 nlqnadringenta

106 2712 258 2783 tepidae,
277 2709 558 2785 Κάστωρ,Ἕλένη,
575 2715 638 2765 110-
676 2725 849 2763 nummorum
878 2712 947 2761 aeris
972 2711 1051 2761 alieni
1078 2712 1200 2764 haberet.

107 2786 256 2853 letamqu.
275 2790 388 2839 Theocr.
409 2790 522 2853 (Bergk.)
540 2791 583 2850 48,
605 2792 635 2841 e:
676 2788 827 2848 Quaerente
844 2786 977 2849 quodam,
996 2783 1060 2849 quid
1077 2784 1128 2837 sibi
1144 2787 1203 2838 vel-

105 2858 195 2916 'Arim
207 2861 637 2935 Τυνδαριδᾶνκατεκλάξατο
675 2862 722 2925 let,
753 2862 827 2925 quod
854 2864 910 2911 tam
938 2860 1059 2911 sollemni
1085 2860 1129 2911 die
1154 2875 1202 2913 aes

108 2937 157 2989 εὰν
172 2935 334 3006 dynamis
350 2934 638 3001 ΜναστεύσαςἘλέ-
675 2937 791 2988 alienum
809 2939 914 3001 optaret
935 2936 1049 2996 habere,
1076 2935 1132 2987 Noli
1150 2939 1203 2989 nli·

107 3030 165 3065 rav
182 3010 202 3065 ὁ
222 3012 364 3083 νεώτερος
378 3009 488 3085 Ἀτρέος
504 3010 575 3076 νὶός.
596 3016 633 3065 De
675 3013 740 3071 rari,
755 3012 853 3076 inquit,
866 3012 1017 3074 octingenta
1028 3011 1126 3061 debeo.
1153 3014 1202 3064 llic

106 3090 213 3141 diverso
236 3088 395 3152 superlativi
416 3092 444 3139 et
465 3086 571 3152 genitivi
590 3102 638 3150 ge-
676 3088 760 3137 lerlur
776 3086 857 3136 domo
878 3098 939 3145 aua,
963 3098 1044 3148 quam
1060 3087 1096 3136 ad
1113 3087 1201 3139 lorum

108 3180 168 3216 nere
180 3164 255 3215 conl.
271 3166 347 3213 Horu.
363 3163 436 3213 iliad.
450 3178 482 3223 χ,
500 3164 560 3213 tas:
579 3165 638 3232 atp-
675 3163 844 3226 spectantem
876 3160 1021 3220 habuerat,
1065 3162 1201 3213 divendita

107 3255 179 3302 top,
193 3234 397 3306 ἐλαφρότατος
409 3234 562 3302 πετεηνῶν.
584 3238 638 3287 lte-
675 3250 756 3287 unam
766 3234 918 3285 columnam
933 3236 983 3285 sibi
998 3235 1034 3284 ibi
1049 3238 1199 3300 excepisse,

6 3348 7 3375 ,
107 3314 208 3365 rander
225 3315 282 3363 lue.
298 3312 361 3361 Fab.
381 3314 421 3361 Fr.
441 3314 468 3370 e,
488 3313 517 3361 s:
540 3308 637 3362 νόσων
674 3310 746 3361 unde
769 3310 929 3372 gladiatores
953 3313 1101 3374 spectaret,
1129 3324 1199 3375 quae

108 3383 311 3449 χαλεπώτατος
323 3384 445 3449 φθόνος.
459 3386 554 3437 Catuli.
567 3388 593 3447 t,
607 3390 634 3436 t:
674 3400 707 3435 er
725 3398 758 3435 eo
775 3383 899 3434 columna
922 3385 1024 3433 ltaenia
1041 3385 1201 3435 nominaba-

109 3466 220 3514 eosdm
240 3464 310 3511 itte-
326 3489 340 3497 -
357 3463 461 3511 aocimn
481 3462 633 3511 eetemimns.
673 3463 742 3510 tur.»
756 3460 820 3523 (lion
831 3456 945 3519 laisum.)
963 3460 1085 3507 Ponrnru.
1098 3458 1133 3507 ed
1144 3460 1198 3509 sat.

6 3588 7 3615 ,
109 3538 195 3587 llorus
214 3536 245 3595 3,
265 3538 310 3597 40,
331 3538 358 3585 t:
384 3536 557 3585 inmanissimi
573 3550 637 3599 yer-
674 3538 701 3594 4,
729 3534 758 3594 3,
785 3535 827 3582 44.
858 3530 911 3582 Cir.
937 3532 1003 3593 epp.
1029 3531 1057 3592 l,
1085 3533 1128 3592 te,
1155 3532 1196 3582 40.

108 3614 166 3661 oua
182 3613 253 3663 Galli
271 3612 492 3673 amastrianam.
529 3610 636 3661 Similit-
674 3610 786 3671 (Comm.
801 3608 882 3669 cruq.
900 3606 1040 3667 Naeuium,
1058 3618 1200 3671 quemap-

108 3701 164 3738 mua
181 3690 276 3737 numm
297 3687 380 3735 nostri
407 3684 480 3735 loeus
501 3688 543 3735 est
567 3687 635 3734 Sue·
672 3681 765 3747 pellat,
788 3680 858 3731 male
875 3694 925 3744 pro
941 3694 1023 3731 avaro
1039 3694 1072 3731 ac
1088 3681 1198 3731 sordido

108 3766 159 3812 lon.
176 3764 238 3813 Ner.
251 3760 298 3811 33:
317 3762 426 3810 Locusta
440 3761 635 3811 amorraeorum
671 3758 762 3807 habet.
798 3758 895 3815 immo,
918 3756 940 3806 si
957 3756 1068 3805 lineolae
1084 3757 1198 3819 genuina

107 3838 198 3887 indita
232 3838 361 3887 Ceterum
375 3835 497 3886 Ummidii
509 3834 634 3885 libertam
671 3834 706 3883 sit
722 3832 815 3892 lectio,
841 3832 872 3881 nt
893 3842 922 3879 re
939 3843 1004 3880 vera
1021 3842 1037 3879 a
1055 3830 1198 3881 codicibus

6 3916 7 3925 ¹
108 3914 184 3963 eliam
210 3914 324 3976 propter
348 3923 447 3961 nomen
468 3923 548 3961 suum
571 3922 634 3959 cum
672 3904 786 3957 multum
806 3904 1025 3965 commendatur,
1049 3903 1199 3966 intelligen-

6 3978 7 3985 ’
109 3985 321 4049 Clytaemnestra
334 3986 484 4049 comparari
498 3986 591 4049 putant
603 3986 633 4034 G.
672 3983 723 4032 dus
741 3982 792 4031 erit
807 3982 846 4040 is,
870 3982 929 4043 qui,
947 3990 1057 4043 prorsus
1074 3978 1197 4029 diversus

109 4060 277 4111 tlermannus
287 4063 314 4110 et
326 4059 504 4119 Funkbaenel‚
519 4070 634 4123 quorum
672 4057 707 4107 ab
725 4054 868 4114 Ummidio,
887 4054 922 4104 ob
937 4054 1048 4104 nimiam
1065 4054 1092 4103 iu
1103 4064 1197 4104 servos

109 4134 150 4185 iile
170 4137 394 4196 Clytaemestrae,
419 4135 463 4184 hic
486 4133 635 4194 Tyndoridis
663 4128 863 4193 indulgentiam
879 4130 907 4179 et
918 4130 957 4178 rei
972 4128 1137 4179 domesticae
1154 4128 1196 4175 in-

111 4222 207 4261 uomen
233 4211 295 4271 (Od.
316 4212 343 4271 t,
371 4210 418 4270 t't,
445 4209 499 4270 40.)
521 4208 633 4259 inditum
672 4207 774 4257 curiam
797 4207 904 4255 notatur
925 4206 978 4254 Sat.
996 4205 1026 4262 4,
1046 4205 1077 4265 4,
1096 4203 1145 4261 08.)
1167 4227 1193 4237 -
