2925 4892
528 395 587 446 nrn.
606 395 637 444 n.
673 394 772 446 rerer.
791 397 828 445 r.·
1146 391 1209 456 433

166 549 248 614 Cum
269 557 356 614 recte
378 557 513 614 tractent
534 547 602 624 elii,
626 547 760 615 laudere
782 549 935 636 maligne:

165 668 221 735 llle
246 689 305 755 per
328 679 490 735 extentum
512 669 620 736 luuem
641 669 717 735 milri
739 689 839 757 pueee
859 670 986 738 videtur
1144 670 1208 736 240

164 790 216 854 lre
238 795 350 876 petite,
374 809 482 854 mcum
504 789 559 876 qui
581 799 695 876 pectus
718 791 854 857 inaniter
874 792 977 878 ungit,

164 909 284 984 lrritet‚
308 906 439 984 mulcet,
463 908 550 975 leleis
574 909 753 977 terroribus
775 911 899 998 implet,

166 1030 206 1097 Ut
227 1049 356 1116 magus,
380 1039 413 1096 et
434 1027 530 1095 modu
552 1050 605 1097 me
627 1030 758 1109 Thebis,
782 1031 879 1098 mede
900 1033 991 1120 penit
1002 1031 1141 1100 Athenis.

166 1151 285 1216 Verum
306 1167 367 1236 ege
389 1147 508 1226 ethis,
531 1150 587 1238 qui
609 1168 645 1218 se
667 1149 780 1218 lectori
802 1153 939 1220 eredere
960 1153 1082 1220 melunt

165 1272 271 1350 Quam
294 1271 485 1356 spectatoris
506 1269 632 1337 lastidia
653 1271 739 1338 lerre
760 1271 909 1360 superbi,
1145 1274 1209 1339 2l5

167 1391 286 1457 Curam
308 1389 409 1458 redde
430 1389 579 1468 brevem,
604 1393 631 1458 si
654 1413 771 1458 munus
792 1391 938 1480 Apolline
959 1393 1090 1482 dignum

156 1569 294 1621 Submidii.
315 1598 342 1606 -
365 1570 422 1620 440.
446 1576 575 1622 externum
595 1583 636 1634 pr.
654 1569 682 1620 h.
703 1596 730 1606 -
755 1571 813 1620 2⁴6.
836 1570 930 1621 Oreum
946 1571 1090 1634 irtpeudee
1110 1575 1175 1624 Ccd.

157 1643 223 1694 Coll.
237 1645 306 1693 lrin.
321 1641 463 1694 Bentleius.
483 1645 523 1706 (Ut
539 1657 604 1704 nos,
623 1657 717 1696 omues
735 1645 831 1708 nestri,
851 1647 980 1708 Pottlerii,
999 1647 1144 1711 Schmidii.)

123 1783 222 1848 pern).
250 1783 296 1833 Est
307 1783 396 1846 igitur:
418 1782 547 1842 anottmp
561 1782 649 1832 eddite
686 1781 808 1847 plerique
832 1781 924 1848 μῦθοι
949 1798 964 1834 e
986 1787 1091 1848 tragicis
1107 1789 1211 1837 treetuti

124 1863 217 1909 tumen
235 1869 331 1916 cuuse;
355 1870 422 1918 nun,
441 1859 471 1906 ut
487 1855 528 1906 elii
545 1855 648 1907 volunt:
688 1857 782 1906 sedem
799 1870 876 1908 suem
893 1857 1037 1909 habebunt.
1067 1859 1163 1911 Similis
1175 1860 1212 1911 lo-

126 1947 202 1984 ·nou
219 1933 345 1997 possim.»
365 1958 393 1968 -
411 1931 518 1982 laudere
532 1933 650 1996 mutique]
688 1943 736 1981 cue
755 1933 797 1981 eet
812 1932 840 1981 iu
856 1931 971 1983 Plutonis
987 1934 1050 1983 lune
1066 1947 1093 1998 p.
1106 1935 1163 1984 ete.
1180 1937 1210 1986 C.

125 2009 259 2073 «propter
274 2007 364 2056 nescio
382 2017 463 2069 quem
480 2004 650 2056 invidentium
720 2003 850 2055 etl-tlt.
875 2007 965 2056 Verum
981 2020 1030 2070 epe
1045 2014 1069 2057 et
1084 2009 1147 2073 cet]
1169 2010 1213 2058 stc

123 2093 207 2146 perce
220 2093 252 2130 uu
263 2079 355 2144 frigide
367 2077 491 2140 laudere,
509 2081 537 2129 et
549 2080 584 2129 itu
596 2080 652 2143 qui·
689 2081 744 2129 cic.
758 2079 792 2129 de
809 2081 840 2129 44.
853 2081 884 2130 4).
898 2082 924 2142 4,
943 2079 990 2142 30,
1003 2080 1050 2131 et:
1068 2081 1120 2144 Ape
1135 2088 1159 2131 et
1174 2082 1212 2130 his

124 2156 205 2215 dem,
233 2156 262 2204 ut
287 2165 355 2217 quee
377 2152 435 2203 leus
458 2152 594 2213 videntur,
622 2167 651 2202 re
687 2153 815 2204 vocabule
830 2154 888 2204 deur
903 2167 955 2204 eree
968 2154 1106 2216 luctuum,
1125 2156 1213 2217 quibus

124 2241 189 2280 vere
208 2227 242 2278 eit
258 2224 361 2276 occulte
378 2226 489 2277 irrisim-
505 2251 532 2262 -
546 2224 596 2289 ltte]
614 2227 653 2276 Ex
688 2241 707 2276 u
722 2226 973 2277 nebbnemereutur.
993 2228 1032 2278 cl.
1046 2229 1122 2278 llund
1135 2230 1211 2280 Ture.

125 2303 308 2353 recentiorum
332 2299 481 2364 linguarum
508 2298 595 2350 indole
613 2299 652 2350 sic
688 2303 719 2351 11.
741 2315 767 2364 p.
783 2303 841 2353 544.
872 2305 929 2352 lem
954 2316 969 2352 e
991 2305 1078 2366 poem
1100 2305 1214 2354 scenicis

125 2375 295 2441 pergendum
307 2373 391 2424 leret:
410 2374 455 2424 buc
470 2374 545 2434 sede,
563 2375 599 2424 rte
609 2375 653 2423 ltc-
689 2377 828 2440 imperitae
845 2375 1001 2441 plebeculae
1018 2376 1129 2428 fastidiis
1140 2389 1214 2428 sem·

126 2451 195 2510 beto,
216 2449 288 2498 illum
303 2447 512 2497 milti--uiderr'
539 2448 578 2498 Cl.
596 2447 650 2498 Set.
688 2461 739 2513 per
755 2450 882 2514 expositis
898 2449 935 2499 ed
950 2463 1012 2509 ece,
1037 2452 1083 2513 qut
1100 2449 1150 2500 ulie
1166 2464 1215 2514 ge·

125 2526 151 2584 2,
165 2525 191 2583 4,
204 2523 245 2572 84).
264 2522 318 2572 Cic.
333 2519 367 2570 ed
379 2522 450 2572 Fam.
465 2522 493 2582 4,
512 2521 558 2582 ld,
572 2521 600 2570 9:
619 2520 654 2570 Ac
689 2535 754 2574 uere
770 2521 876 2584 colunt,
895 2525 990 2574 trenelt
1006 2536 1107 2588 eosque
1123 2526 1215 2587 liugu-

126 2611 158 2647 ue
172 2597 239 2660 ferte
255 2595 359 2657 mireo,
378 2609 425 2644 eur
436 2621 473 2632 --
483 2607 502 2644 a
518 2600 540 2644 te
556 2596 582 2644 id
599 2600 654 2644 terr
689 2597 724 2647 sti
731 2595 934 2646 benevolentem
942 2609 976 2646 ec
983 2599 1131 2660 patrocinio
1138 2609 1214 2647 cum-

126 2677 212 2734 tepere
233 2675 366 2732 petemus:
391 2668 437 2718 illc
461 2681 506 2718 eeu
531 2669 654 2730 ceptuttee
689 2669 808 2720 mendut.
823 2697 848 2706 -
861 2683 887 2720 ee
902 2669 1216 2735 tecmrieredm1dectc·

126 2745 249 2796 aecendlt.
265 2769 293 2779 κ-
308 2756 356 2805 per
372 2747 500 2792 euterrtwe
509 2743 594 2806 limeret
605 2741 653 2806 lre]
690 2745 726 2794 ris
744 2744 872 2794 iudicium
886 2747 1056 2808 exspectare,
1075 2744 1147 2807 quod
1159 2743 1215 2808 ple-

127 2817 304 2870 Proverbium
321 2816 356 2866 de
373 2817 480 2880 incepto
503 2815 600 2867 dilflcili
621 2829 654 2867 ec
690 2829 804 2879 rumque
826 2817 911 2880 muge
930 2818 1064 2880 integrum
1081 2820 1109 2868 et
1126 2819 1215 2868 eonsi-

126 2891 289 2958 periculoeo.
316 2892 418 2942 triten.
432 2891 515 2956 Epict.
529 2891 554 2951 e,
567 2891 608 2952 tc,
622 2891 653 2940 2:
691 2893 815 2945 demtum
832 2903 893 2942 esee
909 2890 1070 2955 soletquum
1083 2891 1215 2942 turbeeiu

126 2961 282 3018 Δύσκολόν
306 2964 368 3016 ἐστι
389 2965 438 3016 κα)
454 2960 490 3014 τὸ
507 2963 553 3016 ἐπὶ
570 2979 655 3024 exee-
691 2967 795 3016 theetru
807 2968 1008 3028 congregatae·
1024 2993 1052 3002 -
1064 2979 1102 3028 sp.
1111 2965 1217 3029 44444444

127 3047 193 3094 viee
221 3043 403 3111 περιπατεῖν·
429 3040 479 3090 καὶ
504 3033 539 3090 οὐ
562 3037 655 3104 μόνον
690 3038 1123 3104 fureurperbr]virg.llcl.2,tl:
1141 3040 1217 3090 Ame-

95 3119 100 3128 '
127 3115 292 3176 δύσκολον,
310 3109 383 3164 ἀλλὰ
400 3112 653 3166 καὶέκιήνδυνον.
691 3113 958 3176 mllldlt--utperbn
975 3115 1032 3176 peti
1052 3115 1164 3177 faetida.
1186 3141 1214 3150 ·-

128 3190 195 3242 ellle
213 3203 273 3240 rem
291 3189 361 3240 lectu
378 3201 509 3254 perquem
522 3187 655 3240 difficilem
691 3187 774 3252 redde]
792 3189 901 3238 Reddere
916 3189 1024 3238 nonest
1039 3187 1112 3238 idem
1129 3201 1162 3237 uc
1177 3199 1218 3237 re-

127 3267 267 3331 prpestere
289 3277 377 3328 neque
394 3263 436 3313 vel
460 3263 589 3314 teutillurn
606 3264 656 3313 eb-
691 3261 804 3321 44444444,
831 3261 867 3310 eb
891 3259 943 3311 ulio
968 3262 1040 3325 quod
1065 3261 1215 3324 acceperis,

126 3351 220 3390 errare
246 3336 281 3388 ub
308 3339 372 3388 ertis
399 3336 506 3400 regule,
533 3350 656 3388 summus
693 3348 744 3386 nec
760 3337 823 3384 dere
833 3333 1000 3398 simpliciter,
1019 3334 1069 3385 red
1081 3334 1162 3383 «dure
1174 3347 1215 3393 ee,

126 3415 207 3478 igitur
235 3413 314 3475 poeta
343 3423 404 3462 esse
434 3411 497 3461 mihi
525 3411 656 3462 videtur.»
693 3421 763 3472 quae
792 3410 840 3458 eut
869 3409 980 3470 propter
1003 3406 1217 3469 qualemcunque

126 3486 266 3550 «Exponit
294 3484 407 3544 deinde,
442 3485 506 3548 quid
535 3488 657 3536 scenteus
693 3495 803 3534 causum
819 3480 953 3531 debentur
969 3480 1016 3540 iis,
1034 3479 1133 3542 qulbus
1148 3479 1217 3529 duu-

124 3564 208 3626 poete
221 3561 249 3610 in
260 3560 424 3610 audientium
434 3560 656 3612 enimoeveleet.»
692 3559 750 3618 tur,
777 3556 824 3605 aul
840 3553 873 3604 ed
893 3567 941 3604 ece
957 3565 1118 3616 quocunque
1136 3553 1218 3603 modo

125 3638 250 3686 nunnus.
266 3660 294 3670 -
306 3633 425 3698 inaniter]
439 3635 501 3698 quie
513 3635 605 3686 lictum
617 3635 659 3684 est
693 3630 840 3696 pertinent,
861 3626 936 3677 velut
950 3627 1053 3676 reddere
1069 3627 1107 3675 die
1121 3631 1216 3687 eoum,

124 3710 327 3774 argumentum.
341 3736 367 3744 -
381 3709 479 3770 lrrttet]
493 3709 658 3759 «Vehemen
691 3705 797 3755 reddere
812 3703 889 3753 etue
905 3701 1043 3764 epistolem·
1074 3699 1171 3763 (04.4,
1190 3702 1216 3762 7,

125 3787 168 3835 tes
197 3782 279 3832 enimi
306 3781 418 3832 allectus
443 3784 570 3841 moretm
605 3794 657 3831 uon
694 3778 741 3828 tt:
774 3778 910 3841 0444444444
932 3777 1009 3826 redde
1030 3775 1084 3824 leui
1106 3775 1218 3839 deperit.)

124 3855 299 3920 simpliciter:
319 3855 369 3904 «ed
387 3856 454 3906 trum
471 3853 607 3919 impellit·
628 3883 655 3891 -
694 3853 724 3902 ll.
739 3851 756 3902 l.
770 3851 967 3902 modestissime
984 3848 1080 3901 ruedet
1091 3850 1217 3912 Auguste,

126 3933 158 3981 414
174 3928 276 3992 meque]
295 3929 342 3981 «ut
359 3929 428 3992 megi
446 3927 560 3992 exempli
576 3941 657 3979 ceusu
694 3928 725 3975 ut
741 3938 790 3989 pru
806 3927 946 3989 potiturum
963 3923 1064 3975 meritis
1082 3924 1116 3985 (v.
1133 3923 1217 3985 4444),

124 4003 234 4056 umbris
254 4015 287 4052 ex
303 4003 372 4052 Orco
391 4003 522 4062 excitetis,
542 4001 658 4052 cedere·
694 4001 775 4050 etiem
799 4013 849 4063 pro
874 3999 975 4059 studio,
1002 4010 1057 4061 quc
1073 3997 1157 4060 ipsius
1173 4009 1219 4046 res

124 4079 205 4130 ribus
222 4077 257 4126 ed
275 4079 382 4141 tempus
395 4077 420 4126 in
432 4077 515 4127 vitem
526 4078 658 4127 revocetis
694 4077 783 4138 gestes
800 4073 951 4135 celebrent,
977 4075 1081 4133 reddet,
1107 4072 1134 4121 id
1161 4073 1217 4130 eet,

125 4151 659 4214 consultoresperterrefaotnnt.»-tte
694 4149 810 4200 vicissim
840 4148 978 4212 impendet
1003 4149 1035 4199 iis
1061 4157 1153 4196 curem
1170 4142 1219 4192 eli-

125 4225 337 4290 bis--Atdeeitl
368 4225 465 4291 quibus
491 4227 516 4276 iu
544 4223 658 4277 urbibus
694 4237 775 4288 quem
803 4222 918 4274 brevem
944 4223 1082 4275 dumtaxat
1108 4220 1220 4284 prepter
