2925 4892
272 338 334 406 732
639 363 642 369 -
754 340 882 393 noanru

311 494 477 575 Inciderit;
500 516 561 563 nec
581 503 697 584 quarte
719 494 808 582 loqui
830 514 970 581 pomona
991 494 1123 561 laboret.

312 616 438 683 Actoris
461 624 570 703 partes
591 615 711 682 chorus
732 614 940 703 officiumque
961 614 1052 681 virile

335 848 391 899 493.
409 850 523 899 mnia
542 849 578 912 dp
600 860 663 899 cum
679 846 764 900 codd.
783 847 855 899 haud
878 850 983 913 paucis,
1002 850 1067 900 item
1084 849 1175 900 Aldus.

264 1054 378 1116 Nm,
396 1053 661 1117 MWWW·
681 1054 792 1112 011380-
828 1066 864 1117 νη
885 1049 1011 1120 ἐδείκνυε
1034 1048 1070 1101 τὸ
1094 1050 1147 1104 τοῦ
1171 1052 1243 1105 θεοῦ
1262 1052 1348 1126 πρόσ-
1443 1036 1444 1093 ἶ

267 1124 366 1177 Ισῑίοοο
389 1128 467 1177 manis
484 1126 567 1188 facili,
593 1125 643 1175 aed
659 1126 708 1175 arti
726 1138 792 1174 con·
829 1140 921 1189 ωπον,
940 1120 979 1189 ὥς
1001 1125 1089 1179 τοῦτο
1109 1124 1294 1195 καταστολὴν
1312 1124 1349 1179 ελ-

268 1202 361 1263 traria‚
380 1212 442 1251 cum
458 1200 554 1251 solado
572 1214 604 1250 ex
619 1197 792 1263 ipsiuslebu-
828 1217 876 1252 ναι
897 1198 986 1253 τοῦδ
1015 1199 1123 1268 ’ματος
1158 1201 1296 1270 ἐλέγετο
1317 1202 1349 1254 δὲ

267 1273 310 1325 lae
321 1275 493 1326 oeconomica
503 1274 674 1339 dispositione
683 1273 791 1337 prodire
828 1272 911 1339 θεὸς
931 1218 1022 1326 cinga
1022 1273 1196 1342 μηχανῆς,
1229 1306 1258 1315 -
1277 1280 1350 1329 λινετ-

268 1362 301 1399 ac
324 1362 374 1413 per
398 1362 428 1399 se
453 1348 568 1399 dilucida
593 1360 655 1398 eose
677 1346 790 1407 debeat,
828 1350 867 1411 sit]
892 1351 939 1399 «in
956 1350 1107 1412 tragoediae
1125 1351 1178 1401 line
1196 1352 1350 1403 interveniat

267 1434 348 1485 saepe
373 1422 450 1473 abusi
467 1423 530 1472 sont
546 1420 685 1485 Euripides
702 1422 730 1471 ct
746 1418 790 1481 illi,
828 1424 862 1473 ad
880 1423 1038 1475 solvendam
1050 1425 1159 1476 tandem
1176 1426 1236 1477 eius
1255 1427 1350 1477 nodam

267 1496 301 1546 de
319 1495 417 1558 qulbus
434 1494 588 1546 Aristoteles
605 1497 677 1545 Poet.
691 1495 732 1556 tii,
746 1496 789 1544 tt:
828 1496 944 1560 alioquin
961 1497 1198 1549 inextricabilem.»
1219 1527 1248 1536 -
1267 1502 1350 1564 dianes

267 1567 370 1619 πολλοὶ
394 1567 425 1619 δὲ
454 1565 606 1632 πλήξαντες
631 1557 665 1619 εὖ
688 1563 791 1618 λύουσι
827 1572 924 1621 vindica
939 1572 1027 1635 eodm]
1046 1584 1123 1622 «cum
1140 1572 1218 1623 aliter
1235 1574 1294 1624 fleri
1308 1587 1350 1625 ne·

267 1641 372 1707 κακῶς.
399 1644 475 1693 ldcm
488 1644 528 1703 ⁴5,
542 1644 589 1692 tt:
608 1632 792 1713 φανερὸνὸτι
829 1646 898 1708 quit,
917 1647 947 1695 ut
962 1644 1034 1709 apud
1045 1644 1205 1709 Sophoclem
1217 1649 1277 1699 sine
1288 1649 1350 1699 ller-

266 1719 316 1769 nat
332 1714 384 1781 τὰς
401 1715 499 1780 λύσεις
513 1712 570 1767 τῶν
580 1711 684 1780 μύθων
695 1712 726 1779 ἐξ
737 1709 792 1766 αὖ·
828 1716 895 1769 culis
904 1720 1054 1769 interventu
1061 1718 1221 1771 Philoctetes
1231 1724 1351 1773 nonTro·

265 1790 318 1845 τοῦ
342 1792 389 1844 det
411 1791 462 1843 τοῦ
487 1788 585 1859 μόθον
608 1790 789 1856 συμβαίνειν,
828 1793 891 1852 ism,
903 1793 990 1843 sedin
1002 1795 1349 1859 patriamprolicisccretur,

266 1869 316 1919 καὶ
331 1864 374 1932 μὴ
391 1862 489 1939 ὥσπερ
505 1866 536 1918 ἐν
552 1864 588 1938 τῇ
604 1863 716 1933 Μηδείᾳ
731 1858 790 1914 ἀπὸ
828 1868 855 1918 in
872 1868 1004 1932 Euripidis
1024 1868 1177 1933 Hippolyto,
1203 1872 1255 1920 nisi
1271 1872 1349 1921 Diana

265 1940 411 2009 μηχανῆς.
437 1941 511 1993 Plato
529 1940 627 2003 cratyl.
641 1953 668 2004 p.
681 1939 738 1991 lii.
752 1941 788 1990 D:
828 1940 1021 2003 intercederet,
1039 1940 1081 1991 ille
1093 1955 1154 1993 cum
1165 1946 1244 2007 patre
1256 1945 1283 1994 in
1294 1958 1351 2007 gre·

266 2010 364 2087 ὤσπερ
380 2016 412 2066 ot
426 2012 649 2086 τραγῳδοποιοί,
675 2010 790 2063 ἐπειδάν
827 2016 954 2065 fiemnon
964 2016 1072 2066 rediret.
1085 2018 1351 2083 decciglturllist·

265 2104 293 2139 τι
317 2084 482 2159 ἀπορῶσιν,
507 2088 555 2139 ἐπὶ
578 2089 631 2150 τὰς
654 2082 791 2152 μηχανὰς
827 2089 983 2153 sclatdar)
1003 2092 1063 2153 «qui
1075 2104 1182 2142 summo
1194 2093 1221 2143 in
1232 2092 1350 2157 periculo

265 2158 467 2227 ἀποφεύγουσι
480 2160 568 2224 θεοὺς
579 2159 717 2232 αἴροντες.
737 2162 790 2211 Eu·
827 2166 980 2213 versantem
997 2164 1085 2215 subito
1102 2164 1199 2217 liberal
1210 2170 1238 2217 et
1249 2168 1348 2231 eripit·

266 2236 361 2299 nuptus
371 2236 433 2285 Exc.
447 2235 481 2285 de
493 2237 593 2298 Legett.
607 2248 634 2299 p.
646 2235 709 2284 ait:
728 2234 790 2285 Ka·
827 2238 903 2285 (iuss.
919 2240 1043 2301 apposite
1055 2238 1164 2291 Procius
1175 2242 1211 2291 ad
1225 2242 1347 2294 Alcibiad.

265 2305 359 2379 dolxeo
375 2307 479 2371 ἐντοῖς
488 2304 646 2379 δράμασιν,
665 2300 737 2358 ὅταν
748 2309 790 2370 εἰς
826 2310 846 2357 1.
865 2322 891 2373 p.
906 2310 963 2360 tit.
983 2312 1046 2361 edit.
1065 2314 1173 2363 Creon:
1192 2313 1226 2365 ἐν
1242 2330 1349 2388 τραγῳ-

265 2378 378 2454 ἅπορον
394 2383 444 2433 καὶ
454 2379 639 2433 δύσλυτοναλ
648 2379 705 2431 τῶν
716 2376 789 2432 ὑπο-
826 2380 901 2445 diat<
917 2382 949 2433 ἐκ
966 2383 1102 2450 μηχανῆς
1114 2385 1256 2452 πολλάκις
1266 2387 1349 2453 θεοὺς

265 2458 403 2523 κειμένων
426 2451 515 2526 ἔργον
536 2455 640 2507 πλοκαλ
656 2454 790 2520 τελευτή·
826 2452 906 2519 τινὰς
923 2455 1090 2525 εἰσάγουσιν
1107 2462 1138 2511 ol
1159 2466 1281 2529 ποιηταὶ
1296 2466 1349 2515 τῶν

266 2548 370 2594 σωσιν,
389 2526 407 2581 ὁ
424 2528 604 2597 καλούμενος
614 2526 675 2581 ἀπὸ
690 2546 789 2596 μηχα-
827 2528 977 2601 παρόντων
1002 2530 1177 2605 πραγμάτων
1203 2536 1348 2611 διορθω-

266 2602 571 2671 νῆςθεὸςέπεισόδιος
586 2606 627 2667 εἰς
637 2608 730 2671 μέσον
743 2598 790 2655 ll·
826 2603 897 2669 τάς.
915 2634 942 2645 -
961 2621 1006 2658 acc
1023 2614 1116 2671 catorio
1128 2612 1191 2677 cet]
1211 2614 1348 2677 «Tragicos

265 2697 363 2744 κεται,
394 2678 489 2732 πάντα
513 2682 715 2752 συμπεραινων
739 2680 789 2730 καὶ
826 2679 853 2730 id
871 2694 968 2731 cavere
984 2681 1079 2743 debet,
1098 2688 1348 2753 neattentumspe-

264 2758 473 2828 καταστρέφων
493 2755 541 2807 inl
556 2750 591 2805 τὸ
608 2754 789 2825 σαφέστερον
826 2756 933 2806 ctatoris
950 2757 1070 2807 animum
1087 2770 1120 2807 eo
1137 2758 1253 2823 dividat,
1280 2761 1347 2826 qaod

263 2832 314 2880 καὶ
330 2824 476 2901 εὔκριτον,
503 2822 580 2879 οὕτω
603 2827 662 2878 κτλ.
690 2826 789 2891 (Pollux
825 2830 852 2879 in
874 2829 970 2881 eedem
992 2842 1073 2882 scene
1089 2835 1151 2894 post
1167 2846 1347 2905 πρωταγωνι-

263 2904 289 2964 i,
303 2905 365 2954 ⁴28:
384 2898 404 2967 ἡ
419 2898 562 2967 μηχανὴ
579 2899 611 2953 δὲ
628 2897 715 2965 θεοὺς
730 2898 788 2951 dal-
826 2900 914 2967 στήν,
931 2900 1200 2975 δευτεραγωνιστήν,
1214 2922 1347 2980 τριταγω-

263 2990 349 3027 κνυσι
358 2977 408 3025 καὶ
420 2968 497 3046 ἥρως
507 2972 576 3038 τους
587 2976 618 3027 ἐν
629 2972 706 3047 ἀέρι,
717 2973 789 3025 Βελ-
825 2974 934 3042 νισπὴν,
944 2978 1053 3029 inducat
1061 2980 1140 3031 etiam
1150 2985 1276 3045 quamn
1287 2998 1346 3049 per·

263 3046 441 3120 λεροφόντας
456 3044 529 3114 ἢΠι
566 3051 617 3111 έας
630 3051 680 3099 και
694 3052 788 3099 κεῖται
824 3064 930 3113 sonem,
949 3054 1024 3104 cuius
1041 3056 1131 3119 partes
1147 3068 1237 3119 paene
1255 3070 1345 3123 euper-

263 3118 337 3174 κατὰ
345 3064 703 3194 τὴνάριοτεριξῖπαροδον,
715 3116 788 3194 ὑπὲρ
824 3138 957 3177 vacaneae
969 3128 1030 3189 sint,
1043 3128 1111 3179 adeo
1123 3132 1153 3180 ut
1163 3130 1234 3194 λοηαᾱ
1244 3133 1343 3194 icona,

263 3194 316 3264 τὴν
331 3192 444 3263 σκηνὴν
457 3192 492 3248 τὸ
503 3191 591 3263 ὕψος.
616 3198 710 3248 Saidea
720 3198 748 3248 in
758 3210 785 3247 v.
825 3198 965 3251 difficulter
981 3214 1013 3251 ac
1030 3201 1142 3255 moleste
1157 3208 1278 3257 sermoni
1288 3218 1345 3258 sese

259 3268 337 3324 Ἀπὸ
347 3290 394 3339 μη
400 3269 525 3338 χανῆς.·
539 3268 707 3342 Οἱγάρτῶν
718 3286 787 3343 τρα-
823 3274 965 3325 intrudat.»
1000 3276 1076 3335 Quod
1096 3276 1217 3329 studiose
1235 3282 1345 3331 udaium

261 3345 372 3415 γῳδιῶν
388 3348 552 3413 ποιηταλ--
561 3343 683 3397 εἰώθασι
697 3343 787 3410 θεοὺς
822 3348 1167 3414 aeschyinsetscphoeles.
1182 3354 1226 3404 Sic
1235 3354 1344 3405 inchoo

260 3417 342 3490 ἄγειν
366 3418 422 3473 οὐκ
437 3417 480 3474 ἐπ’
498 3416 590 3487 αὐτῆς
606 3420 658 3487 τῆς
674 3420 786 3489 σκηνῆς
822 3424 913 3487 piloris
930 3422 1020 3485 Pyladi
1037 3424 1191 3476 tribuuntur
1201 3430 1258 3479 tres
1270 3429 1343 3477 dum·
1443 3412 1444 3467 Ψ

261 3492 440 3569 ὁρωμένους,
466 3492 526 3548 ἀλλ’
552 3493 584 3561 ἐξ
604 3490 703 3561 ὕψους
724 3493 784 3549 ἀπό
823 3500 893 3548 λοισι
909 3510 1003 3548 versus
1020 3498 1153 3560 eoo-902..
1171 3500 1245 3551 idem
1262 3502 1342 3551 inSo-
1443 3504 1444 3561 j

259 3586 338 3633 τινος
361 3568 510 3638 μηχανῆς,
539 3568 576 3637 ἣν
591 3566 714 3633 ἔβλεπον
729 3573 785 3638 μὲν
821 3570 923 3635 pheclis
944 3570 1047 3622 Electra
1069 3576 1142 3623 muta
1160 3576 1203 3624 est
1219 3586 1339 3639 persone.

260 3660 281 3693 π
333 3660 399 3715 ερον
420 3642 468 3711 (ἢν
491 3643 629 3718 πρότερον
651 3646 706 3711 μὲν
729 3642 783 3698 οὐκ
820 3647 849 3695 ln
860 3645 991 3709 Euripidis
1003 3646 1189 3697 Andromacha
1200 3647 1260 3699 loo.
1273 3650 1342 3711 qnat-
1443 3654 1444 3707 ξ

259 3712 275 3767 ’ἓ
295 3716 381 3767 λεπον
395 3719 466 3770 male
483 3722 634 3784 suspicatur
648 3722 785 3771 Fritzachi-
821 3721 881 3770 tuor
889 3720 997 3783 quidem
1006 3733 1137 3784 personae
1146 3722 1172 3771 in
1183 3734 1266 3773 scena
1275 3724 1339 3781 sunt,
1443 3712 1444 3779 f

259 3804 293 3840 ua
313 3792 510 3843 ltostoehiensis
529 3796 560 3843 dc
577 3796 623 3845 deo
639 3808 673 3846 ec·
686 3796 780 3844 mccli·
820 3794 890 3857 ipsa,
904 3792 972 3844 lilius
983 3793 1122 3857 Molossus,
1136 3794 1283 3858 llenelaus,
1295 3798 1340 3846 Pe·

260 3878 309 3923 κα;
327 3864 454 3916 videbunt
468 3868 541 3918 enlm
554 3882 651 3933 reopae
664 3871 716 3919 lam
735 3884 784 3919 en·
819 3868 892 3929 leus;
911 3868 959 3920 sed
971 3868 1131 3933 simulatque
1143 3875 1285 3936 comparet
1295 3874 1339 3921 Pe-
1443 3862 1444 3871 ’

259 3942 302 3989 tea
335 3940 498 4003 machinam,
534 3943 583 3993 scd
611 3944 655 3995 dei
686 3944 782 3994 faciem
819 3942 889 4003 leus,
917 3942 1046 3995 llolossus
1072 3946 1146 3993 mata
1170 3944 1200 3994 lit
1219 3956 1337 4010 persona.
1443 3936 1444 3987 ἶ

259 4025 313 4063 non
330 4011 457 4063 videbant
472 4018 534 4065 ante
557 4029 638 4079 quam
658 4017 781 4067 machina
820 4014 936 4077 (llertlal.
947 4017 971 4077 6,
986 4018 1014 4067 6:
1028 4018 1143 4069 Consoedt'
1154 4024 1204 4069 tres
1214 4025 1285 4081 πεπυ,
1301 4018 1339 4067 ssd
1443 4040 1444 4079 3

258 4086 435 4150 versebetur.)
453 4088 485 4138 oi
499 4088 612 4153 dccccl,
631 4092 693 4141 κατ’
711 4089 782 4143 eust
819 4096 945 4142 cmcttac
955 4093 1047 4155 Paulo,
1067 4094 1191 4157 lupone,
1205 4096 1337 4157 Quanam
1443 4106 1444 4167 γ

258 4176 311 4226 νην
338 4159 371 4213 ii
395 4157 449 4227 τὴν
477 4157 589 4235 ἡμέραν
618 4168 781 4236 στρεφομέ-
818 4171 841 4217 at
862 4161 963 4228 κωφὸν
979 4168 1059 4218 Panlo
1079 4163 1236 4239 πρόσωπον
1251 4164 1337 4225 m.)
