2925 4892
376 1256 434 1321 10.
458 1255 700 1323 GEOHGiUS
730 1258 960 1325 uolturios

625 1484 651 1531 S.
674 1484 705 1533 D.

558 1685 769 1747 tacturi.

189 2013 226 2077 in
248 2010 344 2077 huius
366 2008 536 2076 voluminis
557 2028 636 2077 cura
657 2030 732 2076 cum
750 2010 862 2078 Orellii
884 2011 1025 2082 schedae
1046 2036 1099 2083 me
1121 2017 1210 2085 dese-

123 2171 262 2246 cissent,
285 2178 527 2255 peropportune
548 2166 626 2233 mihi
648 2168 780 2246 accidit,
802 2180 839 2236 ut
852 2170 995 2259 Sauppio
1017 2194 1091 2241 meo
1114 2174 1211 2241 inter-

125 2326 266 2395 cedente
284 2328 356 2394 cn.
370 2329 455 2394 Fam.
471 2328 669 2393 Fuuumuunn
690 2344 818 2400 manum
836 2330 1101 2407 communicaret,
1124 2352 1209 2419 quae

127 2486 200 2573 ipse
230 2506 291 2551 suo
320 2484 470 2573 exemplo
495 2484 644 2553 editionis
666 2484 850 2553 Orellianae
873 2486 1016 2574 (primae)
1038 2486 1213 2557 adnotave-

129 2655 193 2719 rat,
223 2664 330 2731 eaque
357 2664 393 2709 rc
420 2642 567 2730 plurimis
594 2641 674 2709 locis
696 2662 806 2709 meum
827 2643 870 2711 de
890 2646 1012 2711 Horatii
1033 2645 1143 2711 verbis
1164 2646 1213 2711 in-

131 2802 345 2889 terpretandis
367 2802 523 2869 iudicium
543 2801 594 2868 vei
616 2801 761 2869 firmaret
781 2800 832 2868 vel
854 2802 1045 2889 corrigeret,
1069 2823 1214 2891 proquo

133 2960 291 3029 beneficio
318 2961 450 3049 publice
478 2981 610 3049 quoque
638 2962 708 3027 viro
730 2961 863 3049 egregio
884 2960 1003 3049 gratias
1024 2981 1085 3050 ago
1109 2962 1215 3029 iustis·

134 3119 240 3187 simas.

195 3276 291 3345 Aliud
301 3278 455 3345 auxilium
468 3277 545 3344 mihi
560 3277 664 3345 attulit
677 3276 797 3346 Grnnus
810 3278 989 3351 Homerus,
1013 3278 1063 3342 vir
1076 3278 1214 3345 maxime

138 3434 348 3513 reverendus,
378 3436 552 3503 Sacrorum
578 3436 709 3503 antistes
736 3445 770 3503 et
790 3435 1053 3503 bibliothecarius
1083 3436 1115 3500 in
1136 3434 1215 3502 Ere

140 3592 284 3661 unitarum
305 3593 486 3672 coenobio,
510 3594 566 3682 qui
589 3614 686 3661 snum
707 3592 861 3661 Codicem
883 3592 1018 3669 Horatii,
1046 3613 1145 3680 quem
1165 3590 1216 3659 lit-

140 3760 205 3817 tera
232 3752 264 3816 Ε
292 3751 494 3840 designatum
515 3750 657 3819 Orelliua
677 3750 935 3831 Eionedieuaem,
962 3751 1082 3819 rectius
1103 3750 1217 3819 Hirch-

140 3929 235 3977 nerns
256 3910 376 3996 (Novae
398 3910 541 3990 Quaeatt
564 3910 673 3977 Horat.
695 3930 727 3997 p.
748 3910 810 3995 52.)
832 3908 1051 3977 Morellioman
1071 3911 1218 3976 nomina-

141 4066 195 4143 vit,
225 4068 257 4133 in
283 4088 374 4135 moos
402 4089 481 4135 usus
510 4066 574 4136 hnc
602 4066 779 4135 transmisit
805 4068 943 4155 eiusque
964 4066 1121 4135 tractandi
1142 4087 1219 4154 per-

144 4236 268 4310 petuam
296 4226 372 4293 mihi
400 4236 592 4316 potestatem
620 4225 710 4303 fecit,
740 4224 817 4292 dum
840 4226 872 4291 in
894 4245 995 4313 opero
1016 4223 1218 4292 conficiendo
