2925 4892
495 367 553 416 litt.
574 368 591 415 Ι.
630 366 728 416 brist.
748 368 788 416 Vl.
1124 365 1186 431 “3

133 523 316 609 Porrigere.
362 523 421 590 Hie
443 521 578 588 muitum
602 523 633 588 in
656 521 755 589 Fabia
777 520 877 598 vaiet,
903 521 955 590 ille
978 522 1105 604 Velinu3

133 647 191 712 Cui
216 643 296 710 libet
316 643 369 710 bio
390 644 495 710 fasces
518 642 608 710 dabit
630 643 812 731 eripietque
835 643 948 712 curule

132 767 190 832 Cui
215 765 303 832 volet
325 765 528 854 importunus
550 765 642 832 ebur.
687 767 812 842 Frater,
836 767 946 842 Pater,
970 766 1070 848 adde;

132 889 171 956 Ut
192 888 314 976 cuique
339 897 390 954 est
411 896 515 964 betae,
541 888 582 954 ita
606 907 772 976 quemque
794 887 918 954 facetus
939 889 1068 978 adopta.
1143 893 1184 958 55

121 1089 186 1136 item
206 1087 247 1136 Lt.
269 1088 379 1148 (Uinea,
399 1087 425 1146 S,
443 1085 516 1153 βγν.)
538 1116 562 1124 -
583 1087 624 1137 53.
645 1086 747 1138 Cuilibet
765 1088 802 1137 Lt.
824 1115 851 1123 —
869 1087 921 1152 bic]
939 1089 960 1138 is
977 1103 1039 1140 oum
1063 1089 1148 1140 codd.

121 1164 150 1222 E,
162 1159 216 1224 βζκ
238 1159 374 1212 Bentleius
396 1163 424 1212 et
442 1163 468 1212 i.
496 1163 535 1224 tul
551 1174 613 1222 nos,
637 1161 748 1226 bsedp.)
768 1189 796 1198 -
812 1163 881 1228 {aru
897 1163 924 1214 d.
945 1191 974 1202 -
992 1166 1034 1216 oo.
1053 1165 1149 1228 adopta

122 1250 262 1300 supersor.
282 1236 422 1298 adopted.
579 1241 582 1246 '
600 1259 604 1270 ·

91 1429 149 1466 rans
168 1414 242 1475 iore,
267 1417 295 1464 ut
317 1415 374 1466 eius
392 1415 547 1480 suiiragium
566 1415 617 1468 sibi
659 1443 685 1452 -
711 1415 760 1481 bie]
786 1417 833 1466 Est
857 1418 949 1482 utique
972 1418 1066 1470 tertius
1087 1417 1183 1484 aliquis

90 1488 240 1540 conciliet·
281 1488 339 1539 Vid.
367 1488 508 1540 tabernam
538 1493 618 1541 Pom·
655 1489 786 1554 plebeius.
821 1491 890 1542 Male
910 1490 1028 1542 nonnulli
1050 1493 1084 1554 is,
1111 1493 1184 1557 qnod

90 1566 212 1626 peianam
231 1563 258 1612 in
282 1564 365 1614 Musei
390 1563 531 1615 Borboniei
557 1563 615 1614 Vol.
656 1564 829 1615 referendum
841 1569 914 1616 esset
931 1566 965 1616 ad
977 1581 1019 1615 vv.
1033 1567 1181 1618 illeVellua.

89 1639 115 1688 i.
139 1641 203 1702 poet
225 1634 368 1688 voluminis
388 1638 514 1690 indicem.
545 1640 618 1689 liaeo
658 1665 685 1674 -
704 1639 871 1703 importantia]
891 1642 1017 1704 :propter
1039 1643 1184 1692 morosita-

89 1714 208 1762 omninm
226 1710 423 1776 simplicissima
434 1716 475 1764 est
486 1714 616 1777 interpre-
656 1715 711 1763 tem
730 1714 917 1764 incommodus
934 1716 962 1763 et
979 1715 1181 1776 inexorabilis,-

89 1789 162 1846 tatio‚
182 1787 306 1849 inquam
319 1789 422 1846 tumen,
436 1787 508 1853 quod
522 1789 616 1849 seiam,
657 1787 835 1850 irotzlropf.
857 1815 884 1824 -
900 1790 1013 1839 umde-
1025 1789 1093 1854 ebur]
1113 1790 1184 1841 «sei-

89 1865 197 1924 praeter
219 1861 333 1925 Lupium
355 1863 382 1912 in
405 1861 531 1913 Moroeliii
549 1865 616 1927 Opp.
656 1861 709 1914 lam
735 1863 870 1923 curulem,
898 1862 1091 1916 consulatum·
1130 1867 1184 1916 Lo·

90 1937 172 1999 epigr.
186 1938 206 1985 1.
220 1947 248 1999 p.
262 1936 319 1986 ito.
333 1929 413 1987 nemo
430 1938 528 1988 incidit.
554 1939 620 1988 Ver·
656 1938 746 2001 quitur
758 1938 866 1988 omuino
881 1939 961 2001 quasi
974 1940 1067 1989 velere
1083 1953 1113 1990 re
1130 1952 1184 2004 pu·

90 2013 145 2061 tunt
171 2011 247 2060 enim
278 2011 371 2060 «iiber
396 2013 513 2063 Getullu
533 2014 617 2075 liupr
655 2011 735 2070 blica,
746 2015 847 2062 etsane
859 2014 1028 2076 perangusti·
1039 2016 1065 2065 in
1075 2015 1182 2065 Oriente

90 2086 183 2134 mitre
209 2085 248 2148 pl*
270 2086 465 2150 inqombri‚»
489 2101 538 2138 ren
560 2100 618 2138 me-
655 2086 1181 2151 absentiam,praesentiumque„

89 2161 133 2210 dio
150 2163 186 2211 de
203 2174 268 2209 uua
285 2161 402 2220 bullam
422 2166 575 2226 quasivero
588 2177 616 2213 r.
656 2159 754 2212 multae
772 2161 868 2212 turbae
885 2163 1002 2214 maxime
1021 2165 1048 2214 in
1066 2165 1182 2216 comitiis

87 2237 200 2296 pondero
227 2235 389 2297 significaret
415 2237 441 2299 4)
469 2237 616 2296 «trabeam
656 2237 816 2299 quaestoriis
825 2239 899 2286 ortae
907 2240 1181 2303 eranl,oompressae

90 2312 109 2370 tt
129 2310 267 2360 uoniusvis
285 2312 390 2372 generis
407 2311 542 2362 obstacula
552 2327 575 2374 3»
593 2312 617 2375 3)
656 2324 669 2359 a
689 2311 718 2360 C.
732 2312 822 2361 Sentio
839 2311 958 2362 consule.
987 2311 1076 2363 Vellet.
1090 2315 1119 2375 2,
1138 2315 1179 2364 92.

91 2397 188 2434 :onera
207 2397 222 2433 a
242 2383 337 2436 baiulis
348 2398 398 2449 per
412 2385 513 2450 plateas
524 2389 618 2451 porta-
658 2387 803 2447 -Frater,
817 2393 894 2449 poter
904 2387 968 2450 oet]
984 2389 1121 2439 Interdum
1132 2401 1182 2452 per

90 2465 139 2508 ta·
159 2458 210 2510 Alii
224 2460 434 2524 interpretantur
451 2463 616 2525 «permedia
655 2458 812 2511 blanditiam
828 2463 921 2524 {ratres
941 2461 1111 2525 appellabant
1131 2463 1183 2513 bo-

89 2533 204 2596 piaustra
217 2536 290 2586 saxis
306 2533 391 2586 aliave
403 2534 474 2586 mole
489 2539 616 2597 onustam
656 2536 743 2586 mines
761 2539 848 2585 aetate
866 2536 918 2586 sibi
934 2534 1074 2598 aequales,
1094 2541 1183 2598 putrer

89 2607 113 2656 id
128 2608 205 2672 quod
229 2623 279 2674 per
301 2623 331 2660 se
355 2610 413 2660 fieri
436 2611 537 2673 nequii.
573 2613 617 2661 in·
655 2611 787 2659 seniores.
817 2608 900 2658 Plani.
924 2609 994 2659 ilud.
1020 2611 1048 2670 4,
1075 2612 1106 2670 2,
1133 2612 1179 2659 ii:

91 2685 129 2731 ter
145 2681 266 2746 reliquas
278 2685 455 2748 praecipuum
465 2683 554 2734 locum
567 2683 618 2734 ob·
655 2685 756 2734 Panem.
785 2685 873 2743 Peter,
897 2684 998 2732 saluata
1023 2709 1039 2720 ·
1060 2709 1075 2720 -
1096 2686 1180 2734 Danu.

90 2759 151 2808 tinet
169 2759 283 2809 Gesneri
305 2760 504 2822 interpretatio:
533 2759 616 2810 «nitra
656 2759 765 2819 (iuuere,
797 2757 851 2818 vir,
875 2770 956 2819 porro
977 2761 1088 2818 patron.
1128 2759 1183 2821 Bao

89 2831 277 2896 aequilibrium
300 2834 434 2898 eorporis,
461 2845 523 2884 eum
544 2835 617 2898 peri·
652 2832 761 2897 piliolum
788 2830 876 2896 [diu]
905 2845 984 2882 utura
1003 2832 1095 2893 babai,
1124 2845 1182 2882 eun

90 2907 146 2956 auio
158 2907 307 2967 cadendipi
327 2921 408 2972 quam
425 2909 503 2958 unice
521 2909 619 2973 proba·
654 2919 734 2956 unam
745 2907 854 2969 perdidi.
888 2907 1183 2969 Viriieeoeueumquam

90 2982 124 3031 vit
140 2982 495 3034 lachmannusadLuoret.
510 2984 538 3042 6,
557 2983 615 3034 bit.
654 2982 734 3030 uuum
758 2979 819 3045 [epo]
840 2981 925 3031 dabui.
957 2983 1047 3032 iuven.
1069 2983 1098 3042 li,
1124 2981 1180 3032 tet.

91 3055 145 3105 coil
160 3058 270 3106 Lueret.
285 3058 314 3116 2,
333 3057 391 3107 2⁴8.
421 3056 495 3107 Ovid.
509 3059 616 3108 Melam.
654 3056 732 3105 Virro
745 3055 780 3105 ad
794 3056 921 3107 Trebium
933 3055 1057 3106 clientem
1069 3058 1182 3120 repente

90 3133 115 3190 4,
134 3133 181 3180 ii:
210 3132 264 3181 Nee
279 3129 432 3193 druimieuo
449 3132 571 3194 perdebat
591 3133 618 3182 in
656 3129 782 3190 ditatum,
802 3144 885 3193 quem
896 3134 974 3181 antea
986 3130 1180 3196 superbissime

89 3209 146 3256 otii-e
170 3207 245 3256 lautu
266 3206 418 3256 Ponderibus
438 3207 534 3256 librata
557 3208 616 3257 ruia.
656 3207 830 3254 tractaverat:
862 3206 918 3266 Vis,
944 3206 1039 3268 fram,
1065 3206 1098 3254 ab
1122 3207 1183 3268 iptio

90 3281 188 3331 Lucan.
208 3281 239 3341 4,
258 3280 305 3330 bi:
323 3279 410 3330 librati
423 3283 537 3343 pondera
555 3282 618 3332 caeli
654 3279 748 3329 ilibus?
784 3279 895 3343 Capitol.
923 3281 957 3330 Μ.
985 3281 1109 3331 Antonin.
1134 3281 1180 3330 ⁴8:

90 3355 151 3406 [trite
176 3361 234 3406 terte
256 3355 347 3404 medio.
386 3357 511 3406 antzeri
534 3357 618 3407 inter·
656 3355 876 3406 Gun--ubauu
890 3356 965 3404 modo
980 3354 1091 3415 frater,
1107 3355 1183 3403 modo

90 3431 230 3492 pratalioni
244 3428 329 3480 «ultra
341 3431 466 3480 modum»
479 3431 617 3482 adversari
652 3435 761 3493 pater,
787 3430 861 3478 modo
887 3429 990 3491 silius,
1016 3433 1045 3476 ut
1063 3429 1183 3489 utiusque

90 3504 193 3556 udatur
212 3504 381 3556 consuetudo
398 3505 497 3555 Latina.
655 3509 725 3554 uetus
741 3504 852 3562 sinebat,
875 3503 1000 3553 diceretur
1019 3502 1070 3551 oet.
1100 3503 1181 3566 Spar-

656 3581 743 3630 tianus
755 3579 782 3629 in
793 3577 852 3629 Did.
866 3576 914 3627 lui.
924 3575 954 3628 i:
969 3577 1182 3640 ilumnquemque,

121 3655 211 3705 lut-55.
240 3653 480 3719 Fabio--Veiiuo1
499 3654 568 3704 duae
585 3669 618 3705 ex
656 3659 683 3704 ut
699 3659 755 3704 aot
771 3658 855 3713 aetus,
873 3652 912 3701 oei
933 3657 1054 3714 patrem
1077 3653 1118 3702 oei
1140 3653 1181 3715 si-

91 3729 187 3779 XXXV.
206 3729 332 3780 tribubus
350 3730 490 3790 Romanis,
509 3730 544 3780 de
562 3731 620 3793 qui·
656 3730 732 3778 lium
747 3728 787 3778 uel
807 3732 971 3789 pareutum
995 3730 1091 3791 effebus
1106 3728 1181 3778 blon-

91 3801 139 3852 bus
162 3803 226 3853 vide
251 3805 335 3854 inser.
352 3817 388 3854 m.
406 3805 462 3854 Lat.
480 3805 510 3853 il.
530 3817 557 3867 p.
577 3806 617 3852 tt.
655 3804 755 3854 diotimo
771 3808 814 3853 etl.
844 3804 887 3853 Sio
905 3803 986 3852 etiam
1003 3804 1105 3853 Graeci.
1127 3805 1181 3852 Lu-

93 3877 193 3927 ·Homo
225 3877 306 3940 igitur
333 3878 465 3940 gratiosus
494 3877 618 3940 sutfragia
656 3879 723 3929 oian.
750 3879 865 3942 Menipp.
889 3879 929 3927 il.
968 3876 1120 3928 Philonides
1147 3878 1182 3928 ad

93 3950 229 4002 tribulium
246 3964 358 4002 suorum
376 3951 423 4002 tibi
441 3952 618 4011 conciliabit3»
656 3954 822 4017 Menippum:
842 3943 1020 4023 ὦπατέριον.
1036 3981 1063 3988 -
1076 3952 1181 4016 tacetur]

92 4023 145 4084 rel,
163 4027 195 4076 ut
211 4025 332 4076 aiebant:
354 4026 470 4078 «tribum
482 4039 559 4077 suam
571 4027 619 4077 tibi
658 4026 771 4078 eblande
788 4029 817 4076 et
833 4029 976 4087 comitem
999 4028 1056 4075 mit
1076 4027 1182 4090 Artia-

93 4100 242 4151 oonfleietm
261 4125 288 4138 -
305 4102 351 4152 Cui
366 4101 433 4165 libel]
445 4102 540 4153 divise:
559 4102 621 4152 ida·
656 4102 724 4152 keil.
763 4101 841 4152 Voss.
868 4103 974 4164 eseia.»
1008 4103 1123 4152 Pussow.
1153 4128 1180 4136 -

94 4171 131 4222 bit
146 4175 186 4234 ei,
212 4177 257 4225 cui
274 4175 339 4226 dare
357 4177 406 4239 ipsi
424 4174 543 4240 piaoeip·
567 4191 620 4228 non
658 4175 762 4239 eduum]
780 4176 823 4226 Sic
835 4177 953 4240 primum
964 4187 1100 4238 quemque
1113 4174 1183 4222 iam-

94 4247 203 4300 iuncum
214 4250 321 4312 eutlibu,
335 4251 437 4314 «primo
450 4253 574 4315 auique.»
591 4280 616 4318 .-
658 4264 740 4314 quam
756 4251 899 4313 cognatum
910 4249 1050 4301 salutando
1057 4248 1108 4299 sibi
1120 4259 1184 4297 oon-
