2925 4892
657 367 786 447 Houaril
803 367 988 419 sarlatensi

606 578 969 636 exabusus
1009 578 1035 633 Ι.

711 711 750 757 An
768 721 811 756 vr.
830 707 871 759 il.
891 710 931 757 75.

340 812 477 875 Ingeniosa
494 810 528 861 de
540 813 712 860 controverso
729 810 781 859 boc
798 808 858 859 loco
869 811 955 859 exstat
966 808 1109 872 disputatio
1122 809 1150 859 C.
1165 810 1191 859 F.
1206 810 1358 870 Hermanni,

275 895 409 959 Harburgi
426 895 510 955 ⁴8³8,
528 907 610 957 quam
627 894 670 942 hic
687 905 833 956 excerpere
850 893 931 942 iuvet.
951 895 978 942 P.
992 891 1036 942 34:
1056 891 1149 953 «Quod
1166 892 1219 943 dixi
1237 893 1362 944 nullove-

276 981 364 1028 terum
381 977 532 1028 testimonio
550 975 629 1025 aliam
645 976 784 1025 beatomm
800 974 1020 1039 significationem
1033 978 1170 1037 constare,
1190 977 1238 1027 nisi
1251 990 1319 1039 quae
1331 978 1363 1026 ad

275 1062 418 1125 pecuniam
435 1059 533 1110 aliasve
551 1060 608 1109 eius
625 1059 730 1122 generis
752 1072 796 1108 res
818 1058 951 1122 pretiosas
969 1058 1122 1109 condendas
1140 1062 1287 1122 spectaret,
1314 1074 1364 1110 nnn

276 1157 337 1195 eam
353 1146 408 1194 vim
424 1142 519 1203 habet,
553 1144 583 1191 ut
594 1142 617 1191 si
628 1139 678 1191 loci
691 1139 802 1191 alicuius
815 1141 945 1191 sententia
958 1141 985 1191 id
996 1141 1084 1205 ipsum
1096 1140 1220 1205 postulet,
1239 1141 1364 1192 librorum

230 1244 241 1261 ¹
275 1228 375 1291 pariter
385 1240 417 1276 ac
434 1237 602 1289 gemmarum
613 1222 656 1274 vel
673 1222 787 1274 clavium
800 1223 958 1283 conditoria,
978 1236 1047 1287 quae
1059 1223 1123 1275 alias
1134 1237 1228 1287 capsae
1238 1238 1260 1275 s.
1273 1226 1365 1275 maia

276 1307 492 1375 appellabantur,
516 1306 665 1371 significare
683 1320 763 1372 posse
781 1320 891 1370 negem,
916 1320 1033 1371 cumque
1051 1306 1164 1357 talaiam
1180 1308 1234 1358 iam
1251 1321 1266 1358 a
1284 1308 1365 1359 Scho-

275 1392 351 1443 liasta
367 1390 402 1441 ad
426 1390 563 1441 scribendi
586 1389 788 1440 meditationem
808 1390 901 1439 reterri
932 1390 1085 1451 videamus,
1113 1392 1216 1441 tantum
1238 1389 1315 1441 abest
1337 1394 1365 1439 ut
1405 1440 1407 1443 .

276 1473 409 1539 Epistolae
425 1476 450 1532 t,
469 1475 497 1534 l,
516 1474 558 1523 56.
576 1472 669 1527 locum
685 1474 738 1523 hoc
754 1475 845 1524 vetere
863 1471 991 1533 arbitrer,
1013 1488 1047 1524 ne
1065 1474 1157 1524 braim
1173 1486 1222 1537 pro
1239 1471 1365 1523 librorum

276 1560 483 1620 chartarumque
501 1559 529 1606 et
545 1555 596 1606 stili
612 1557 776 1620 repositoriis
793 1555 955 1615 habeamus,
975 1558 1003 1606 ut
1021 1554 1061 1605 vel
1079 1556 1225 1607 maximum
1237 1558 1294 1607 elus
1305 1570 1366 1606 acu-

276 1655 339 1693 men
355 1643 504 1706 periturum
527 1653 588 1691 csse
606 1640 707 1700 dicam,
734 1641 756 1689 si
780 1640 925 1702 gestamina
943 1638 1026 1689 laevis
1043 1639 1162 1689 humeris
1179 1650 1309 1702 suspensa
1326 1639 1365 1688 ie-

276 1727 430 1775 neratorum
448 1725 550 1773 tuntum
568 1724 744 1774 instmmenta
762 1724 928 1783 necessaria,
953 1735 1007 1773 non
1024 1720 1102 1772 simul
1125 1722 1206 1772 etiam
1228 1720 1366 1773 scholasti—

276 1822 370 1859 corum
387 1808 506 1871 speciem
523 1804 639 1869 aliquam
651 1807 831 1866 continerent,
851 1805 948 1869 quibus
966 1804 1000 1855 illi
1018 1806 1139 1869 quamvis
1151 1803 1232 1855 adulti
1245 1804 1365 1869 adeoque

275 1893 396 1956 provecti
413 1892 500 1939 aetate
518 1891 608 1939 tamen
625 1892 737 1952 propter
748 1890 905 1939 caecitatem
918 1890 945 1938 et
962 1886 1129 1938 illiberalium
1140 1888 1290 1937 studiorum
1302 1890 1367 1939 assi·
1427 1928 1430 1931 .

275 1974 405 2023 duitatem
421 1985 473 2022 non
492 1973 549 2022 sine
567 1984 664 2034 magno
681 1969 796 2021 ludibrio
815 1974 842 2021 et
859 1970 913 2021 sale
932 1974 1127 2034 comparantur.
1163 1973 1256 2034 Neque
1279 1972 1306 2022 in
1326 1972 1366 2023 bis

275 2057 406 2116 consisto,
424 2055 474 2105 sed
491 2056 591 2104 Satisne
609 2067 717 2117 quoque
735 2053 809 2114 loco,
828 2053 870 2104 illo
889 2067 970 2104 versu
987 2056 1108 2115 servato,
1136 2066 1235 2104 novum
1252 2067 1366 2105 acumen

275 2138 406 2189 accedere
423 2140 503 2202 puto,
529 2137 563 2187 de
582 2150 636 2201 quo
653 2138 699 2197 iis,
727 2140 773 2200 qui
798 2138 881 2187 totam
898 2137 1045 2187 sententiae
1063 2137 1117 2186 vim
1141 2137 1167 2188 in
1191 2134 1367 2189 calculatoriis

274 2222 368 2272 studiis
385 2220 527 2271 irridendis
545 2221 672 2270 contineri
692 2218 903 2280 arbitrabantur,
930 2219 992 2271 nibil
1010 2218 1140 2281 suboluit,
1165 2220 1242 2271 nobis
1260 2223 1366 2282 autem,

276 2306 321 2369 qui
337 2302 524 2355 liberalitatem
541 2304 639 2353 Horatii
655 2303 738 2366 patris
750 2304 936 2353 centurionum
953 2304 1131 2367 parsimoniae
1143 2304 1169 2353 in
1181 2303 1295 2354 tiliorum
1306 2316 1369 2354 suo-

275 2400 336 2438 rum
353 2389 515 2439 institutione
532 2388 631 2451 opponi
647 2385 778 2445 vidimus,
798 2387 1027 2449 exoptatissimum
1039 2384 1169 2435 calculum
1182 2386 1299 2437 adiiciat:
1319 2400 1367 2437 sn—

275 2470 415 2521 litndinem
441 2470 517 2531 dico,
544 2482 597 2532 qua
620 2470 807 2518 centurionum
832 2470 907 2532 pueri
933 2468 1034 2519 loculos
1060 2467 1219 2533 tabulasque
1241 2470 1296 2519 suis
1317 2471 1368 2533 ipsi

275 2554 395 2604 humeris
420 2555 539 2616 gestasse
565 2552 700 2612 dicuntur,
729 2565 814 2614 quum
841 2552 963 2602 Horatius
988 2552 1058 2601 inter
1083 2550 1199 2615 reliquas
1220 2554 1303 2617 patris
1326 2554 1369 2603 sui

275 2637 368 2688 laudes
385 2637 455 2686 banc
472 2648 580 2699 quoque
597 2638 689 2699 ponat:
707 2640 800 2684 cesam
816 2648 946 2697 sanosque
962 2641 1102 2698 sequentes,
1119 2636 1149 2685 ln
1164 2649 1256 2700 mapao
1273 2642 1301 2685 at
1314 2650 1366 2699 pa·

272 2722 348 2783 prete,
374 2720 395 2769 ri
416 2720 473 2782 qais
491 2719 601 2780 vidisset,
628 2720 699 2768 avita
720 2720 764 2769 lie
780 2733 808 2768 re
827 2719 944 2780 praebat
960 2725 1073 2781 sumptos
1087 2720 1149 2769 miti
1166 2720 1276 2769 mederet
1291 2721 1367 2769 illas:

275 2817 413 2867 quumque
430 2805 515 2853 totam
532 2801 741 2865 descriptionem
758 2802 793 2852 ita
810 2802 957 2851 institutam
974 2814 1034 2851 esse
1047 2802 1199 2863 videamuS,
1218 2804 1248 2853 ut
1264 2802 1369 2866 singula

171 2928 175 2934 ,
274 2886 383 2948 singulis
399 2883 594 2947 respondeant,
613 2885 713 2946 optime
730 2884 852 2946 proiecto
869 2883 1010 2934 nobiscum
1027 2888 1132 2946 actum,
1151 2886 1224 2948 quod
1239 2886 1281 2936 his
1297 2897 1371 2949 quo-

275 2980 328 3030 que
346 2967 490 3026 invenitur,
515 2965 588 3028 qnod
605 2967 703 3029 opponi
721 2968 813 3030 possit.
850 2965 954 3017 Scilicet
974 2981 1074 3032 pueros
1097 2969 1123 3017 in
1144 2967 1248 3019 scholas
1272 2970 1370 3019 euntes

275 3050 396 3100 comitari
421 3047 543 3099 solebant
567 3049 679 3109 capsarii
704 3061 766 3098 cum
793 3049 877 3100 thecis
903 3048 1051 3100 calamem'is
1073 3050 1116 3100 vel
1141 3051 1309 3115 graphiariis,
1337 3055 1371 3101 ut

275 3132 391 3181 Suetonii
410 3128 510 3194 (Claud.
524 3130 574 3193 35.)
592 3130 682 3180 verbis
699 3133 771 3191 utar,
790 3132 872 3194 idque
890 3135 989 3183 Romae
1002 3132 1070 3182 adeo
1087 3133 1213 3183 usitatum
1231 3133 1313 3183 luisse
1325 3136 1372 3182 ri-

274 3215 365 3275 detur,
389 3216 420 3264 ut
435 3212 566 3263 luvenalis
583 3215 656 3263 certe
673 3215 761 3263 aetate
779 3212 820 3263 vel
841 3216 887 3278 qui
908 3216 989 3265 adbuc
1006 3230 1056 3265 saro
1077 3221 1181 3277 partam
1198 3218 1287 3267 coleret
1310 3231 1371 3268 asse

273 3300 428 3358 Mineruam,
456 3309 519 3346 eum
542 3299 633 3346 tamen
654 3302 736 3345 aratos
759 3303 880 3361 aepactae
896 3298 1002 3348 aemula
1018 3312 1110 3361 capsae
1127 3302 1287 3363 sequeretur
1306 3301 1369 3364 (tt),

275 3381 353 3443 lt'i.);
366 3380 462 3443 quodm
472 3380 541 3430 baec
552 3380 651 3430 Horatii
663 3372 796 3430 sententia
806 3384 855 3441 est,
868 3382 1002 3433 Venusiae
1014 3396 1047 3432 ne
1056 3384 1240 3433 centurionum
1253 3382 1370 3446 quidem

274 3477 385 3529 pueros,
412 3464 459 3526 qui
483 3462 559 3514 lacile
584 3463 719 3527 principes
744 3465 770 3513 in
793 3477 825 3514 eo
848 3466 992 3528 municipio
1010 3469 1115 3525 essent,
1142 3467 1253 3516 comites
1270 3478 1372 3517 secum

214 3535 219 3545 ’
274 3549 413 3608 habuisse,
432 3549 478 3610 qni
495 3548 521 3597 in
538 3546 631 3605 ludum
648 3546 775 3597 itantibus
792 3548 885 3596 locatm
901 3547 1061 3608 mammaeae
1077 3550 1226 3611 gestarent,
1255 3548 1321 3612 quid
1340 3548 1371 3598 in

273 3629 323 3680 illis
339 3628 431 3680 locastis
447 3630 584 3680 conditum
600 3629 692 3690 tuerit,
711 3642 763 3679 non
781 3628 894 3680 multum
911 3631 1005 3694 opinor
1022 3630 1190 3693 curabimus,
1209 3630 1289 3681 modo
1301 3630 1373 3681 illnd

273 3714 450 3772 retineamus,
476 3711 549 3775 quod
574 3711 625 3761 dici
652 3726 704 3762 non
729 3715 819 3776 potest
844 3714 972 3775 quantum
998 3714 1078 3763 totius
1104 3714 1225 3777 imaginis
1243 3716 1375 3777 vigorem

273 3798 381 3858 augeat,
399 3797 430 3844 ut
445 3795 496 3844 hac
508 3807 615 3857 quoque
633 3794 659 3843 in
676 3807 705 3843 re
723 3795 823 3844 Horatii
840 3796 922 3858 patris
940 3796 1120 3846 munificentia
1133 3796 1299 3861 apparuerit,
1321 3800 1373 3862 qui

274 3891 337 3929 cum
354 3880 381 3928 in
398 3878 481 3941 patria
498 3878 579 3927 etiam
596 3877 736 3927 comitatus
754 3878 903 3942 sumptibus
920 3892 1032 3943 parcere
1049 3883 1155 3944 posset,
1182 3894 1216 3930 ne
1235 3881 1285 3931 bac
1304 3882 1375 3945 qui-

274 3962 337 4012 dem
354 3976 384 4011 re
402 3960 560 4011 absterritus
577 3963 628 4021 est,
648 3962 790 4025 quominus
803 3975 865 4012 eum
883 3964 995 4013 Romam
1007 3962 1167 4024 deduceret,
1187 3962 1232 4013 ubi
1248 3978 1375 4029 puerum

274 4046 331 4095 sine
349 4045 476 4095 comitatu
494 4044 519 4092 in
536 4043 657 4094 scholam
674 4046 781 4095 mittere
800 4046 909 4095 oninino
927 4059 979 4097 non
1002 4048 1133 4110 poterat.»

338 4130 367 4178 P.
390 4127 436 4177 29:
468 4128 570 4177 «Feriis
592 4127 713 4177 deductis
739 4130 761 4179 si
787 4132 847 4177 octo
874 4132 975 4179 tuntum
1002 4131 1063 4179 enni
1091 4130 1230 4181 mensibus
1256 4128 1376 4180 scholas

274 4212 377 4263 habitas
389 4224 449 4262 esse
462 4212 626 4275 apparuerit,
645 4209 720 4263 lacile
739 4210 908 4275 intelligetur,
928 4226 976 4263 cur
988 4214 1081 4262 octonis
1097 4213 1267 4277 potissimum
1278 4213 1377 4263 Idibus
