2925 4892
486 396 545 445 liii.
565 395 595 445 ll.
631 395 699 447 SAT.
717 396 760 446 Vl.

145 552 259 618 liucere
279 548 433 618 sollicitae
455 549 596 618 iucunda
617 548 737 617 oblivia
757 550 865 617 vitae?

144 674 169 738 0
187 670 310 759 quando
332 671 405 737 laba
428 670 630 761 Pythagorae
653 682 789 759 cognata
810 671 973 761 simulque

143 792 231 860 llncta
252 793 328 859 satie
349 793 460 881 pingui
483 802 643 880 ponentur
664 791 812 860 oluscula
832 791 949 860 lardo‘l

145 914 169 979 0
188 925 294 981 noctes
316 934 505 1001 coenasque
527 912 638 980 deum!
662 912 781 1001 quibus
804 914 875 1002 ipse
897 916 1027 1003 meique
1130 920 1171 983 65

142 1039 211 1101 44446
232 1037 344 1103 Larem
365 1035 532 1122 proprium
553 1054 670 1101 vescor
692 1056 875 1123 vernasque
899 1056 1055 1123 procaces

132 1290 192 1351 stiur
214 1288 397 1339 lachmannus
422 1287 480 1339 coll.
508 1288 582 1338 Orid.
610 1288 716 1339 lietem.
744 1288 772 1348 4,
801 1289 857 1339 itti.
879 1290 1140 1354 -64444444146644

133 1361 229 1414 Bentleii
246 1365 370 1428 suspicio.
394 1392 421 1401 -
437 1369 567 1425 ponuntur
583 1377 610 1427 p.

107 1567 273 1632 Pythagoreos.
305 1596 332 1606 -
362 1570 441 1619 tincto
467 1568 539 1633 444444]
568 1568 610 1618 Sic
648 1566 802 1631 quidemer
815 1568 998 1619 rusticantium
1009 1573 1171 1628 more‚eote

106 1642 182 1705 iunge,
198 1656 248 1694 non
260 1644 323 1693 sutis
336 1645 439 1707 64449444,
459 1656 491 1693 ex
504 1654 558 1706 quo
570 1656 612 1691 64-
649 1644 728 1693 Lares
740 1643 767 1692 in
778 1642 838 1693 loco
850 1642 1005 1702 collocatos.
1025 1642 1090 1693 dum
1101 1647 1171 1693 servi

106 1728 154 1765 rore
169 1722 254 1768 netum
272 1722 315 1768 est
333 1717 441 1768 Bentleii
458 1712 611 1787 παραδιόρ-
648 1717 720 1767 domi
731 1730 810 1767 meae
820 1717 874 1767 neti
887 1718 1044 1780 nuntiique,
1058 1716 1171 1775 alacres,

105 1789 173 1855 θωμα
182 1792 249 1855 [ocu.
277 1791 410 1843 Videlicet
421 1790 554 1843 uolnscula
566 1804 611 1841 co-
647 1792 676 1841 ut
687 1789 786 1851 solent,
799 1792 880 1853 atque
891 1790 1040 1855 petulantes
1049 1804 1172 1843 mensam

105 1868 203 1925 quantur
219 1878 270 1916 naa
291 1878 354 1917 cum
370 1865 468 1925 larido,
496 1878 549 1929 quo
567 1864 608 1915 illc
647 1865 822 1915 circumstent
838 1869 865 1915 ct
882 1878 944 1915 mox
960 1878 1044 1916 coena
1063 1870 1172 1930 peracte

104 1940 231 2002 unguntur,
258 1940 333 2004 quod
356 1940 495 1991 emissit·
516 1954 610 2001 -po-
647 1938 773 2002 reliquies
798 1938 920 1990 ciborum
943 1954 958 1990 a
982 1940 1060 1992 nobis
1085 1953 1173 2003 quan-

104 2014 184 2077 rato]
201 2017 411 2079 apponemus·
431 2014 488 2063 Viri.
506 2015 560 2063 Sel.
578 2016 607 2074 2,
647 2018 703 2063 tum
715 2009 991 2075 iibetdesustatoium
1001 2014 1171 2065 comedunt.-

104 2086 127 2144 i,
143 2087 178 2137 23.
197 2116 222 2125 -
241 2088 356 2139 6444444446
372 2088 456 2149 lardo]
473 2090 527 2137 Sat.
540 2088 568 2145 2.
582 2088 607 2149 i,
649 2116 675 2123 -
689 2088 752 2137 Ante
762 2088 861 2151 were]
875 2088 932 2137 Vid.
943 2089 978 2138 ad
989 2088 1073 2152 Epod.
1083 2090 1115 2148 2,
1128 2090 1170 2140 66.

104 2161 155 2210 446;
171 2163 223 2213 Noa
240 2177 287 2227 cqc
299 2188 313 2199 -
325 2168 415 2212 umere
431 2162 610 2223 «4444466646-
649 2188 676 2198 -
700 2175 841 2223 ventusque
856 2164 985 2227 procaces]
1010 2162 1172 2230 Οἰκογενῶν

103 2232 151 2293 late
161 2238 302 2298 Quidquam
316 2242 418 2299 praeter
429 2236 482 2285 elur
496 2235 610 2297 [niuosae
647 2238 700 2285 tota
718 2235 821 2287 indoles
833 2238 933 2301 optime
950 2239 976 2287 in
995 2240 1099 2301 Paegnii
1111 2251 1171 2302 pec

103 2321 147 2359 cen
161 2312 220 2372 scre
235 2324 342 2374 pernae.
378 2309 486 2361 Martini.
506 2312 536 2371 ii,
560 2310 606 2369 78,
646 2322 711 2359 sona
734 2308 858 2360 aPlauto
883 2312 910 2361 in
936 2314 1016 2361 Perse
1042 2326 1169 2377 expresse

103 2382 126 2429 i:
149 2386 248 2435 Ponetm
273 2385 361 2449 divitia
386 2386 503 2434 4644444444
527 2384 609 2433 unctis
646 2388 695 2433 est.
732 2384 834 2434 Seneca
852 2385 887 2434 da
905 2388 1072 2437 Providentia
1089 2389 1117 2447 4,
1140 2389 1169 2437 6;

102 2454 318 2519 liisrucauticutur
327 2460 410 2509 cirene
423 2456 609 2520 petella--Et
646 2459 734 2523 Cupite
754 2460 866 2522 titiones
889 2474 935 2509 nos
958 2463 1080 2511 modestia
1104 2463 1170 2513 ‹lele-

30 2576 31 2599 ,
101 2531 179 2589 taleni
192 2534 252 2597 subc
268 2546 329 2582 cam
344 2532 446 2583 culcita
462 2532 544 2581 tarde.
645 2534 724 2595 riori,
741 2535 907 2583 omnutnmm
926 2536 1039 2593 ticcotim·
1057 2537 1112 2585 itio:
1131 2538 1172 2587 di·

30 2600 32 2629 ³
644 2608 751 2669 emptica
778 2609 888 2658 tristiore
916 2610 1054 2671 contineri,
1083 2612 1173 2661 mnan

30 2724 31 2729 .
126 2690 200 2742 65-64.
219 2690 607 2755 0-666646]464444ρ446444444446
645 2683 838 2732 allsstdssct‘am·
874 2683 982 2744 (Vm
997 2684 1039 2732 isti
1057 2685 1171 2745 14044444,

101 2764 206 2826 quidem,
224 2767 275 2816 ssd
294 2764 373 2817 simul
391 2778 478 2828 seque
495 2776 607 2815 securas
646 2757 679 2807 de
707 2755 805 2819 qulbus
832 2756 929 2805 acriter
953 2756 1055 2819 litigant
1075 2772 1173 2809 recen·

101 2839 123 2884 el
136 2838 270 2901 iucundae,
295 2854 328 2889 iic
345 2840 366 2890 si
384 2840 490 2889 conviva
506 2840 609 2889 domm
646 2833 726 2881 liores
755 2830 856 2894 aliquot
883 2832 1062 2895 lnlerpi‘ttle8,
1096 2836 1172 2896 (1414484

101 2922 175 2963 essem
192 2914 245 2975 (osi,
261 2914 290 2974 i,
310 2914 355 2973 28,
375 2915 424 2976 i),
451 2914 477 2963 iii
501 2916 607 2963 noctem
646 2904 778 2956 conciliari
804 2906 846 2954 rix
871 2906 974 2969 possint
998 2920 1086 2971 neque
1108 2922 1171 2959 cum

31 3008 32 3011 ¹
101 2996 172 3048 itique
193 2989 371 3051 productaeio
401 2990 508 3037 comice
534 2988 608 3037 iiiii-
646 2982 742 3045 poetae
760 2984 821 3030 octo
837 2980 922 3030 servis
943 2982 1050 3031 rusticis
1072 2985 1169 3045 Sati,

32 3092 33 3121 ,
101 3058 187 3120 pianes
204 3064 228 3112 in
240 3064 306 3112 exc.
320 3064 391 3111 eret.
405 3076 431 3127 p.
445 3062 505 3111 cai:
525 3061 607 3123 atos
647 3056 677 3117 i,
696 3056 753 3105 448.
772 3068 822 3105 uec
834 3068 898 3105 cum
915 3055 1033 3118 quinque
1050 3057 1170 3121 patribus

101 3132 176 3184 θεῶν
191 3133 245 3207 γάρ
262 3136 356 3195 ἐστιν,
379 3130 449 3185 ὅταν
466 3130 535 3205 ἔχῃς
552 3133 606 3185 πό-
647 3131 703 3179 sive
725 3128 827 3181 colonie
847 3130 913 3193 Epp.
932 3131 959 3189 4,
983 3130 1027 3191 tl,
1045 3132 1081 3191 3.,
1100 3133 1171 3183 dilli-

102 3204 142 3254 trv
152 3204 306 3281 Τάλλύτρια
322 3206 445 3260 δειπνεῖν
461 3206 504 3274 μὴ
522 3224 610 3280 προσ.
647 3202 751 3253 cultatis
775 3202 839 3253 nihil
863 3202 973 3254 habent.
1015 3206 1118 3256 Etenim
1144 3212 1172 3257 64

102 3280 162 3338 έχων
181 3281 364 3352 λογισμασιν.
394 3284 532 3335 Manifeslo
552 3298 610 3335 vec
647 3278 751 3329 illorum
768 3281 795 3328 et
811 3278 909 3327 horum
926 3280 989 3329 sunt
1004 3278 1087 3340 uicti,
1107 3294 1172 3343 qua·

103 3352 129 3402 be
148 3358 203 3409 iscii
218 3360 252 3411 (is
271 3360 364 3409 coenis
381 3358 531 3409 laetissimis
549 3360 609 3423 qui-
646 3352 729 3413 libus,
756 3352 844 3402 donee
862 3352 1055 3412 adolevissent,
1082 3353 1170 3403 homi—

103 3427 165 3489 lem.
192 3436 239 3485 sed
266 3434 373 3484 rusticis
398 3437 425 3483 et
449 3433 608 3497 quotidianis
646 3442 694 3478 nes
712 3426 900 3489 elegantiores,
927 3429 957 3475 ut
978 3428 1101 3476 Horatius
1121 3428 1170 3476 etsi

104 3516 135 3551 44.
147 3507 181 3556 ei.
195 3508 235 3559 64.
265 3509 403 3558 ciccato
421 3507 541 3567 mciii,
560 3507 607 3557 to:
646 3514 789 3565 «pauper»,
816 3502 890 3551 varia
910 3500 945 3549 ad
966 3500 1111 3550 ministeria
1133 3502 1171 3549 uti

105 3576 136 3633 tin
159 3580 272 3643 Sabinis)
302 3583 444 3631 convivium
469 3582 609 3631 6464664464
646 3574 781 3635 solebant,
804 3576 839 3625 ad
855 3577 929 3625 iocos
946 3573 1112 3636 convivales,
1136 3576 1171 3626 ed

103 3653 194 3707 4444444444
210 3656 334 3719 coeptam
360 3658 426 3717 quoii
445 3656 480 3705 4444
503 3656 610 3705 mutiam
646 3648 772 3713 epistolas
788 3650 843 3699 huc
858 3648 918 3699 illuc
933 3648 1085 3709 mittendas,
1103 3661 1171 3711 quos

103 3732 194 3789 nortun,
223 3744 300 3792 quem
326 3731 439 3780 omnine
461 3742 608 3792 possumus,
645 3724 789 3772 tmeuanos
818 3723 965 3784 vocabant,
995 3723 1030 3773 ad
1060 3724 1170 3787 opsonia

103 3802 163 3850 ccmo
184 3816 294 3853 unisone
314 3805 485 3867 producimur.
512 3830 535 3841 -
557 3804 610 3866 ipse
646 3796 765 3861 aliasque
783 3811 827 3847 res
844 3811 878 3847 64
894 3798 961 3848 urbe
978 3799 1167 3857 arcessendam

103 3874 190 3940 44444444]
216 3880 254 3929 lie
276 3880 328 3927 hac
350 3879 546 3928 constructione
565 3891 610 3941 ayo
646 3872 687 3923 liis
704 3874 823 3922 carmina
840 3872 976 3922 dictabant
996 3874 1062 3936 Epp.
1082 3874 1108 3931 l,
1129 3874 1169 3933 444,

104 3948 183 4009 Mene
193 3965 277 4003 nacor
289 3952 322 4003 cl.
333 3954 420 4015 Reisig
432 3954 487 4005 Lot.
501 3952 610 4015 84444464-
646 3946 701 4007 ies
717 3947 781 4011 quin
794 3947 873 3996 etiem
886 3947 1035 3997 «canebant
1045 3948 1172 3997 indoctum

104 4019 190 4086 wirnp.
203 4024 259 4075 331.
278 4028 341 4083 liei.
359 4040 412 4076 non
425 4027 536 4086 «semi»,
549 4024 607 4085 sed,
646 4022 687 4070 sed
707 4020 779 4071 (444466
804 4020 912 4069 tieem»
944 4022 1010 4084 Epo.
1032 4022 1061 4080 2,
1089 4025 1118 4082 i,
1145 4022 1169 4070 9.

105 4096 127 4139 444
141 4101 206 4157 patet
222 4112 255 4148 64
272 4113 348 4163 seqq.
363 4103 391 4149 et
407 4114 439 4149 ex
456 4114 482 4149 v.
495 4099 536 4150 it.
549 4113 609 4148 rue-
646 4095 758 4158 aliisque
776 4094 870 4145 usibus
891 4094 1081 4145 inserviebant.
1117 4098 1170 4144 Sat.

106 4178 163 4228 Μ,
181 4174 271 4223 «amici
293 4177 372 4237 etque
390 4173 545 4233 lemiliares,
564 4173 609 4236 qui
648 4171 718 4231 i‚2‚
739 4170 796 4219 lii.
818 4169 860 4219 ild
875 4182 1021 4230 summam,
1041 4174 1172 4219 estoema

106 4239 214 4295 iniectis
239 4260 344 4298 mecum
374 4248 552 4307 occumbunt,
583 4249 609 4295 et
646 4244 791 4295 ministeriis
816 4245 851 4293 ed
874 4249 951 4293 nutus
974 4248 1049 4304 uirtus
1072 4244 1167 4292 heriles.

176 4336 333 4385 Hortarer..
350 4339 376 4384 ii.
407 4351 444 4385 en.
461 4350 512 4385 4444.
529 4338 563 4384 iii.
972 4334 997 4377 ²¹
