2925 4892
516 356 575 407 titi.
595 356 626 407 ll.
660 356 730 407 SAT.
749 356 780 407 V.

513 696 724 761 um
751 697 805 760 V·

156 836 221 905 Hoc
243 858 393 925 quoque,
417 837 554 917 Tiresia,
578 847 708 926 praeter
729 850 859 907 narrata
879 843 1001 930 petenti

157 957 341 1046 Responde,
365 958 484 1047 quibus
506 959 642 1027 amissas
665 978 820 1049 reparare
841 982 962 1049 queam
983 983 1038 1030 res

147 1166 174 1215 V.
202 1167 231 1217 lu
257 1179 290 1217 eo
315 1164 428 1231 populo,
454 1166 526 1231 apud
554 1179 635 1231 quem
674 1168 776 1219 Seneca
792 1168 972 1232 delineata,
991 1170 1032 1221 38.
1062 1171 1144 1237 Epist.
1158 1172 1200 1223 68.

118 1240 229 1303 ingentes
246 1253 314 1305 opes
325 1238 461 1305 perplura
474 1240 637 1293 seculncoa·
674 1241 739 1294 Plin.
764 1244 796 1294 li.
819 1246 850 1295 li.
875 1243 915 1297 44.
950 1246 1090 1298 l’rcoem:
1117 1247 1202 1309 Cuspi

118 1316 246 1375 carratae,
274 1328 363 1378 neque
386 1328 436 1365 ees
459 1328 508 1380 per
529 1328 636 1365 marca-
673 1318 769 1367 oriitar
783 1318 811 1367 is
826 1321 978 1371 auctoritato
994 1334 1093 1371 mia
1107 1326 1131 1372 ct
1150 1334 1201 1384 po-

117 1391 196 1439 turam
220 1392 267 1439 aut
292 1389 460 1454 opificiornm
485 1392 514 1441 et
538 1390 635 1440 artium
673 1392 751 1441 tentia
767 1405 825 1443 csse.
860 1391 977 1444 lurensi.
998 1396 1051 1445 Sat.
1074 1396 1115 1446 lt.
1149 1398 1201 1447 Ρο-

117 1462 236 1514 industria
247 1463 382 1515 laboriose
394 1464 573 1529 conquisitae,
586 1462 636 1515 sed
673 1468 743 1517 trou.
756 1468 810 1517 Sat.
826 1466 900 1518 424.τ
924 1468 1058 1531 Amptioris
1081 1470 1202 1532 fortunas

117 1550 145 1587 ex
167 1540 220 1587 toto
245 1540 380 1589 terrarum
409 1538 475 1589 orbs
503 1537 635 1589 bellorum
673 1544 774 1593 damma
790 1547 936 1605 quaerentes
951 1545 1084 1594 iactatam
1099 1545 1127 1595 is
1144 1550 1201 1595 tar-

116 1614 205 1677 rapinis
227 1614 341 1663 coactae
366 1616 393 1663 et
418 1625 553 1665 summam
571 1624 636 1663 ave·
673 1618 732 1668 iam
764 1618 966 1680 ercammarum
1004 1621 1198 1681 sciscitantium,

116 1687 193 1737 sitiam
210 1689 251 1749 et,
285 1688 357 1737 Livio
374 1690 461 1749 teste,
487 1688 636 1739 &amrium
673 1694 740 1753 quccl
755 1706 833 1756 panor
848 1693 990 1754 lamiam
1014 1700 1060 1743 aut
1075 1696 1201 1744 anacas-

113 1774 153 1823 ρον
167 1763 257 1813 tasum
277 1766 351 1825 atquc
367 1762 493 1813 wimari
512 1762 636 1825 perorandi
672 1766 947 1817 circinantetcrebro
960 1769 1031 1832 apud
1043 1768 1198 1830 lucianum,

113 1838 275 1901 mentique
291 1838 377 1887 arnoia
399 1838 581 1901 peperissaut3
608 1838 635 1887 in
673 1844 702 1891 ui
718 1840 785 1891 Diei.
798 1842 876 1891 llort.
889 1840 913 1891 6.
938 1842 1198 1906 Contrahosigliur,

115 1924 142 1961 eo
163 1913 238 1976 igitar
261 1910 364 1977 populo
388 1924 420 1961 ea
442 1924 486 1963 urs
507 1924 565 1963 rem
586 1926 635 1962 au·
673 1916 718 1979 qul
745 1916 925 1977 vocabantur,
954 1918 1105 1982 captatores
1132 1917 1201 1967 haec

114 1987 196 2048 pendi,
222 2000 297 2051 quas
317 1988 343 2036 in
361 1986 412 2035 hac
429 1986 513 2035 Satira
531 1987 635 2037 descri-
672 1990 756 2039 Satira
768 1992 919 2054 conscripta
931 1992 987 2051 est,
1006 2004 1101 2042 omnes
1113 1990 1198 2053 dolos,

114 2058 190 2121 bitur,
211 2060 338 2125 plurimis
355 2062 447 2123 utique
465 2062 570 2111 innoxia
593 2063 635 2111 at·
672 2064 800 2127 artificia,
817 2066 926 2116 iusidias
943 2065 1116 2128 describens,
1139 2068 1201 2130 qui·

114 2146 159 2198 qne
181 2135 250 2185 adeo
284 2134 395 2185 honesta
420 2134 503 2185 rideri
531 2134 632 2186 debuit.
672 2138 724 2190 bus
741 2140 864 2190 homines
875 2140 918 2191 isli
928 2140 967 2189 uti
978 2140 1109 2191 solebant.
1133 2142 1200 2191 Zesr.

114 2211 157 2259 Per
170 2209 308 2260 bellorum
320 2211 392 2259 enim
406 2207 522 2260 civilium
540 2209 633 2261 turbas
673 2227 705 2263 er
715 2214 881 2264 llsrsuoruro.
900 2215 938 2265 Ex
947 2214 1040 2265 tostire
1051 2218 1142 2265 auwm
1154 2228 1201 2278 pa-

114 2286 320 2348 magnanimum
343 2296 405 2348 pars
423 2296 531 2333 omnem
548 2295 633 2347 prope
672 2288 748 2339 rodis
773 2289 929 2349 llomerica,
962 2290 989 2339 iu
1017 2302 1072 2353 quo
1099 2302 1199 2353 genere

113 2358 252 2411 honestatis
274 2361 302 2407 et
318 2357 424 2409 decoris
441 2370 552 2409 sensum
569 2358 635 2407 aml-
671 2362 744 2427 apud
768 2364 885 2413 Graecos
910 2362 1078 2414 excellebant
1102 2362 1200 2414 Σίλλοι

113 2438 189 2494 sersi;
216 2438 302 2497 atque
324 2446 385 2483 cum
408 2433 472 2483 sniis
495 2430 634 2497 exemplo-
672 2438 789 2490 Timonis
806 2436 923 2498 Phliasii‚
951 2436 1036 2489 illisas
1053 2440 1139 2503 pergit
1158 2440 1200 2489 ln-

112 2521 164 2559 mm
197 2508 328 2559 Horatius
360 2505 456 2570 aliique
489 2508 633 2573 scriptores
672 2514 809 2575 terrogars
827 2512 862 2562 de
879 2512 1106 2563 vicissitudinibus
1127 2512 1199 2563 iutu-

24 2572 25 2633 l
112 2582 181 2633 nobis
209 2580 379 2648 praebeant,
415 2582 548 2633 Romanos
576 2583 634 2633 eius
671 2600 717 2637 rse
736 2599 801 2636 suae
818 2587 899 2645 ritae
917 2586 1093 2649 imprimisde
1106 2588 1199 2637 certis-

112 2662 211 2721 asiaiis,
238 2664 273 2710 ut
299 2658 403 2709 divitias
429 2660 631 2723 conquirerent,
672 2662 741 2711 simo
774 2672 841 2724 opes
873 2661 987 2709 amissas
1020 2658 1197 2723 recuperandi

112 2732 203 2785 auium
220 2732 330 2797 legibus
346 2733 458 2783 vetitam
476 2732 576 2783 lacinus
589 2746 634 2784 ne·
673 2734 766 2794 modo,
778 2734 846 2783 vatis
858 2732 976 2784 Thebani
988 2733 1122 2794 umbram,
1136 2748 1199 2784 con·

112 2820 158 2870 que
173 2808 289 2872 periurii
306 2820 356 2857 nsc
378 2808 526 2872 parricidii,
552 2810 582 2857 ut
598 2809 633 2858 de
671 2811 777 2859 tinuaus
803 2810 878 2871 quasi
898 2820 941 2857 vv.
963 2808 1059 2871 Odyss.
1080 2805 1111 2868 t,
1139 2808 1196 2859 437.

112 2882 211 2935 immani
240 2884 339 2935 tenore
367 2881 506 2944 sileamus,
543 2884 633 2934 deire·
672 2882 845 2948 lepidissime
863 2894 928 2932 sane
950 2894 1000 2946 per
1023 2883 1106 2932 totam
1128 2883 1197 2933 Seti-

112 2960 204 3017 emese,
231 2959 337 3023 quanto
361 2958 448 3008 miuus
473 2957 525 3008 hoc
550 2958 633 3008 artili-
670 2970 730 3007 ram
746 2957 884 3007 heroicam
896 2953 975 3008 Ulixis
985 2968 1130 3021 personam
1141 2969 1198 3008 res-

112 3034 174 3083 cium
187 3032 436 3091 relormidavariut,
455 3032 527 3095 quod
545 3045 632 3097 neque
671 3045 723 3096 que
740 3031 775 3081 ab
793 3044 827 3081 so
844 3030 879 3080 ad
896 3032 1002 3081 Troiam
1023 3036 1112 3094 gestas
1134 3044 1197 3083 cor-

112 3104 175 3169 leges
198 3108 340 3169 vetarent,
370 3111 398 3157 et
423 3107 494 3169 quod
523 3109 577 3157 tam
606 3108 632 3157 ln
670 3108 755 3171 ruptis
773 3108 952 3157 Romanorum
969 3105 1092 3157 moribus
1111 3107 1197 3156 couti·

112 3181 211 3242 proclivi
229 3183 319 3242 esset,
338 3182 465 3243 quoniam
481 3182 508 3231 in
521 3182 634 3246 hisper-
671 3194 724 3231 nuo
743 3182 780 3231 ita
796 3181 945 3242 immiscet,
973 3183 1003 3230 ul
1027 3181 1095 3230 mira
1111 3193 1197 3244 qnae·

113 3255 164 3307 ditis
180 3256 306 3307 mor-ibus
318 3254 434 3305 caelibes
446 3260 473 3305 et
484 3255 542 3306 orbi
560 3258 633 3307 avari
670 3256 733 3307 dam
745 3268 830 3305 noras
842 3256 924 3313 vitas,
940 3256 974 3305 ita
987 3256 1010 3305 si
1021 3254 1112 3305 dicere
1124 3254 1195 3317 licet,

114 3332 203 3382 indies
220 3332 400 3395 augerentur,
419 3332 499 3393 nique
515 3344 634 3382 cousue-
669 3330 793 3380 satiricos
816 3331 844 3379 et
867 3326 1066 3393 φανταστικῆς
1091 3330 1197 3393 specics

114 3404 313 3457 mosomensis
332 3404 498 3468 trequentata
517 3408 632 3457 maiores
670 3404 731 3455 inde
750 3405 857 3455 oriatur.
877 3404 1041 3467 -Tempus
1061 3402 1197 3466 composi·

113 3481 254 3532 amicosne
281 3480 446 3544 potentiores
467 3482 539 3531 cives
560 3480 632 3531 omni
671 3480 749 3530 lionis
770 3479 974 3536 incertumst,
1000 3477 1099 3539 scripta
1119 3475 1196 3527 ride-

114 3564 200 3614 ssenere
223 3556 376 3607 officiorum
395 3554 575 3619 prosequendi
600 3570 632 3607 eo
670 3557 713 3605 tur
728 3553 875 3604 weilnere
891 3566 916 3602 a.
934 3566 962 3602 n.
981 3564 1006 3602 c.
1024 3550 1093 3612 725„
1112 3552 1196 3601 Trun-

115 3626 250 3681 laclliorem
269 3630 373 3679 aditum
389 3629 425 3679 nd
443 3630 573 3681 eiusmodi
586 3632 634 3681 ho-
668 3629 712 3678 lrio
735 3642 760 3677 a.
784 3628 857 3688 722,
884 3624 1053 3677 Groteienrlio
1076 3638 1101 3675 a.
1124 3625 1193 3688 72³„

115 3702 190 3753 mines
211 3702 377 3767 praeheret‘i
401 3704 438 3753 lta
462 3704 569 3755 tandmn
592 3704 633 3755 ia·
669 3700 725 3753 allis
748 3715 772 3752 a.
797 3701 871 3752 iti:
898 3700 941 3751 alii
963 3701 1074 3765 propter
1095 3712 1139 3751 rr.
1163 3701 1196 3752 62

115 3776 177 3826 anm
194 3780 250 3839 esi,
271 3779 302 3827 ni
319 3776 431 3827 tortasse
449 3778 475 3827 in
492 3776 564 3827 nullo
580 3777 631 3828 allo
668 3790 746 3840 seqq.
765 3776 824 3827 sine
841 3788 923 3827 eausa
939 3775 1060 3826 relernut
1076 3774 1111 3825 ad
1127 3788 1152 3825 a.
1165 3789 1193 3826 a.

115 3849 201 3913 populo
217 3852 306 3914 magis
317 3862 398 3914 quam
410 3851 480 3915 apud
499 3852 632 3905 Romanos
669 3866 692 3902 c.
711 3851 768 3901 73l.
787 3848 831 3901 rel
848 3853 1017 3913 sequentem.

115 3922 158 3973 iac
183 3928 408 3976 testamentorum
437 3926 631 3990 captandorum
702 3928 757 3976 4-5.
777 3924 878 3987 Tiresia]
895 3926 923 3976 lu
936 3936 1070 3975 marmore
1082 3922 1194 3977 Etrusco

115 3997 222 4050 siurlirmn
242 4000 278 4050 nb
303 4000 468 4065 heredipetis
492 4004 629 4065 tamquam
669 4000 741 4066 apud
761 4000 903 4063 lughirarni
921 3999 987 4049 Gall.
1006 4000 1090 4050 ΟΜ.
1108 4002 1151 4050 444.
1164 4014 1192 4064 p.

115 4071 245 4135 singularis
262 4073 396 4137 qimndnm
413 4075 631 4139 arsetproprins
669 4076 725 4126 isa.
744 4073 809 4124 Tab.
831 4075 893 4124 Llll.
921 4073 1037 4125 Tiresias
1061 4073 1096 4124 ab
1122 4074 1193 4126 Ulixe

115 4150 234 4205 quaemus
260 4152 441 4201 exerceretur.
485 4149 537 4201 Cir.
566 4152 628 4202 llor.
669 4149 806 4201 consultus
827 4148 905 4200 sedet
922 4150 948 4201 iu
965 4162 1030 4200 saro
1052 4149 1191 4213 quadrato,

115 4216 172 4284 Epp.
185 4223 214 4283 l,
234 4222 263 4284 4,
281 4224 321 4275 li.
341 4224 434 4275 Cicero
447 4225 540 4276 Parnd.
554 4228 585 4287 i,
603 4227 628 4275 T.
667 4236 751 4289 prope
773 4227 803 4275 nt
823 4224 849 4274 in
871 4222 937 4275 solio
957 4224 1054 4275 sedere
1071 4222 1194 4274 solebant

366 4390 368 4393 ·
399 4364 422 4419 Q
