2925 4892
512 386 572 436 ΗΒ.
591 385 622 435 ii.
641 385 739 438 Epist.
758 388 778 436 i.

146 541 180 604 Si
204 537 367 626 quaedum
389 538 484 606 nimis
506 539 653 628 antique,
678 541 705 607 si
728 539 885 628 pleraque
905 541 988 610 dure

144 659 263 727 Dicere
290 657 393 727 eredit
415 679 487 736 eos,
512 661 626 748 ignave
648 661 748 728 mults
768 661 901 740 tutetur,

144 781 182 846 iit
204 780 291 868 sapit
311 789 344 846 et
364 801 493 848 mecum
516 780 590 848 iecit
611 791 644 848 et
664 783 742 850 love
762 781 884 850 iudicat
908 803 1025 872 nequo.

143 902 215 966 Non
237 899 391 988 equidem
413 901 555 970 insector
577 901 783 990 dolendaque
804 904 948 971 earmina
967 905 1035 972 Livi

144 1021 227 1090 Esse
250 1041 338 1096 reor,
362 1022 492 1090 memirri
515 1043 601 1109 quae
624 1023 794 1112 plagosum
815 1025 892 1091 mihi
915 1045 1017 1113 por-vo
1153 1030 1195 1094 70

167 1269 209 1318 67.
228 1266 410 1328 6161666666,
436 1281 532 1320 omnes
553 1267 620 1319 Fene
638 1269 665 1318 et
682 1269 810 1330 Pottierii,
832 1269 898 1320 item
914 1272 1041 1334 qmuoor
1055 1273 1161 1323 schmi-

132 1343 184 1404 dii,
203 1343 305 1393 LCth:
323 1343 387 1392 enit
397 1355 460 1394 oum
472 1342 537 1393 Cod.
550 1344 614 1406 tieg.
627 1343 687 1392 Soc.
702 1342 739 1404 (et
749 1346 845 1406 quarto
861 1343 995 1406 Schmidiit
1012 1345 1158 1405 uenustus,

132 1419 168 1468 ti.
188 1443 219 1454 -
238 1417 280 1466 69.
298 1417 431 1467 mundove
447 1429 471 1478 o,
490 1433 516 1483 γ,
534 1415 677 1476 itentieius,
697 1417 723 1466 F.
749 1417 861 1478 (Utnos,
880 1414 966 1482 osup,
984 1431 1080 1470 omues
1096 1423 1159 1470 Pot-

131 1492 202 1542 tierii
220 1492 248 1541 et
272 1491 417 1552 Schmidii.)
445 1517 472 1528 -
499 1491 608 1541 oronim
628 1491 657 1541 E.
683 1517 711 1526 -
734 1491 799 1540 Livii
817 1489 874 1541 bite
892 1494 920 1540 et
935 1492 989 1542 duo
1013 1493 1157 1554 Schmidt,

131 1567 210 1616 usui
235 1582 267 1625 κ,
291 1564 433 1617 Bentleius.
455 1591 481 1602 -
500 1565 540 1615 to.
556 1565 690 1629 pisaurum
707 1577 773 1626 quoe
787 1565 891 1629 primus
907 1566 1042 1618 Schmidii.

96 1793 191 1841 itm
207 1790 332 1852 tspoutsr.
360 1787 465 1847 Quintil.
485 1788 531 1848 to,
548 1789 578 1849 2,
594 1789 625 1838 7:
665 1789 770 1838 vocavit
787 1789 901 1840 Licinius
917 1789 1056 1854 upudCie.
1069 1791 1189 1842 dorion.

97 1866 166 1926 osia
190 1869 248 1914 srut
271 1862 402 1925 mmor,
432 1863 549 1912 sueno
572 1862 628 1925 plur
665 1863 816 1924 t‚s,e.-
834 1863 921 1928 osuit]
939 1866 1190 1917 Hunoversmesse

96 1939 216 2003 effedsnt
227 1951 268 1998 eo,
287 1936 540 1999 qumisoquetotur?
558 1937 627 1986 Nitit
663 1935 779 1986 arbitror
789 1935 931 1988 tectionem
940 1941 1093 2003 propteroa,
1104 1941 1187 2004 quod,

95 2015 121 2062 is
135 2013 223 2075 poetis
238 2024 318 2072 supro
333 2010 432 2060 tioium
445 2010 624 2071 Andronium
664 2013 692 2061 ut
709 2014 752 2062 est
768 2013 795 2062 in
812 2026 838 2061 v.
856 2013 967 2076 tutetur,
985 2015 1130 2078 requiritur
1147 2016 1190 2066 irie

94 2087 159 2136 sitit
187 2087 215 2136 in
241 2087 346 2135 trintum
372 2098 452 2147 srrpra
480 2086 627 2148 Pomponis
663 2098 771 2149 quoque
792 2087 861 2136 sotio
882 2085 966 2137 libers
983 2091 1012 2138 et
1028 2093 1187 2151 spontaneo

94 2161 204 2211 omnies
224 2159 377 2210 tuberosus.
413 2157 466 2208 Cir.
488 2159 623 2209 onomast.
662 2173 694 2209 so
711 2173 808 2223 porum
822 2162 1187 2226 ooneinneproieetodicss:

95 2237 151 2287 Cio.
168 2237 195 2285 iu
207 2235 259 2284 hoo
269 2247 295 2284 v.
309 2235 336 2284 et
348 2233 376 2282 E.
390 2231 550 2283 iiiussmsnn
561 2233 626 2283 Liuii
663 2236 728 2299 «qui
745 2236 811 2286 mitri
827 2236 880 2286 hoe
890 2235 932 2286 vel
947 2235 1012 2286 iilud
1023 2239 1186 2300 concedit,

93 2310 234 2360 Andronici
250 2311 404 2358 Drsmutrsu
420 2307 555 2369 senuas.
574 2307 626 2371 iiu-
662 2321 790 2360 meeum
804 2308 882 2360 fucit
892 2313 920 2360 ot
930 2311 1025 2374 sepit.»
1044 2313 1091 2373 (De
1103 2313 1189 2363 verbo

94 2383 178 2435 doist.
191 2381 265 2433 isis.
660 2385 746 2434 cotim
770 2397 820 2448 pro
844 2386 977 2435 eonem
1001 2389 1129 2450 usurpato
1152 2385 1186 2437 ei.

124 2457 221 2508 63-68.
246 2457 374 2506 iuterim
390 2449 454 2519 oet]
471 2455 526 2505 ium
543 2466 623 2518 sper·
660 2461 769 2520 prseter
793 2457 915 2521 exempto
939 2470 955 2507 s
972 2457 1091 2509 Bentieio
1108 2474 1123 2510 e
1140 2461 1188 2510 Di·

95 2534 146 2582 lius
166 2530 352 2582 demonstrare
370 2529 536 2594 aggreditur,
564 2529 624 2592 qui-
660 2532 742 2594 gestis
759 2529 836 2582 sisto
852 2533 931 2593 Prop.
952 2532 981 2592 i,
1000 2532 1044 2592 to,
1064 2533 1105 2582 28.
1125 2534 1186 2583 Tuo.

94 2606 146 2657 hus
170 2605 333 2668 argumentis
356 2604 453 2654 duetus
469 2616 486 2653 s
502 2601 571 2665 voigi
588 2601 622 2652 de
660 2607 727 2654 Anu.
742 2604 783 2662 ts,
796 2602 849 2666 ti.)
882 2605 1024 2654 Praetereo
1042 2603 1120 2654 teotio
1137 2607 1188 2655 istu

94 2677 234 2730 veteribus
246 2679 331 2742 potitis
341 2675 509 2742 opinionibus
521 2677 624 2727 dissen-
660 2679 810 2728 suetorituti
826 2677 942 2728 duorum
960 2677 1098 2728 dumtsxut
1108 2679 1189 2728 Codi-

92 2754 150 2803 tint.
167 2779 189 2790 -
204 2752 299 2815 procot]
311 2751 560 2814 Giuresuuspsooot;
573 2751 623 2802 sed
660 2763 721 2800 oum
738 2748 886 2813 rotgerium
902 2751 1030 2800 inuititur.
1045 2779 1073 2787 -
1086 2751 1187 2816 ὅρκων]

92 2831 176 2892 poete
200 2826 317 2891 ioquitur
333 2826 367 2876 do
386 2840 416 2877 re
433 2829 505 2876 certe
523 2839 556 2875 se
573 2825 623 2876 tio-
661 2825 734 2874 «sine
751 2825 841 2874 nervis
858 2837 890 2874 uo
907 2826 1062 2886 sauguine.»
1092 2816 1188 2896 e'Apyd

93 2901 178 2952 finita.
193 2927 221 2936 -
233 2901 310 2950 niuis
319 2901 429 2964 antiques]
446 2895 621 2970 «uipxaiitoiq,
659 2899 709 2948 rent
725 2894 778 2949 τὸν
793 2894 942 2969 ἀκροατὴν
955 2893 1073 2969 ἠρεμεῖν
1084 2897 1185 2959 ἐῶντα,

93 2980 119 3028 iu
136 2975 267 3036 modum,
289 2977 335 3040 qui
354 2977 488 3040 praesenti
506 2987 623 3026 eonsue—
659 2976 689 3025 ut
705 2973 741 3024 do
761 2976 868 3025 oratore
888 2975 998 3037 Dionys.
1019 2975 1101 3037 song.
1122 2975 1187 3045 nupt

92 3051 180 3101 tudini
191 3051 299 3100 Latinus
310 3051 466 3114 repugnat.»
487 3050 530 3099 sio
541 3050 622 3099 etiam
660 3040 759 3112 ὕψους
775 3046 817 3109 st,
830 3047 865 3108 i..
882 3049 910 3098 id
926 3051 981 3109 est,
1000 3061 1070 3111 quus
1087 3045 1186 3099 nusssm

91 3127 239 3189 Augrrstus,
252 3125 497 3176 ouiussententism
511 3121 621 3188 pulchre
660 3123 713 3172 vim
731 3121 832 3173 hshout
848 3123 882 3173 sd
903 3122 1068 3173 movendum
1084 3122 1187 3173 audito-

92 3201 207 3252 norerst
229 3202 320 3262 potis,
345 3199 471 3250 eueosetos
491 3204 515 3249 st
535 3198 623 3248 auti·
658 3209 732 3257 reru;
760 3197 859 3260 quibus
876 3200 1047 3261 opponuntur
1065 3192 1103 3246 τὰ
1118 3197 1186 3248 isa-

92 3274 240 3336 qsorios,
258 3278 287 3324 ut
302 3274 400 3323 dwerso
413 3285 503 3338 psum
511 3273 621 3334 vitiosos,
658 3267 760 3337 γώνια,
779 3268 911 3336 ἐμπαθῆ,
924 3267 1097 3336 παθητικά.»
1115 3273 1187 3322 Wsr·

89 3349 152 3410 puri
168 3347 272 3409 [utitis
288 3349 388 3409 spreuit.
408 3348 515 3397 Sueten.
529 3347 619 3397 Ootuv.
658 3359 740 3396 cssrr
756 3345 1050 3396 camminensem
1065 3345 1144 3407 potito
1155 3356 1184 3408 p.

91 3421 133 3472 86.
149 3449 178 3458 -
194 3420 326 3483 pleraque]
352 3439 365 3466 ι
371 3419 534 3484 permuta„
551 3433 619 3472 non:
658 3420 683 3470 6.
704 3443 731 3456 -
749 3420 830 3469 iove·
843 3417 933 3482 mue]
959 3417 1093 3482 «propitio
1118 3416 1183 3475 sibi3

91 3494 255 3559 «plurimum
269 3521 297 3532 —
316 3495 386 3558 aurs]
404 3496 431 3546 in
448 3495 621 3559 compositio-
658 3495 721 3544 iove
746 3492 856 3556 uiridem
880 3493 948 3542 irsto
968 3491 1013 3552 fit,
1039 3493 1070 3540 ut
1094 3491 1187 3541 errent

91 3569 172 3622 nibus
189 3583 206 3619 a
224 3570 331 3620 Latinae
345 3568 448 3632 tinguse
465 3567 553 3620 indoie
571 3567 621 3618 ub-
658 3567 782 3618 homines
798 3579 831 3617 so
848 3564 986 3617 delirent·
1004 3566 1099 3614 Porus.

91 3643 280 3704 horrentibus,
309 3643 551 3694 eonstruetiouibus
579 3643 622 3693 in·

91 3719 209 3780 trientis,
231 3717 335 3769 sununs
356 3717 489 3769 versibus.
519 3717 621 3769 Eodem
691 3715 779 3766 iit-72.
805 3713 924 3775 Μῶν]
950 3713 1100 3764 construe:
1126 3713 1186 3764 Non

91 3792 195 3844 reierss
212 3791 275 3843 iicet
291 3791 406 3844 duorum
426 3791 538 3842 otiorum
556 3791 621 3842 esti·
657 3791 765 3840 iueotor
779 3789 974 3840 ommutuit
988 3787 1184 3850 mdoouses

91 3867 212 3918 risurum
221 3866 325 3917 iudicis.
339 3865 520 3928 Luoii.29‚63:
533 3867 622 3916 Utrum
657 3877 707 3916 eser
726 3878 801 3925 mr,
827 3862 854 3913 id
879 3865 933 3924 est,
960 3873 1033 3912 «non
1056 3861 1184 3925 equidem

91 3941 171 3991 tristis
194 3946 308 3992 oonmrto
324 3941 410 4003 attonso
427 3953 460 3992 ss
475 3940 620 3991 Powvtouo
657 3942 712 3990 ism
729 3939 832 3990 intenso
849 3949 910 3988 sum
926 3937 1016 3988 animo
1032 3938 1060 3986 in
1077 3939 1185 3989 veteres

91 4015 207 4067 nnordio
226 4017 300 4066 Pers.
314 4016 338 4078 i,
351 4016 398 4065 77:
416 4016 490 4076 sissi,
502 4016 621 4076 quoera-
657 4016 762 4065 nostros
783 4013 891 4077 potitus,
917 4013 947 4061 ut
969 4009 1084 4074 exempti
1099 4011 1183 4073 gnus

90 4089 229 4151 emissores
245 4094 268 4140 st
288 4103 425 4140 verrucosa
439 4093 553 4140 moretur
567 4089 621 4140 An·
657 4088 721 4139 Livii
737 4086 881 4138 Andronici
902 4085 1001 4149 seripts
1017 4083 1183 4135 obiitersnds

91 4163 171 4226 supa,
185 4163 314 4214 sommis
324 4177 369 4213 cor
379 4161 536 4226 twtittcobite
544 4162 618 4225 pato.
657 4166 685 4213 et
701 4174 734 4211 er
751 4160 890 4210 homiuum
903 4157 1029 4210 munibus
1044 4159 1073 4208 in
1088 4167 1185 4222 perpe·

92 4239 135 4288 sto
157 4239 193 4289 it.
215 4236 333 4290 Attiiium
348 4238 459 4301 torm
474 4237 621 4299 scripturos
658 4237 735 4286 tuum
758 4232 942 4298 extorquendo
966 4243 1122 4284 oensesm.»
1153 4253 1181 4266 -
