2925 4892
270 387 333 451 420
630 383 759 434 444444
776 381 998 433 4444444444

312 545 359 609 nn
383 541 511 607 tacitum
534 537 630 603 silvas
653 537 736 606 inter
756 547 886 624 reptare
908 535 1070 611 salubres,

315 665 487 731 Curantem
508 657 668 748 quidquid
691 656 822 745 dignum
844 658 990 746 sapiente
1012 657 1165 744 bonoque
1187 659 1258 723 esti
1329 659 1345 719 5

313 787 382 852 Non
404 793 439 850 tu
462 801 581 868 corpus
604 799 678 846 eras
700 779 771 845 sine
792 789 934 866 pectore.
979 779 1018 844 Di
1041 778 1098 846 tibi
1121 778 1269 855 sormam,

336 964 385 1014 ΕΡ.
404 963 446 1012 lv.
466 959 490 1012 4.
509 961 676 1022 iuter-reptem
692 959 712 1008 E
729 960 757 1008 et
773 969 842 1007 corr.
856 956 883 1016 (4,
902 959 932 1007 C.

273 1131 394 1182 dantur.»
412 1130 474 1179 Aen.
494 1127 557 1178 «ilic
570 1127 623 1186 444,
643 1125 688 1187 qui
700 1125 726 1176 in
737 1137 796 1190 par·
834 1126 940 1175 ruisset.
970 1125 1098 1176 Ceterum
1109 1127 1241 1190 integrum
1253 1130 1279 1176 et
1289 1139 1346 1176 eau-

270 1208 342 1259 tibus
360 1205 444 1256 Cassii
461 1206 488 1253 et
510 1203 582 1252 Bruti
606 1199 727 1252 tribunus
745 1202 797 1250 mi·
835 1198 928 1249 didum
949 1198 1067 1250 iudicem
1088 1213 1118 1251 se
1140 1201 1252 1266 praebet
1271 1201 1346 1251 liora-

270 1282 346 1334 litum
367 1293 430 1330 curn
451 1278 558 1328 lloratio
576 1275 711 1337 militavit,
736 1276 797 1338 qui-
834 1276 886 1324 tius
910 1275 990 1325 etiam
1015 1276 1042 1324 in
1059 1287 1105 1333 eo.
1131 1275 1206 1338 quod
1225 1276 1344 1333 Cassium,

270 1357 322 1408 bus
338 1353 415 1404 victis
431 1352 549 1402 Athenas
567 1363 596 1400 se
614 1349 734 1400 contulit.
764 1350 794 1410 Q.
834 1350 970 1400 Octaviani
990 1349 1128 1399 inimicum
1148 1353 1176 1398 et
1197 1349 1231 1400 ab
1247 1351 1296 1399 hoc
1310 1349 1346 1398 in-

269 1431 356 1480 Varus
368 1426 403 1477 ab
420 1427 537 1490 Augusto
557 1425 668 1484 missus,
687 1426 717 1473 ut
733 1435 796 1472 eum
834 1423 989 1484 4444444444,
1015 1425 1153 1487 tamquam
1169 1426 1275 1488 poetam
1294 1422 1346 1472 lau-

270 1503 446 1562 interficeret,
465 1499 619 1550 studentem
637 1497 757 1562 repperit
770 1499 797 1547 et
833 1498 887 1548 dat.
908 1498 1000 1560 (Cassii
1012 1498 1120 1546 Bructeri
1130 1499 1262 1547 memorat
1272 1497 1345 1546 tarro

270 1578 410 1644 perempto
431 1586 464 1624 eo
486 1573 612 1623 scrinium
635 1585 697 1621 cum
720 1569 796 1621 libris
834 1573 861 1621 L.
875 1573 903 1621 L.
918 1572 947 1634 6,
967 1573 991 1621 7.
1022 1571 1346 1635 Eiusdemquilerturtlu

269 1651 335 1704 tulit.
355 1648 428 1702 Unde
440 1644 514 1698 multi
527 1645 700 1696 crediderunt
710 1645 797 1707 Thye·
828 1647 920 1707 4444444,
935 1658 1015 1709 quem
1028 1646 1055 1694 h.
1068 1645 1086 1695 l.
1097 1646 1267 1695 inseruerunt
1276 1647 1346 1694 Geor*

268 1730 338 1777 stem
356 1724 440 1775 Cassii
452 1722 604 1772 Parmensis
616 1721 708 1770 luisse.
728 1719 797 1769 Scri·
832 1722 890 1784 gius
919 1719 1071 1781 Fabricius,
1102 1721 1171 1780 Fea,
1202 1716 1345 1769 Bruuuhard

267 1802 359 1865 pserat
383 1799 455 1849 enim
478 1795 574 1848 multas
597 1793 662 1846 alias
688 1797 795 1856 tragoe—
833 1797 895 1855 444,
920 1794 1084 1844 subditivum
1101 1795 1143 1843 est
1164 1789 1343 1859 ποιημάτων,

267 1875 350 1926 dius.»
381 1876 468 1923 Aenon
491 1874 518 1921 et
540 1873 633 1921 Purra.
662 1869 744 1932 (Quae
762 1881 795 1917 ex
832 1869 1010 1933 compositum
1035 1867 1069 1917 ab
1094 1869 1210 1918 Antonio
1233 1866 1345 1930 Thylesio

266 1949 352 2000 veteri
375 1949 401 1996 et
426 1944 518 1995 illustri
544 1944 614 1994 lama
637 1943 708 1994 dicta
732 1954 792 1992 esse
831 1942 943 2008 (4444444)
966 1941 1143 2002 Consentino,
1171 1945 1274 1992 mortuo
1298 1943 1345 1992 eir-

266 2022 357 2073 statuit
384 2019 522 2069 Weiehert
549 2017 583 2068 de
610 2017 701 2067 Cassio
727 2019 794 2066 Par·
831 2019 898 2070 citer
922 2030 946 2067 a.
972 2015 1044 2066 teas.
1074 2016 1141 2066 Vide
1166 2017 1300 2067 Weichert
1319 2028 1343 2079 p.
1435 2018 1436 2033 ¹

266 2096 353 2147 mensi
366 2107 392 2158 p.
406 2093 469 2142 nui:
489 2093 529 2142 «si
540 2091 746 2141 discesserimus
757 2089 792 2140 ab
831 2092 898 2156 ise.)
928 2091 1005 2153 Quod
1028 2089 1146 2141 nonnulli
1168 2092 1288 2142 Cassium
1307 2104 1346 2139 re·

266 2183 320 2220 uuo
338 2169 388 2218 isto
406 2179 497 2217 errore
510 2165 544 2216 de
561 2165 676 2228 Thyeste
691 2165 793 2226 tragoe-
830 2165 961 2232 prehendi
978 2163 1012 2214 ah
1031 2165 1138 2214 iloratio
1155 2164 1199 2215 vel
1217 2166 1266 2215 hoc
1280 2165 1345 2214 certe

265 2244 309 2295 diu
334 2255 385 2307 per
409 2240 508 2289 Varum
535 2239 624 2288 lurtim
650 2236 738 2288 ablata
764 2239 794 2288 et
830 2240 882 2291 dici
911 2239 1120 2291 contenderunt:
1150 2239 1298 2290 «scnhisne
1321 2240 1345 2286 tu

266 2319 364 2370 edita.»
391 2314 444 2366 Sed
462 2313 495 2364 de
514 2314 566 2363 tota
579 2313 793 2363 hucnarratiun-
830 2307 913 2380 opus',
944 2315 1016 2380 quod
1044 2315 1168 2364 4444444444
1194 2327 1243 2364 sua
1267 2311 1346 2363 vincat

265 2391 325 2444 cula
342 2389 495 2442 conteratur
516 2388 647 2452 imprimis
668 2387 793 2438 Welcker
830 2391 911 2440 etiam
927 2391 1002 2440 vasta
1015 2389 1099 2439 Cassii
1116 2387 1275 2452 opuscula‘i»
1291 2385 1345 2437 inde

265 2465 355 2532 suppl.
370 2463 426 2514 Vol.
440 2464 470 2513 V.
485 2463 513 2513 T.
527 2464 569 2512 ill.
583 2476 610 2526 p.
625 2461 697 2514 itot.
724 2463 793 2513 Cou-
830 2465 979 2526 anemeel,
993 2463 1066 2527 quod
1077 2463 1150 2513 hunc
1160 2464 1281 2514 Cassium
1292 2465 1346 2512 Pae

265 2541 392 2593 fuderunt
402 2550 467 2590 sane
480 2535 642 2587 scholiastae
655 2538 684 2599 ο.
697 2536 793 2588 ianm
830 2551 953 2590 mensem
978 2537 1157 2588 contuderunt
1179 2551 1242 2589 cum
1263 2536 1345 2588 Cassio

265 2619 292 2670 et
308 2617 336 2666 4.
352 2613 464 2666 Varium.
493 2611 534 2662 Ab
553 2611 663 2661 neronis
682 2611 710 2660 et
725 2613 792 2661 Por-
829 2615 956 2675 Etrusco,
982 2611 1052 2663 malo
1070 2615 1149 2676 poeta
1168 2615 1196 2664 et
1213 2609 1345 2682 πολυγρα-

263 2689 401 2757 phyrionis
418 2685 529 2737 scholiis
547 2698 580 2736 ex
597 2687 673 2749 parte
688 2685 792 2734 discre-
828 2685 963 2754 φωτάτῳ.
993 2687 1047 2736 Sat.
1061 2687 1092 2748 4,
1112 2686 1157 2748 to,
1178 2688 1206 2737 et
1228 2699 1269 2751 sq.

262 2768 310 2831 pat
335 2763 376 2824 id,
403 2761 476 2824 quod
503 2757 612 2810 exhibet
638 2758 727 2809 Codex
754 2759 789 2808 E:
861 2762 921 2813 44,
938 2761 1051 2824 44444444]
1065 2760 1193 2812 :infixum
1206 2758 1345 2824 cogitationi

264 2841 331 2889 44444
350 2839 391 2888 444
408 2836 529 2894 Cassius,
557 2834 602 2897 qui
627 2834 654 2882 in
672 2831 791 2897 partibus
828 2835 863 2886 de
880 2835 992 2901 pulchro
1009 2836 1037 2885 et
1052 2835 1180 2896 honesto,
1200 2835 1234 2886 de
1250 2836 1300 2884 vita
1314 2829 1345 2880 ad

263 2913 336 2963 Bruti
352 2913 445 2960 contra
463 2911 612 2971 Augustum
629 2920 692 2957 cum
709 2908 793 2957 llore-
827 2909 1011 2975 philosophiae
1028 2911 1174 2974 praecepta
1189 2909 1346 2960 conlorman·

262 2987 299 3036 tio
317 2983 445 3034 militavit.
474 2982 527 3031 Sed
538 2982 610 3030 victo
620 2981 701 3030 Bruto
711 2979 792 3029 ntne-
829 2985 889 3035 da.»
918 2985 1075 3036 Maeslitium
1100 2987 1214 3048 propter
1234 2992 1345 3034 amorem

264 3072 312 3110 nas
337 3059 409 3121 fugit.
449 3058 479 3117 Q.
502 3057 586 3106 Varus
612 3055 646 3106 ah
672 3058 790 3119 augusto
828 3058 945 3122 aliquem
966 3057 1097 3109 iulelicem
1120 3056 1205 3108 veluti
1225 3056 1344 3120 Glycerae

262 3135 362 3185 missus
378 3133 408 3181 ut
425 3143 488 3180 eum
507 3129 681 3190 interficeret,
704 3128 791 3193 philo·
830 3134 929 3198 (Odi,
948 3133 1010 3196 its),
1030 3136 1060 3183 ut
1075 3131 1211 3197 explicant
1227 3127 1343 3188 nonnulli,

263 3207 372 3272 sophiae
396 3204 550 3255 studentem
571 3205 690 3268 repperit
707 3205 735 3254 et
758 3218 791 3254 eo
829 3223 863 3259 ne
880 3207 964 3258 verbo
981 3207 1091 3270 quidem
1109 3206 1250 3270 significat.
1270 3234 1296 3242 —
1307 3215 1345 3253 44·

262 3282 404 3346 perempto
428 3279 525 3329 scrinia
549 3279 606 3329 eius
627 3291 690 3329 cum
715 3278 790 3329 libris
825 3283 908 3347 piare]
926 3284 956 3332 ut
971 3273 1068 3352 ἕρπειν
1079 3284 1107 3331 44
1117 3277 1344 3352 ἑρπίζειν,ἰ4444

263 3355 333 3418 44444,
351 3355 395 3405 uhi
410 3354 505 3404 multoe
516 3353 662 3418 4444444444
676 3353 792 3404 inventae
829 3361 903 3408 certo
915 3355 1024 3407 coneilio
1036 3357 1064 3406 et
1080 3357 1157 3406 tardo
1174 3359 1282 3408 incessu
1292 3366 1345 3419 pen

262 3435 334 3492 4444,
361 3432 428 3480 inter
452 3441 517 3491 quer
543 3429 635 3478 Orestis
659 3432 682 3478 44
711 3428 790 3489 44444-
828 3429 979 3491 ambulare,
997 3431 1167 3481 4444444444.»
1188 3456 1216 3468 -
1235 3424 1344 3488 suum}

262 3508 314 3556 etis.
347 3506 414 3554 444444
429 3503 503 3553 multi
518 3504 792 3566 medidemnttraqoe-
827 3506 939 3568 propter
963 3504 1044 3567 iriqus
1069 3509 1217 3568 aeremque
1245 3512 1343 3570 purum·

262 3581 333 3631 44444
350 3578 382 3628 ab
399 3591 428 3628 44
444 3579 624 3640 compositam,
642 3589 707 3638 quoe
728 3577 791 3626 Ore-
829 3579 882 3630 cir.
900 3580 965 3643 Epp.
983 3580 1013 3640 2,
1036 3580 1065 3640 2,
1090 3579 1131 3628 77.
1160 3577 1278 3629 Tibullus
1293 3577 1344 3638 ipse

261 3655 306 3703 4444
322 3653 421 3702 nomine
437 3651 607 3701 immittam
623 3651 790 3713 -oporcutoJ
828 3652 863 3702 de
873 3651 943 3713 444,
963 3651 1008 3712 43,
1028 3652 1345 3716 ersteeqoseerotispoe

262 3725 589 3786 Sunteurminaminora‚
608 3723 743 3786 hocloco,
762 3726 793 3774 ut
827 3739 883 3776 4444
907 3726 967 3776 4444
989 3727 1074 3776 uiuere
1096 3727 1180 3788 444444,
1208 3727 1265 3789 Qua
1280 3721 1345 3772 44444

263 3800 474 3850 consentaneum
498 3801 553 3860 est,
581 3799 710 3863 imprimis
735 3797 792 3848 ele·
827 3801 1108 3851 hwuuuoaitoiotn'to
1120 3802 1191 3864 pede.
1205 3798 1345 3861 -44444444

262 3875 337 3939 glae,
367 3871 598 3936 quemadmodum
626 3873 697 3937 apud
724 3871 789 3923 Plin.
827 3873 947 3938 4444444]
969 3875 1055 3940 Saepe
1078 3875 1147 3926 haec
1167 3874 1222 3924 duo
1243 3871 1345 3923 coniun-

262 3947 373 4014 lippe,
391 3947 440 4006 at,
459 3945 487 3996 i:
507 3947 689 4008 hiber·lmeus‚
708 3959 791 4010 quem
827 3950 879 4012 git:
897 3950 1008 4014 Eppl,
1027 3952 1055 4010 7,
1073 3951 1115 4000 22.
1147 3951 1192 4010 46,
1212 3948 1253 3998 73.
1278 3943 1343 3997 44)·

261 4021 397 4082 recitavi,l
418 4019 792 4084 (uoetopuseaooarierot
827 4022 885 4074 stu.
913 4023 1204 4085 cremendam,
1224 4017 1346 4072 62:110oe

261 4095 357 4146 metris.
379 4092 532 4146 Mmodum
544 4107 608 4157 ergo
620 4095 727 4146 luerunt
738 4093 791 4145 ele·
827 4103 862 4147 444
877 4098 923 4147 illu
935 4099 1075 4160 pernicior,
1099 4099 1166 4160 quod
1181 4097 1247 4145 44444
1261 4094 1343 4149 honor,

262 4171 396 4234 gentiano
413 4170 537 4228 venusta;
557 4167 671 4233 alioquin
690 4171 725 4229 is,
745 4170 790 4232 qui
826 4172 890 4222 44444
905 4173 1028 4234 monus
1046 4172 1198 4222 4444444444.
1229 4167 1342 4219 &udam

264 4261 298 4301 ea
323 4249 492 4312 superasset,
519 4244 627 4297 laudem
651 4259 704 4297 non
730 4258 790 4297 me-
825 4247 895 4296 vitae
912 4246 1055 4308 rationem,
1074 4257 1156 4309 quam
1172 4243 1231 4306 ipse
1248 4249 1342 4303 seque-
