2925 4892
249 282 290 345 5ss
626 280 755 329 llOllA’lll
772 278 954 329 SA'l'lRAllUbl

249 438 283 504 Si
306 436 403 503 modo
426 436 518 524 plura
540 434 616 501 mibi
638 435 836 509 bonasunt,
860 432 1003 506 inclinet,
1027 434 1127 498 amari

250 559 282 625 Si
305 557 407 624 volet:
430 556 490 623 bac
512 556 584 643 lege
608 558 639 622 in
661 556 778 621 trutina
800 564 938 642 ponetur
953 554 1079 621 eadem.

250 680 327 758 Qui,
352 699 393 744 ne
416 677 585 745 tuberibus
608 678 748 765 propriis
771 675 914 743 ollendat
936 676 1090 750 amicum,

249 798 407 873 Postulat,
433 799 576 887 ignoscet
598 798 744 865 verrucis
767 796 870 875 illius3
895 818 1037 885 aequum
1059 807 1123 871 est,

249 920 394 987 Peccatis
417 920 545 987 veniam
567 928 758 1008 poscentem
779 917 919 985 reddere
943 938 1067 983 rursus.

250 1032 414 1129 Denique,
439 1050 599 1129 quatenus
622 1039 727 1107 excidi
749 1040 878 1127 penitus
899 1039 1012 1105 vitium
1033 1041 1118 1115 irae,

252 1163 366 1229 Cetera
391 1164 467 1227 item
489 1172 657 1249 nequeunt
677 1160 781 1227 stultis
803 1160 985 1238 haerentia,
1010 1182 1069 1227 cur
1090 1180 1155 1225 non

251 1282 453 1349 Ponderibus
477 1281 682 1370 modulisque
705 1281 773 1347 suis
796 1280 878 1347 ratio
901 1281 1013 1358 utitur,
1037 1302 1076 1347 ac
1099 1302 1153 1347 res

318 1499 359 1549 7⁴.
378 1500 418 1548 72.
437 1499 545 1549 inclinet.
572 1498 662 1548 Amori
678 1500 699 1547 si
715 1498 842 1547 calethac
859 1497 924 1559 teqo,
942 1498 970 1545 ia
987 1496 1123 1547 Heindorf.
1139 1521 1165 1531 -
1185 1496 1225 1547 ii.
1238 1498 1311 1560 iqno-

285 1578 338 1623 scat
355 1574 374 1623 B
392 1576 420 1623 et
436 1585 506 1622 corr.
525 1571 559 1633 b,
577 1574 643 1623 item
660 1572 721 1623 LCt.
758 1573 798 1633 (Ut
814 1584 876 1630 nos,
896 1570 978 1634 Scdp,
998 1570 1213 1620 Bentleianorum
1231 1584 1310 1620 «rne-

285 1646 344 1771 1³33
345 1648 490 1784 1,ιῐίἰῑιὲοτφιθ
512 1660 589 1711 parsu
609 1648 635 1697 el
656 1659 754 1697 norem
772 1646 906 1706 Pollioni.)
927 1672 953 1681 -
972 1645 1013 1694 76.
1032 1646 1152 1705 quatinus
1167 1644 1194 1693 d.
1215 1672 1242 1681 -
1261 1659 1311 1695 oa-

254 1906 358 1957 datium
374 1906 525 1969 iungendos
542 1906 782 1957 cumrerboincti-
818 1909 906 1956 crates
929 1906 1005 1957 blein.
1031 1907 1073 1955 ΙΙΙ.
1092 1918 1119 1970 p.
1139 1905 1199 1955 368:
1229 1906 1263 1956 Τι’
1287 1902 1349 1975 γὰρ

253 1985 302 2029 net.
324 2008 352 2016 -
371 1982 457 2029 amri
476 1982 497 2029 si
516 1981 592 2042 volet]
612 1983 693 2044 Magis
713 1994 780 2031 con·
809 1974 933 2040 Ἕχθιον
949 2008 964 2019 -
981 2009 996 2018 -
1013 1974 1035 2045 ἢ
1050 1976 1104 2045 τὴν
1126 1973 1217 2045 ἀμίδα
1232 1982 1347 2051 φέρειν,

254 2054 332 2103 cinno
344 2054 430 2103 etiarn
446 2056 556 2118 propter
571 2068 698 2106 versuum
715 2069 781 2106 cou-
819 2053 948 2118 (servulus
966 2054 1089 2117 loquitur)
1108 2048 1180 2123 ὁρᾶν
1199 2069 1230 2103 τε
1246 2056 1349 2119 κείμε-

253 2126 520 2177 lormationemhaec
537 2129 719 2193 superioribus
736 2130 782 2180 ad·
818 2144 870 2189 va,
896 2122 1022 2218 ’Ἅμῃας
1053 2124 1238 2199 ἡμιβρώτους
1264 2124 1351 2198 ὀρνι-

255 2203 398 2250 nectuntur
417 2214 499 2263 quam
518 2204 706 2266 sequentibus,
728 2218 781 2267 qua
817 2200 884 2253 trad
900 2216 940 2260 τε,
960 2202 1007 2253 siv
1024 2198 1091 2253 oica
1108 2201 1282 2264 λειφθέντων
1292 2204 1350 2254 θέ-

254 2275 356 2325 ratione
369 2276 449 2325 etiam
467 2278 597 2327 sententia
612 2276 780 2328 obscuratur.
817 2292 868 2342 μις
885 2272 979 2343 δούλῳ
996 2282 1115 2343 φαγεῖν,
1133 2270 1187 2340 Ὣς
1203 2292 1294 2338 φασιν
1311 2279 1353 2327 αἱ

259 2375 286 2385 -
302 2348 350 2399 liar
373 2350 433 2415 leqe]
455 2351 521 2401 abac
541 2352 709 2413 condicione,
737 2356 780 2415 ut,
819 2356 967 2419 γυναῖκες,·
989 2353 1080 2403 iuven.
1099 2353 1127 2413 9,
1147 2354 1182 2408 5.;
1201 2354 1253 2402 Nos
1270 2352 1350 2401 cola-

256 2424 279 2473 si
297 2438 414 2487 aequum
431 2425 466 2475 de
484 2438 528 2476 me
546 2426 673 2478 iudicium
690 2428 780 2489 leciat,
815 2428 894 2489 pluam
921 2427 1055 2475 incutimia
1087 2427 1204 2476 tanmem
1231 2428 1351 2476 crustula

257 2510 307 2560 ego
330 2498 401 2549 idem
420 2499 454 2549 de
471 2498 514 2550 illo
533 2500 653 2551 luciam.»
818 2514 896 2551 remo.
918 2527 945 2537 -
959 2500 1078 2564 Labeone]
1097 2501 1164 2550 Cum
1182 2499 1349 2561 Scholiastis,

290 2572 389 2623 76-83.
421 2576 572 2635 uQuoniam
597 2576 706 2640 quidem
733 2590 782 2628 nos
820 2574 985 2635 Heindorllo,
1015 2576 1170 2625 Weicberto
1196 2574 1266 2623 buno
1291 2586 1349 2637 pro

257 2658 366 2707 omnes,
394 2662 462 2711 quos
483 2650 562 2701 Stoici
584 2654 692 2716 praeter
708 2650 782 2702 illum
820 2651 853 2700 ll.
865 2650 975 2699 Antistio
985 2647 1117 2708 Labeone,
1133 2646 1352 2699 celebratissimo

258 2732 337 2771 suum
350 2724 503 2787 sapientem
522 2724 686 2789 perlectum,
715 2724 783 2777 stul·
819 2726 911 2788 postea
929 2724 1004 2783 lCto,
1022 2724 1171 2784 incompta
1183 2722 1295 2772 libertato
1306 2723 1353 2774 in·

258 2796 299 2844 tos
311 2787 467 2865 (diiqqovaq,
487 2792 632 2862 ἠλιθίους,
650 2796 782 2861 φαύλους
820 2799 886 2861 signi
905 2797 1057 2859 (Tacsllnn.
1076 2796 1100 2858 3,
1123 2796 1184 2859 rs),
1202 2794 1351 2847 habemus,

259 2867 332 2916 Stob.
352 2868 406 2918 Ecl.
422 2872 505 2933 Phys.
519 2873 547 2931 i,
567 2872 601 2935 7.)
623 2885 719 2923 vocare
737 2886 783 2923 so·
820 2876 889 2923 Sane
907 2872 1078 2921 statuendum
1095 2872 1137 2920 est
1153 2871 1224 2920 hunc
1241 2869 1354 2919 Labeo·

259 2938 327 2999 lent,
354 2944 457 2992 avitiis
475 2957 584 3007 prorsus
602 2944 715 2996 liberare
733 2961 783 2998 uos
821 2960 884 2997 nem
910 2946 1054 2995 etiamtunc
1079 2946 1204 2994 iuvenem
1227 2943 1353 2995 necdum

260 3026 313 3063 nou
330 3028 488 3078 possumus,
511 3018 602 3080 quidni
624 3034 717 3071 voram
739 3036 785 3071 rn—
822 3021 941 3071 doctrina
958 3018 1049 3069 aliisve
1065 3018 1167 3069 meritis
1184 3016 1286 3068 clarum
1297 3018 1354 3069 ali-

259 3087 360 3137 tionem
378 3090 405 3138 et
421 3091 581 3153 aequitatem
598 3094 625 3143 in
640 3093 786 3146 diiudican·
822 3095 930 3160 quando
960 3096 1070 3159 propter
1101 3092 1186 3143 levius
1218 3092 1352 3144 delictum

260 3158 302 3211 dis
319 3174 351 3211 ac
368 3165 508 3226 puniendis
525 3165 636 3218 aliorum
648 3169 785 3220 erroribus
822 3184 931 3223 serrum
953 3168 1021 3218 adeo
1046 3181 1141 3218 severe
1166 3168 1290 3232 punisse,
1318 3172 1355 3219 ut

261 3235 418 3301 delictisque
430 3242 599 3303 sequimuri»
614 3270 641 3279 -
655 3246 785 3309 quatenus]
822 3258 906 3311 prope
923 3256 972 3308 pro
989 3245 1079 3293 mente
1095 3244 1174 3306 capto
1193 3241 1351 3292 baberetur.

261 3311 320 3361 Vid.
334 3312 367 3362 ad
381 3315 432 3363 Sat.
449 3316 474 3377 l,
494 3318 522 3375 l,
541 3316 581 3368 bl.
603 3344 630 3353 —
649 3320 784 3381 nappliciis]
823 3321 883 3370 Sine
907 3316 959 3367 ulla
981 3330 1062 3367 causa
1084 3315 1159 3366 multi
1181 3328 1243 3365 cum
1264 3315 1355 3365 Sebo-

262 3388 384 3450 «poenis,
409 3390 577 3453 etquidem,
603 3392 624 3443 si
642 3406 711 3458 opus
729 3396 783 3455 est,
822 3393 904 3443 liastis
929 3389 1082 3441 Labeonem
1107 3392 1218 3455 propter
1238 3390 1353 3439 nimiam

262 3462 467 3525 severioribus»
477 3468 677 3533 -tepidumqual
690 3470 785 3533 eatque
822 3466 974 3517 libertatem
991 3467 1019 3514 et
1030 3465 1226 3515 contumaciam
1244 3465 1270 3514 in
1283 3464 1353 3513 Cae-

262 3537 298 3587 ob
319 3537 347 3587 id
369 3552 457 3602 neque
478 3540 512 3591 ub
535 3544 600 3593 bero
618 3557 669 3594 nec
686 3557 702 3593 a
720 3558 786 3595 con·
823 3553 913 3591 sarem
923 3540 1095 3590 Octavianum
1111 3539 1173 3588 baie
1184 3538 1353 3601 gratificandi

261 3612 329 3661 vivis
352 3614 405 3661 iam
426 3616 600 3677 gustandum,
628 3618 677 3667 sed
701 3619 786 3669 servis
824 3627 905 3665 causa
921 3614 957 3663 ite
974 3612 1008 3663 ab
1027 3614 1134 3663 lioratio
1152 3615 1272 3663 notatum
1287 3624 1351 3662 esse

262 3683 493 3747 relinquendum.»
536 3692 708 3751 trepidumque
733 3705 786 3742 non
824 3688 922 3753 opinati
948 3690 1018 3737 sunt.
1058 3688 1190 3752 Spohnius
1217 3688 1353 3750 interpre-

264 3760 305 3806 est
322 3758 370 3808 nisi
387 3758 508 3812 fortuitus
520 3762 688 3814 librariorum
702 3778 785 3825 error,
826 3766 895 3814 tatus
921 3764 964 3812 est
990 3762 1025 3812 de
1047 3764 1077 3812 C.
1102 3763 1188 3812 Atinio
1213 3760 1350 3822 Labeone,

265 3834 340 3883 cuius
357 3832 444 3882 fautor
460 3836 510 3885 Fen
523 3836 646 3901 explicat:
667 3840 723 3890 «ius
736 3842 788 3891 tre·
825 3839 932 3889 tribuno
957 3836 1003 3900 pl,
1023 3839 1068 3899 qui
1093 3838 1198 3887 circiter
1216 3837 1352 3898 octoginta

264 3904 379 3967 mulum,
403 3912 649 3974 metuentium.»
674 3940 702 3949 -
720 3915 788 3979 tiqu-
824 3914 885 3962 ante
911 3912 987 3961 annis
1013 3912 1043 3971 Q.
1065 3910 1198 3963 Metellum
1224 3910 1353 3961 Macedo-

263 3981 343 4044 ricrit]
366 3979 486 4046 Plerique
510 3986 662 4049 tiqurrieir,
689 3988 738 4038 sed
758 3992 789 4038 ut
825 3989 913 4037 uicum
942 3986 976 4035 de
1005 4000 1068 4036 saxo
1096 3986 1208 4049 Tarpeio
1233 3984 1352 4034 deiicere

263 4056 366 4120 reliqua
384 4070 427 4107 vv.
441 4058 466 4107 in
484 4061 541 4109 urio
558 4060 669 4124 simplici
687 4076 703 4110 r
719 4065 788 4112 scri·
824 4061 954 4111 voluerat.
973 4061 1028 4110 Liv.
1041 4061 1108 4125 Epit.
1122 4061 1162 4110 59.
1177 4058 1285 4109 Bentleii
1298 4058 1353 4108 La-

264 4133 390 4183 bendum.
404 4132 455 4183 ,ld
473 4135 632 4186 sententiam
645 4136 713 4187 conl.
727 4138 787 4200 Epi·
825 4137 909 4186 tiemo
925 4139 967 4186 est
989 4137 1079 4186 rhetor
1095 4134 1150 4197 ille,
1174 4135 1220 4197 qui
1241 4135 1353 4195 Arrgusti
