2925 4892
673 878 695 941 1.

570 1072 799 1124 SUETOMH.

205 1322 242 1402 Q.
263 1320 417 1387 Honnrrus
438 1322 573 1402 Funcpus
581 1322 602 1405 ¹)
624 1320 805 1387 Venusinus
814 1322 851 1405 ²),
870 1330 961 1407 patre
977 1322 1023 1406 (ut
1036 1320 1107 1407 ipse
1122 1317 1228 1406 tradit)

137 1442 289 1509 libertino
297 1443 319 1528 ³)
343 1450 376 1509 et
398 1440 599 1508 exactionum
620 1444 817 1527 coactore⁴)‚
840 1452 875 1507 ut
896 1462 975 1508 vero
997 1440 1154 1507 creditum
1170 1452 1228 1520 est

138 1562 392 1639 salsamentario,
416 1536 547 1630 cumdii
563 1562 693 1650 quidam
710 1562 742 1626 in
758 1560 967 1629 altercatione
982 1561 1226 1649 exprobrasset:

139 1685 317 1764 «Quotiens
341 1705 401 1772 ego
424 1684 488 1749 vidi
512 1694 636 1771 patrem
658 1692 748 1748 tuum
770 1682 879 1750 cubito
902 1702 938 1749 se
959 1684 1225 1769 emungentem‘ir

135 1802 224 1871 bello
247 1804 461 1892 Philippensi,
494 1804 618 1871 excitus
641 1824 659 1869 a
682 1804 790 1871 Marco
811 1802 910 1870 Bruto
932 1804 1144 1890 imperatore,
1172 1803 1229 1869 tri-

135 1926 246 1993 bunus
268 1924 403 1992 miiitum
429 1926 577 2010 meruit⁵)
601 1924 761 2012 victisque
784 1924 929 2011 partibus
949 1925 1045 1991 venia
1060 1925 1230 2013 impetrata

135 2047 295 2133 scriptum
331 2046 553 2133 quaestorium
582 2045 796 2132 comparavit,
831 2066 870 2113 ac
903 2045 1007 2132 primo
1040 2046 1226 2123 Maecenati,

135 2166 257 2234 deinde
286 2168 429 2255 Augusto
458 2168 651 2244 insinuatus,
684 2186 749 2232 non
774 2164 973 2233 mediocrem
1003 2167 1035 2231 in
1057 2166 1227 2233 amborum

134 2286 278 2354 amicitia
300 2286 406 2355 locum
426 2288 536 2354 tenuit.
563 2288 734 2354 Maecenas
753 2299 954 2376 quantopere
978 2308 1052 2354 eum
1069 2286 1225 2365 dilexerit,

133 2408 215 2475 satis
237 2418 433 2475 monstratur
455 2408 507 2474 illo
531 2408 779 2496 epigrammate,
804 2408 858 2474 ubi
882 2408 1004 2495 inquit:

399 2570 450 2618 «Ni
468 2570 495 2618 te
513 2568 661 2619 visceribus
679 2570 761 2630 meis,
781 2569 885 2629 Horati,

399 2660 460 2712 Plus
477 2662 529 2711 iam
547 2660 638 2724 diligo,
657 2664 685 2711 tu
703 2664 779 2711 tuum
796 2659 916 2712 sodalem

283 2792 291 2819 ,
400 2755 495 2831 Ninnio
511 2754 603 2805 videas
620 2754 837 2818 suigosiorem;»
919 2802 924 2811 ,

131 2882 196 2953 sed
217 2882 317 2950 multo
339 2884 441 2970 magis
465 2882 632 2957 extremis,
656 2881 710 2948 tali
732 2882 774 2947 ad
790 2882 968 2969 Augustum
990 2881 1111 2969 elogio:
1138 2882 1222 2949 «Ho-
1294 2927 1297 2933 -

131 3005 206 3073 retii
228 3004 348 3083 Flacci,
378 3014 414 3070 ut
436 3004 515 3080 mei,
539 3023 663 3069 memor
684 3012 784 3069 esto.»
832 3006 995 3091 Augustus
1017 3004 1049 3070 ei
1070 3003 1223 3091 epistola-

132 3148 206 3193 rum
230 3125 370 3194 officium
392 3124 520 3201 obtulit,
544 3134 580 3189 ut
601 3124 663 3192 hoc
685 3124 726 3191 ad
742 3124 959 3193 Maecenatem
981 3124 1102 3211 scripto
1124 3126 1223 3212 signi-

131 3248 226 3316 fleat:
253 3249 350 3314 «Ante
370 3247 440 3334 ipse
455 3244 636 3313 scribendis
651 3245 796 3332 epistolis
812 3246 988 3312 amicorum
1004 3245 1220 3312 sufficiebam?

131 3388 221 3435 nunc
251 3367 519 3456 occupatissimus
547 3376 580 3433 et
612 3364 757 3433 infirmus
784 3366 950 3433 Horatium
978 3376 1124 3431 nostrum
1148 3387 1168 3431 a
1190 3376 1221 3433 te

132 3490 231 3577 cupio
255 3488 427 3556 abducere.
465 3488 577 3554 Veniet
599 3508 677 3573 ergo
700 3487 742 3554 ab
765 3488 825 3554 ista
850 3488 1022 3575 parasitica
1042 3507 1156 3554 mensa
1178 3487 1220 3554 ad

198 3722 214 3785 ¹)
236 3726 402 3775 praenomen
424 3725 501 3787 poeta
524 3724 581 3788 ipse
599 3724 697 3775 indicat
715 3725 768 3774 Sat.
789 3726 818 3786 Ξ,
837 3724 864 3785 6,
883 3723 939 3783 37.,
962 3736 1062 3774 nomeu
1079 3723 1127 3774 Od.
1147 3722 1174 3784 4,
1193 3722 1218 3783 6,

131 3805 173 3857 tt.
193 3806 259 3871 Epp.
272 3809 297 3867 4,
316 3806 359 3866 44,
376 3808 417 3867 t..
437 3819 587 3870 cognomen
604 3807 688 3872 Epod.
709 3809 755 3867 444,
773 3808 815 3859 ta.
834 3809 886 3858 Sat.
904 3806 930 3867 2,
949 3807 974 3869 4,
994 3806 1035 3857 48.

196 3887 284 3953 psat.
303 3892 328 3951 Ξ,
349 3891 372 3951 4,
391 3890 423 3943 34
440 3904 481 3955 sq.

196 3970 283 4033 Ι4844.
304 3976 327 4034 4,
346 3974 370 4036 6,
389 3979 414 4029 44.
433 3973 472 4026 tt.
492 3974 533 4025 46.
552 3974 617 4039 Ερρ,
637 3974 661 4037 4,
680 3976 721 4035 to,
741 3976 781 4026 20.

197 4056 286 4118 ⁴)Sat.
305 4057 328 4119 4,
347 4058 373 4119 6,
390 4056 431 4109 86.

197 4140 215 4202 ⁵)
233 4142 286 4192 Set.
305 4143 330 4201 4,
349 4141 374 4203 6,
392 4138 432 4191 ta.
450 4140 498 4191 Od.
518 4142 542 4201 2,
562 4140 586 4203 t,
606 4142 616 4190 4
637 4152 678 4205 sq.
