2925 4892
276 382 339 444 694
761 382 889 435 acanru

319 539 354 602 ln
375 538 484 603 vitium
506 536 595 603 ducit
615 534 730 623 culpae
752 536 837 623 luga,
864 538 890 601 si
913 547 1001 605 caret
1023 548 1102 605 arte.

319 658 487 725 Aemilium
508 658 596 724 circa
617 657 729 723 ludum
751 656 842 724 labar
864 678 947 723 unus
971 669 1004 724 et
1024 680 1151 746 ungues

318 780 480 866 Exprimet
502 788 534 844 et
556 777 668 844 molles
689 778 865 845 imitabitur
886 798 962 845 aare
984 778 1132 866 capillos,

318 898 428 967 Infelix
452 900 561 986 operis
582 873 724 975 summa,
749 899 826 986 quia
848 908 1094 985 ponere-totum

342 1060 382 1109 32.
399 1059 502 1121 sotrum
518 1059 734 1121 Cuninghamius.
751 1084 778 1093 -
791 1060 856 1107 imus
867 1070 929 1108 cum
940 1055 1015 1109 libris
1026 1057 1160 1123 plerisque
1172 1060 1253 1109 etiam
1266 1062 1332 1109 meis

308 1132 400 1183 LCtet
415 1132 607 1195 Dillenburger.
626 1133 699 1196 (ιιιιιι
714 1146 743 1196 η,
764 1144 807 1195 pr.
818 1129 864 1193 βλ,
883 1132 954 1195 Regii
970 1136 1097 1196 quattuor
1111 1132 1207 1197 aliique
1228 1134 1263 1197 (v.
1277 1136 1329 1183 Go-

310 1205 437 1267 nodium),
456 1208 567 1256 loannes
578 1205 780 1256 sarisberiensis
796 1206 823 1256 in
840 1206 924 1257 Praei.
938 1206 994 1256 Lib.
1009 1207 1050 1256 VI.
1064 1210 1092 1257 et
1108 1210 1168 1271 post
1185 1206 1332 1257 Bentleinm

309 1279 375 1330 Edd.
389 1280 444 1329 lere
456 1292 562 1337 omnes;
581 1282 611 1329 nt
622 1292 732 1330 sensum
749 1278 920 1344 patefaceret,
940 1280 990 1329 Fea
1007 1278 1135 1329 distinxit:
1154 1280 1224 1329 circa
1241 1280 1328 1329 tudun

277 1408 373 1460 surdas
390 1409 802 1461 utandasessemonet.-1n
839 1408 935 1459 talibus
947 1407 1060 1469 assolet,
1078 1409 1270 1459 diversissimis
1281 1408 1363 1461 modis

276 1483 366 1533 citium
382 1484 444 1547 eet]
464 1484 529 1544 «Qui
545 1484 608 1533 vitia
625 1482 745 1534 studiose
762 1485 803 1532 vi·
840 1485 1004 1546 interpretati
1021 1486 1099 1533 sunt:
1127 1484 1150 1546 t)
1169 1484 1292 1544 aimus„
1318 1498 1363 1533 no-
1447 1474 1448 1493 ³

278 1560 328 1617 tat,
353 1570 385 1607 eo
403 1558 460 1621 ipso
476 1558 587 1607 vitiosus
603 1556 673 1606 solet
688 1556 761 1617 deri,
780 1556 803 1607 si
840 1570 902 1607 man
919 1558 1071 1621 proprium
1095 1559 1120 1619 2)
1139 1556 1245 1607 umdus
1264 1561 1291 1607 et
1310 1559 1364 1607 iue-

277 1633 392 1696 propriis
413 1631 555 1681 virtutibus
572 1632 684 1695 poeticis
700 1634 801 1681 earet.»
839 1634 914 1695 ptus,
941 1631 1009 1681 adeo
1032 1634 1062 1681 ut
1084 1633 1147 1681 tunc
1164 1632 1265 1681 ceteris
1281 1633 1364 1683 omni·
1447 1626 1448 1653 ³

277 1707 388 1769 Dionys.
399 1705 531 1768 Langia:
543 1698 676 1767 ἄπτωτος
685 1698 804 1753 ὁἎπολ-
840 1704 891 1756 bus
900 1706 1119 1769 postponeretur;
1130 1724 1142 1750 s
1155 1706 1179 1767 3)
1190 1705 1364 1763 «obscurus»
1447 1716 1448 1747 ι

279 1778 398 1842 λώνιος·
426 1770 531 1849 --rip
555 1771 803 1850 οὖν”θμηροςᾶν
839 1778 977 1839 niodo,
997 1780 1025 1839 i,
1045 1780 1092 1829 it:
1118 1780 1226 1841 ιἰιιίριιιιι
1249 1781 1363 1835 citeron

277 1852 389 1919 psillos
406 1848 428 1918 ἢ
435 1848 622 1915 Ἀπολλώνιος
633 1852 745 1916 ἐθέλοις
756 1867 803 1919 ye-
839 1851 863 1914 i)
878 1851 1011 1911 «ultimus,
1025 1852 1097 1915 quod
1109 1854 1136 1902 ln
1147 1854 1201 1903 ima
1212 1858 1291 1917 parte
1301 1856 1365 1905 Circi

278 1929 395 1987 vindan
421 1931 476 1978 lam
493 1927 616 1992 exemplo
633 1927 803 1978 demonstra·
839 1924 981 1977 tabernam
1003 1938 1080 1975 suam
1106 1925 1250 1977 locasset.»
1282 1922 1382 1978 coss(
1447 1926 1448 1945 ³

183 2055 192 2069 ,
278 2004 384 2064 lamii,
411 2002 482 2052 haud
500 2002 639 2062 sulficere,
661 2005 692 2051 ut
708 2001 803 2065 aliquis
840 2002 919 2057 Cano.
946 1999 990 2050 lile
1016 2001 1094 2063 igitur
1110 2000 1260 2051 excellebat
1277 2002 1365 2065 utique
1447 1994 1448 2065 l

279 2078 305 2126 in
322 2090 375 2127 nna
390 2076 628 2141 dumtaxatoperis
639 2078 724 2141 parte,
744 2091 803 2128 ma·
840 2076 1141 2125 instatuarumsusrum
1151 2072 1366 2138 capillitio‚haud
1447 2082 1448 2129 ι

278 2152 349 2201 xime
382 2152 471 2201 minus
496 2151 640 2214 primaria,
676 2150 801 2211 excellat3
839 2148 908 2199 iacili
925 2149 1018 2212 capitis
1030 2150 1120 2212 parte,
1140 2151 1168 2199 et
1178 2149 1315 2211 unguibus
1326 2162 1367 2197 cx-

278 2224 361 2275 immo
378 2228 488 2274 cunctas
499 2237 586 2286 aeque
598 2224 730 2289 periectas
742 2238 802 2277 esse
840 2222 1001 2286 primendis:
1021 2226 1050 2272 ui
1067 2221 1164 2273 Plinius
1181 2223 1212 2272 H.
1227 2225 1260 2272 N.
1278 2223 1324 2284 ai,
1342 2222 1364 2273 8.

279 2300 412 2361 oportere.
840 2296 1017 2359 Pythagoram
1027 2297 1174 2360 Rheginum
1184 2298 1211 2345 ei
1220 2298 1366 2361 Lysippum

840 2372 950 2433 propter
967 2372 1018 2421 hoc
1037 2372 1126 2435 ipsum
1143 2371 1240 2421 eximie
1260 2369 1364 2420 laudat:

310 2446 416 2496 32-37.
442 2447 574 2496 Aemitiren
591 2462 612 2497 c.
631 2446 731 2510 tudun]
758 2447 804 2498 Est
841 2442 889 2494 sed
907 2444 979 2493 idem
995 2446 1022 2493 in
1040 2444 1236 2507 opaissurnmd
1257 2445 1365 2508 (siquis

269 2521 357 2586 ¹ludus
382 2519 551 2583 gladiatorius
575 2520 610 2571 ab
627 2520 738 2571 Aemilio
753 2522 804 2571 Le·
841 2520 924 2567 totam
941 2519 1122 2581 operumeius
1136 2518 1365 2583 lormamspecia-

277 2597 341 2660 pido
359 2596 529 2656 constitutus,
553 2595 642 2658 «quod
659 2608 730 2644 nunc
752 2596 804 2644 Po·
840 2592 888 2653 ret)
908 2590 995 2641 inielix
1007 2593 1035 2641 el
1048 2592 1261 2656 reprehensione
1274 2593 1365 2655 dignus

277 2668 366 2732 lycleii
379 2668 504 2719 balneum
515 2668 802 2720 est.·Ponru.Lucium
841 2667 906 2717 erat.
934 2668 1011 2717 «Non
1028 2668 1092 2717 satis
1108 2668 1179 2727 est.»
1198 2669 1299 2731 inquit,
1320 2670 1365 2715 «ιιι
1447 2664 1448 2735 t

278 2744 418 2794 Aemilium
436 2743 565 2806 Lepidum
587 2743 706 2793 nominat
722 2743 803 2791 Lam·
840 2752 893 2789 una
909 2738 1027 2791 alterave
1045 2754 1107 2805 pars
1126 2742 1259 2805 poematis
1277 2740 1364 2792 excal—
1447 2736 1448 2777 i

279 2820 372 2878 binus,
399 2818 490 2867 nescio
508 2817 589 2866 unda.
623 2818 651 2867 P.
671 2817 761 2867 Victor
777 2817 804 2865 in
839 2811 888 2873 lat,
916 2813 965 2863 sed
982 2816 1037 2863 tota
1053 2814 1110 2863 eius
1128 2816 1288 2878 compositio
1306 2828 1364 2881 per·
1447 2808 1448 2829 ²

276 2892 477 2955 Regionevlll.‚
490 2889 578 2950 idest,
594 2892 661 2939 Foro
673 2892 801 2950 Romano,
840 2888 908 2939 lecta
921 2900 981 2937 esse
994 2886 1102 2937 debet.»
1122 2889 1203 2938 Recte
1214 2889 1362 2940 Bentlains:

277 2967 366 3029 ponit:
387 2964 803 3024 recommunicare·
840 2960 926 3011 «Tolle
945 2960 1104 3012 vocabulum
1119 2974 1197 3023 wius,
1216 2965 1245 3013 et
1256 2968 1363 3014 senten·
1447 2968 1448 2981 ¹

276 3040 414 3089 uiaenrce.
434 3039 517 3085 Ludite
526 3037 652 3087 Ασιιιιιιιιι.
671 3039 803 3089 town·-
840 3038 902 3087 tiam
929 3037 1014 3100 ipsam
1039 3050 1092 3085 uua
1114 3048 1197 3100 opera
1214 3038 1361 3089 sustuleris.
1447 3030 1448 3033 '

276 3114 348 3162 licite.
363 3110 584 3160 transnataret.
599 3113 801 3163 mittanis.
840 3111 907 3171 Quid
933 3111 1004 3161 enim
1028 3112 1070 3160 est
1093 3112 1228 3173 Enprimer
1248 3111 1364 3177 usquc?
1447 3112 1448 3121 ’

276 3187 333 3237 loni
349 3188 411 3245 duo,
429 3184 531 3235 cum
546 3190 715 3235 ιιιινοαιονιιιιι
724 3188 801 3239 toene
840 3185 888 3244 Qui
906 3184 977 3235 scias
989 3198 1021 3235 ex
1035 3185 1100 3244 isto,
1120 3188 1208 3235 utrum
1221 3184 1324 3235 affabre
1337 3190 1363 3235 et

277 3261 418 3313 Nardinius
443 3262 523 3311 Romo
543 3261 629 3310 oniba
645 3261 676 3310 ll.
696 3276 724 3326 p.
743 3262 799 3313 ais.
840 3258 991 3321 eleganter,
1018 3271 1053 3308 an
1078 3271 1166 3308 crasse
1192 3257 1360 3323 illepideque.

276 3336 428 3400 suspicatur
442 3336 523 3384 totius
539 3333 659 3398 plateae,
686 3349 739 3385 non
757 3350 803 3387 so·
839 3347 872 3383 an
891 3333 1062 3382 mediocriter
1078 3334 1262 3395 expresserit?
1288 3334 1361 3396 Atqui
1447 3350 1448 3361 ι

276 3410 326 3461 lius
336 3411 400 3460 Ludi
408 3410 461 3459 hoc
470 3422 568 3459 nomen
577 3408 668 3459 inisse.
682 3436 709 3445 —
721 3410 801 3473 [aba]
840 3409 865 3457 iu
883 3406 1063 3471 exprimendis
1075 3406 1208 3469 unguibus
1224 3412 1361 3471 praestan-

277 3484 523 3547 aerarius.—unus]
536 3487 659 3548 «praeter
670 3489 801 3545 ceteros»
840 3483 902 3533 tiam
920 3482 1021 3531 artificii
1037 3481 1081 3532 hic
1098 3484 1305 3532 commemorari
1322 3480 1359 3531 sel

277 3558 388 3609 «meiius
408 3570 490 3621 quam
509 3557 604 3622 reliqui
624 3571 752 3619 omnes»
774 3562 803 3608 ut
839 3557 986 3606 sententiae
1003 3554 1117 3605 redditio
1129 3556 1211 3605 iidem
1224 3555 1300 3615 iacit,
1319 3555 1359 3604 ubi

277 3634 454 3696 Damasippus
474 3633 527 3681 Sat.
545 3634 574 3693 2,
592 3632 621 3694 3,
640 3632 686 3683 ii:
713 3634 803 3683 Hor-tos
839 3644 872 3680 ex
884 3630 998 3681 adverso
1010 3629 1296 3693 ponitinquibusdsm
1307 3643 1359 3680 con

276 3706 435 3768 effectorque
458 3708 542 3755 domm
561 3708 699 3756 manner
723 3722 802 3756 unos
839 3706 910 3769 poris
921 3704 1042 3769 partibus
1055 3704 1156 3755 formae
1168 3702 1356 3759 excellentiam,

276 3780 339 3828 Creu
358 3779 430 3828 locro
448 3792 548 3829 norunt.
579 3782 637 3831 Non
656 3781 799 3843 significat:
840 3782 873 3841 tv.
887 3778 938 3839 37.)
956 3780 1125 3841 Spectandum
1140 3778 1222 3841 sipris
1239 3778 1359 3829 occlusi-

277 3851 413 3915 antiquiss
423 3854 448 3903 id
458 3854 531 3917 quod
539 3868 633 3904 rursus
642 3859 750 3905 secutus
761 3859 802 3906 est
837 3867 932 3917 proque
942 3854 1060 3916 capitio.»
1077 3851 1296 3915 Dillenburgems
1306 3850 1359 3914 qui·

276 3927 407 3988 biintzer‚
420 3929 466 3989 qui
478 3940 532 3977 non
544 3930 628 3978 sensit
635 3930 687 3980 hoc
699 3943 723 3978 v.
737 3942 802 3979 onus
838 3927 901 3977 dem
919 3927 989 3977 houd
1007 3928 1116 3977 inscite:
1136 3927 1233 3976 «Recte
1247 3926 1358 3989 Porphy-

274 4012 324 4064 pro
341 4001 434 4063 obnata
449 4003 566 4063 positum
581 4005 673 4052 contra
691 4016 800 4053 omnem
837 4002 877 4051 rio
895 4004 923 4051 ct
939 4002 1043 4051 comm.
1057 4002 1100 4051 Cr.
1113 4001 1193 4049 ιιιιιιιιι
1210 3999 1291 4063 (quod
1304 4000 1356 4061 ipse

274 4088 379 4125 morem
406 4076 577 4127 Horatianum
611 4077 801 4127 incredibiliter
837 4076 973 4139 praetulit)
996 4088 1059 4126 eum
1081 4086 1157 4134 esse,
1182 4075 1228 4137 qui
1246 4076 1307 4123 tunc
1323 4069 1353 4119 ad

274 4147 409 4211 languere.
428 4148 481 4198 Sed
499 4151 643 4201 reiicienda
661 4154 703 4201 est
715 4153 801 4201 omni·
837 4151 918 4201 imam
943 4154 1047 4215 partem
1073 4148 1127 4199 ludi
1150 4147 1290 4199 tabernam
1310 4145 1355 4193 ha·

274 4236 308 4271 no
325 4222 390 4274 laisa
407 4221 487 4273 lectio
504 4225 581 4285 ιἰιιιιι,
608 4237 703 4288 quam,
725 4227 756 4275 ut
772 4226 799 4276 in
836 4223 936 4283 buerit,
956 4224 1095 4275 affirmant.
1123 4222 1165 4273 Sic
1183 4224 1257 4273 certa
1274 4230 1355 4271 enun-
