2925 4892
546 348 604 399 nm.
624 348 643 398 i.
678 348 747 399 sir.
765 350 809 399 ui.
1181 350 1217 415 54

141 503 248 590 Turpia
271 501 441 589 decipiunt
462 522 595 569 caecum
617 503 709 580 vitia,
732 506 906 571 autetiam
927 505 998 595 ipsa
1019 504 1101 575 haec

140 623 315 699 Delectant,
339 622 439 689 veluti
460 622 630 691 Balbinum
651 622 793 713 polypus
814 626 956 714 Hagnae.
1179 628 1222 695 10

140 743 251 811 Vellem
275 744 309 810 in
332 744 473 811 amicitia
494 745 542 813 sio
562 764 749 812 erraremus
770 757 804 813 et
829 746 880 813 isti

140 867 240 932 Errori
263 886 384 932 nomen
407 866 508 932 virtus
530 866 695 953 posuisset
716 866 898 934 honestum.

138 990 174 1053 lt
193 998 285 1075 pater
306 996 342 1053 ut
363 987 466 1075 gnati,
490 988 538 1055 sio
559 1008 620 1055 nos
642 987 814 1064 debemus,
838 989 933 1057 amici

138 1107 279 1195 siquod
302 1108 491 1185 sitoniam,
515 1129 579 1175 non
601 1108 760 1176 fastidire:
783 1108 969 1177 strabonem

136 1228 281 1317 Appellat
299 1239 429 1316 poetam
449 1238 557 1317 pater,
581 1239 614 1297 et
629 1230 770 1317 putem,
794 1230 878 1298 malo
898 1252 1019 1319 parvus
1182 1234 1225 1300 ta

137 1350 168 1416 Si
190 1350 242 1417 oui
266 1348 351 1417 filius
375 1361 439 1429 est,
462 1360 498 1417 ut
520 1350 685 1419 abortivus
707 1352 766 1419 tuit
787 1352 864 1419 olim

199 1557 241 1609 to.
260 1558 348 1621 Apnue
370 1556 489 1615 bonici
512 1558 573 1619 (non
594 1558 649 1621 BS).
671 1586 699 1595 -
723 1556 765 1610 is.
781 1558 863 1609 oirtaa
878 1572 968 1609 nomm
984 1573 1011 1623 p.
1032 1588 1059 1597 -
1078 1559 1118 1612 ta.
1136 1563 1194 1612 euti

169 1631 196 1682 d.
217 1659 246 1669 -
266 1630 307 1682 111.
322 1644 420 1693 paruos
434 1632 574 1694 Brutique
591 1632 731 1697 scriptura.

132 1819 222 1869 diotre
239 1814 356 1868 solent.»
390 1815 432 1866 Ad
448 1828 528 1866 usam
546 1828 571 1866 v.
582 1828 662 1879 prae-
677 1828 683 1883 p
698 1816 801 1880 donau
816 1817 942 1869 Prudent.
956 1818 1050 1869 Portet.
1070 1818 1110 1869 11.
1130 1844 1160 1857 -
1172 1819 1227 1869 oir-

131 1899 215 1943 orrtor
233 1892 282 1942 cir.
302 1889 387 1941 Plaut.
404 1891 480 1955 Capt.
499 1890 529 1951 2,
548 1889 578 1952 3,
598 1891 660 1942 too:
699 1890 748 1954 aaa]
775 1904 887 1942 «sensus
912 1892 992 1955 eius,·
1011 1892 1084 1956 qnod
1109 1906 1227 1957 aequum

132 1968 207 2017 arei
219 1966 339 2029 mun
351 1966 484 2027 praevorti
498 1964 564 2015 eolo.
597 1966 660 2017 Cist.
699 1964 858 2030 bonumque
882 1968 949 2018 est.»
975 1994 1003 2004 -
1026 1967 1157 2033 ροαιίαα]
1183 1970 1227 2021 Sto

132 2044 159 2101 5,
179 2043 208 2102 1,
226 2042 260 2091 8:
279 2040 413 2103 praevorti
428 2040 663 2089 lorrmmu'stre-
700 2040 755 2091 Cio.
774 2041 852 2091 Taso.
866 2040 937 2102 3,11,
956 2042 1003 2091 to:
1021 2043 1067 2103 aut
1081 2042 1229 2093 lusorem

132 2116 175 2165 tu
191 2116 253 2166 attis
270 2113 393 2165 mnibus.
409 2140 437 2149 —
449 2113 583 2178 damiani]
597 2112 662 2164 «iol-
698 2116 803 2164 mnu
815 2120 969 2177 pomm;
988 2116 1027 2166 sio
1040 2116 1151 2167 τιθέναι
1162 2110 1228 2168 ὀνό-

131 2189 200 2249 lunt,
218 2188 332 2239 latent.»
353 2216 380 2225 -
403 2188 532 2251 1111101411]
555 2188 661 2238 lucret.
698 2202 787 2253 ματα

132 2263 263 2324 1,1151;
289 2262 446 2313 riwenoais
467 2262 546 2325 ipitw
564 2274 664 2324 prunus
731 2262 821 2314 ta-io.
847 2268 877 2314 ut
891 2263 974 2328 pina]
992 2262 1077 2315 intell.
1097 2266 1135 2316 usi
1152 2266 1226 2331 quod

132 2339 276 2401 mpsim
297 2337 411 2386 uidem
434 2338 494 2387 Basa
514 2337 541 2385 in
559 2336 661 2387 auiae.
699 2338 735 2388 sit
750 2338 857 2399 vitium,
883 2352 937 2389 non
959 2338 1085 2391 fastidit.»
1104 2364 1133 2377 ·-
1151 2342 1227 2404 surt-

133 2438 160 2450 -
179 2411 327 2475 Balbinum]
346 2412 462 2475 Spohnio
485 2412 593 2461 auctore
617 2422 663 2461 ra-
699 2412 768 2462 utre:
792 2412 942 2476 maim]
969 2414 1008 2462 De
1030 2412 1117 2464 vocali
1133 2428 1147 2465 e
1163 2416 1225 2466 ante

132 2488 268 2537 eentiores
291 2487 453 2549 interpretes
472 2486 536 2535 satis
558 2486 662 2535 temere
699 2484 801 2536 litteras
815 2490 903 2536 sinon
915 2486 1045 2549 producta
1055 2487 1110 2537 vid.
1124 2488 1159 2537 ad
1170 2490 1225 2538 set.

131 2560 282 2623 intelligunt
299 2559 374 2609 del.
389 2559 472 2609 Caelio
483 2558 663 2609 Balbinouon-
700 2560 730 2621 1,
749 2560 779 2619 2,
804 2560 845 2609 ao.
866 2585 893 2596 -
914 2560 1022 2609 «Staio
1044 2560 1153 2622 dieitur,
1180 2562 1227 2625 qni

131 2634 189 2687 sule
206 2634 325 2685 suffecto
342 2647 367 2683 a.
381 2646 407 2682 u.
421 2646 445 2683 o.
459 2633 528 2694 itt„
547 2632 662 2684 conflato
700 2634 743 2683 est
758 2631 876 2683 distortis
894 2631 991 2690 ocutis
1011 2638 1102 2696 paetus
1117 2636 1225 2696 autem,

132 2708 174 2759 illo
192 2722 208 2758 e
226 2705 340 2758 oonsule
363 2707 504 2757 Fastorum
524 2708 552 2757 1.
571 2708 662 2757 Samio
700 2706 747 2768 qni
764 2708 807 2755 est
817 2704 900 2755 oculis
914 2704 1010 2755 ieviter
1020 2705 1158 2757 declinatis
1169 2709 1228 2758 oui·

133 2782 352 2842 etpotamo,
371 2794 453 2844 quem
464 2784 596 2832 memorat
606 2784 663 2846 Ap-
700 2793 754 2844 quo
776 2780 830 2830 huo
845 2781 927 2843 atque
949 2776 1011 2829 illue
1031 2778 1137 2831 tremuli
1154 2779 1228 2832 cele-

131 2859 229 2922 pianus
240 2856 272 2905 B.
287 2855 317 2905 C.
330 2854 360 2916 1,
376 2856 417 2905 oo.
437 2851 602 2921 ἐκφυγόντα
612 2856 663 2905 καὶ
700 2854 766 2903 riter
778 2852 947 2904 volvuntur·
972 2854 1057 2905 Gonu.
1070 2854 1149 2913 cnuo.
1168 2857 1224 2907 cio.

131 2925 315 2981 κατελθόντα
341 2929 392 2980 καὶ
422 2924 601 2981 ὑπατεύοντα
627 2924 661 2980 οὐ
701 2927 864 2989 (1911111,
883 2928 929 2978 29:
948 2928 1073 2979 111116οα11
1088 2930 1155 2981 deos.
1174 2932 1226 2981 lio-

132 3002 206 3056 ιολὺ
219 2998 354 3073 ὕστερον.
375 3002 514 3055 Balbinum
527 3004 663 3068 mendam
700 3015 777 3063 quot,
802 3002 892 3052 tinore
915 3006 970 3053 tum
991 3002 1169 3068 stratones,
1197 3011 1227 3056 ut

133 3080 346 3143 (Caesarianum)
369 3080 487 3129 nominat
510 3079 605 3129 Cicero
628 3076 663 3129 ad
696 3077 844 3139 paetulos
867 3090 917 3127 esee
942 3076 1121 3129 mamm?
1147 3080 1222 3132 mid.

132 3157 185 3205 itt
197 3154 244 3213 13,
260 3152 290 3202 ai
302 3190 309 3213 ,
323 3152 347 3201 ³.
366 3152 419 3202 Sed
429 3152 464 3202 de
476 3152 583 3215 Hagneo
592 3164 665 3201 ama·
700 3155 731 3202 Α.
749 3152 780 3201 Δ.
792 3151 823 3211 t,
841 3151 904 3200 aaa:
922 3152 951 3202 St
964 3157 1045 3214 paeto
1060 3158 1096 3203 eat
1107 3152 1223 3217 (puelia),

132 3232 191 3279 ture
211 3240 248 3277 ne
269 3224 432 3276 scholiastae
455 3225 564 3289 quidem
585 3225 664 3289 quid·
702 3227 790 3275 Veneri
805 3225 894 3275 omlis
910 3225 1047 3289 (vocetur).
1082 3227 1225 3288 scutetum

133 3315 218 3367 quam
243 3298 399 3351 attulerunt.
420 3300 582 3364 -potppiu1
608 3299 662 3351 Cir.
699 3299 850 3349 Bitnzter.
881 3298 1118 3363 (Aeapiervoss,
1137 3301 1227 3351 Glos-

133 3377 218 3441 Epoil
234 3376 283 3436 it,
296 3376 321 3425 5.
340 3374 441 3425 Eadem
453 3376 599 3437 quantitate
611 3374 664 3424 iam
701 3386 780 3437 uupe
795 3372 943 3433 ilirohner.)
954 3398 982 3408 -
994 3370 1123 3422 Similium
1135 3376 1225 3425 autem

136 3450 218 3501 Lucii.
232 3450 282 3510 29,
301 3450 343 3498 51.
362 3449 388 3499 in
406 3448 458 3498 fine
470 3462 577 3499 versus:
592 3448 665 3511 polp-
700 3441 945 3517 ὗποκοριαμάτων
971 3446 1084 3507 (lucret.
1105 3444 1135 3508 1,
1163 3448 1227 3499 itta

131 3538 182 3587 pne
196 3526 264 3587 ipsu.
300 3523 375 3573 ovid.
390 3522 502 3573 Halieut.
519 3522 566 3573 ³⁴:
590 3522 665 3583 Polu-
701 3535 762 3585 sqq.
775 3520 850 3571 ovid.
863 3519 893 3570 Α.
906 3522 938 3569 Α.
953 3520 979 3579 2,
997 3518 1046 3569 617
1058 3518 1129 3582 sqq.)
1145 3517 1227 3571 veluti

132 3612 182 3662 pra
197 3600 293 3649 lueret.
331 3594 666 3659 nPrimamsyiiabumLa-
702 3595 800 3645 inndns
811 3597 854 3645 est
867 3591 939 3658 apud
955 3592 1020 3643 Piat.
1034 3592 1069 3642 de
1081 3594 1146 3658 itep.
1159 3595 1183 3644 1.
1196 3607 1225 3659 p.

135 3674 182 3724 tini
202 3674 301 3737 po'etaa
324 3673 478 3723 constanter
497 3670 664 3735 producunt,
701 3669 759 3720 tit.
772 3671 804 3720 D.
819 3695 846 3706 -
856 3668 964 3731 maium]
982 3666 1140 3718 liiioitletn.
1159 3670 1227 3720 «An-

134 3746 272 3799 Aeolieam
289 3744 324 3795 iiii
341 3745 468 3805 formam,
487 3756 557 3807 quae
569 3738 665 3795 nullo-
702 3744 768 3806 tiqui
784 3754 914 3807 puerum,
933 3754 1015 3805 quem
1032 3742 1224 3805 quisamahet,

135 3836 191 3885 τος
207 3823 261 3881 est,
274 3821 429 3883 sequentes.
464 3817 570 3870 Fallitur
583 3818 666 3868 Hein-
698 3818 798 3880 puttam
809 3817 867 3868 aius
878 3816 1029 3867 dicebant.»
1050 3817 1151 3866 Faetus.
1170 3818 1227 3867 Hoc

135 3896 239 3948 dorfius
257 3894 292 3945 ad
309 3894 336 3943 h.
355 3892 389 3943 i.»
418 3893 539 3945 lisinelre
558 3893 663 3955 Fragm.
703 3904 929 3956 quoqueuomen,
941 3892 1120 3952 sicutPuetut,
1135 3892 1225 3953 Vmor,

136 3972 213 4022 Com.
225 3971 245 4020 1.
254 3982 281 4035 p.
290 3970 349 4019 236.
360 3994 383 4007 -·
394 3966 553 4032 liopnue1ab
565 3960 664 4034 ἁγνός,
702 3968 824 4027 somna,
834 3969 892 4016 erat
902 3966 1050 4030 proprium,
1063 3966 1114 4015 etsi
1124 3978 1225 4016 rarum.

137 4058 237 4095 nomen
260 4043 332 4094 haud
355 4042 512 4106 infrequens
535 4044 616 4093 etiarn
638 4042 665 4091 in
702 4041 730 4090 1..
741 4040 991 4090 irmiuoPuitruCos.
1002 4037 1120 4090 iniiau.
1130 4037 1225 4088 aot.-

138 4120 272 4183 inseripti.
302 4128 404 4169 anonis
419 4128 572 4169 consanam.
599 4114 666 4167 liul-
702 4114 839 4178 abortivam]
857 4115 933 4178 quusi
949 4115 1059 4177 propter
1075 4111 1228 4161 abortuma

138 4204 196 4243 aas.
223 4194 318 4245 Herm.
341 4190 409 4243 ieie.
430 4204 457 4255 p.
476 4190 534 4242 318.
570 4190 665 4254 Aaou,
703 4190 790 4239 matre
810 4187 910 4240 iactum
932 4198 1018 4237 nanus
1039 4185 1177 4237 evasisset.
1197 4206 1225 4220 -
