2925 4892
279 387 341 453 400
645 387 774 442 itonam
791 387 1012 444 armonian!

321 546 361 614 Ut
381 543 526 634 iugulent
547 544 709 624 homines,
733 557 870 634 snrgunt
890 545 933 612 dc
954 555 1049 612 nocte
1070 543 1226 614 latrones:

321 667 361 738 Ut
382 676 413 734 tc
435 668 541 756 ipsum
563 687 690 743 serves,
713 687 779 734 non
800 665 1063 755 expergisceris?
1087 667 1197 754 Atqui,

322 788 355 856 Si
378 787 469 856 noles
492 809 606 866 sanus,
631 809 745 856 curres
766 787 984 877 hydropicum
1006 796 1040 854 et
1060 787 1092 852 ni

345 1004 385 1056 32.
404 1003 527 1056 bominem
544 1003 607 1068 Ecp,
627 1002 727 1068 aliquot
744 1003 859 1055 Pottierii
876 1005 905 1053 et
921 1015 954 1053 ex
969 1001 1179 1068 «antiquioribus
1195 999 1326 1053 omuibus·

311 1077 455 1131 Bentleius.
483 1105 510 1115 -
537 1076 578 1128 33.
604 1079 651 1138 To,
669 1083 693 1128 te
708 1079 792 1140 ipsam
806 1083 835 1128 ot
850 1090 933 1129 mea
949 1076 1067 1129 malebat
1081 1075 1225 1129 Bentleius.
1245 1103 1272 1114 -
1288 1073 1326 1128 at.

311 1153 375 1204 notia
391 1153 418 1214 d,
436 1151 516 1219 βγζκ,
535 1152 595 1202 cti.
611 1177 638 1188 —
651 1164 723 1202 mass
740 1151 767 1211 d,
784 1163 856 1203 cerr.
873 1153 903 1214 ll,
914 1150 995 1219 βγζκ,
1012 1151 1056 1204 alii
1071 1151 1145 1204 haud
1161 1153 1238 1218 pauci
1255 1153 1327 1202 etiam

312 1228 439 1279 Pottierii.
460 1228 498 1292 (Ut
515 1239 575 1288 nos,
594 1225 648 1277 bSc
665 1229 692 1277 et
708 1239 750 1292 pr.
763 1226 803 1290 E.)

279 1437 313 1476 ax
329 1419 646 1489 ineptainterpolatlona;
665 1433 727 1472 nam
740 1433 805 1472 sen·
841 1421 920 1470 lnaao
937 1421 968 1472 da
988 1425 1058 1471 aecta
1073 1433 1169 1472 cnseo.
1198 1421 1272 1472 iiand
1287 1422 1354 1471 Tura.

279 1512 312 1552 su
343 1499 433 1560 caret,
467 1495 634 1560 deberetque
666 1509 743 1556 esse.
775 1496 805 1545 ut
842 1495 873 1545 11.
886 1506 914 1559 p.
927 1493 977 1545 iot
994 1507 1035 1558 sq.
1052 1521 1079 1532 -
1094 1495 1125 1545 llt
1141 1499 1166 1545 te
1180 1496 1262 1558 pm
1275 1492 1355 1556 mos]

279 1571 502 1632 Bentleiuavidit‚
521 1571 806 1622 eenontsnducmso·
842 1570 931 1632 Longo
960 1567 1046 1619 lenius
1072 1571 1154 1633 atque
1181 1569 1290 1620 amicius
1311 1569 1357 1618 boe

277 1661 378 1708 maan,
392 1646 487 1708 idest,
502 1646 673 1696 «morantem
685 1643 802 1705 allicere,
842 1645 884 1694 est
901 1654 983 1706 quam
998 1640 1109 1693 Bentleii
1126 1645 1258 1708 suspicio:
1276 1644 1321 1704 lo,
1336 1647 1357 1693 ts

278 1723 416 1772 invitare.»
445 1718 498 1770 ssd
520 1731 698 1784 quascunque
716 1719 805 1768 adbuc
840 1719 924 1780 ipsam
940 1723 968 1768 ut
983 1731 1079 1778 mer,
1096 1717 1357 1780 quaobabetetinn-

278 1797 441 1848 mutationes
463 1795 616 1859 propositae
634 1795 709 1854 sunt,
735 1794 804 1842 imn-
842 1791 916 1842 tilam
944 1791 1082 1856 quendam
1113 1792 1310 1862 παρένθυρσον
1334 1793 1358 1841 et

279 1871 345 1934 ginis
363 1871 532 1920 venustatem
549 1866 802 1931 pessumdederunt.
841 1879 939 1917 sonum
951 1867 1017 1916 mibi
1027 1864 1123 1917 saltem
1134 1867 1245 1918 minirum
1252 1868 1355 1930 gnum.

311 1945 352 1994 32.
382 1943 412 1993 Ut
434 1941 558 2006 luperissi]
585 1943 734 1992 «Latrones
759 1954 805 1991 ra·

277 2017 369 2082 piendi
395 2015 537 2080 cupiditate
554 2017 695 2081 tantopere
712 2016 805 2066 conci·
874 2014 964 2066 il-ii.
990 2015 1020 2066 Si
1040 2016 1109 2066 ades
1129 2017 1194 2078 oet]
1217 2015 1357 2067 &anniae

279 2094 384 2152 tantur,
412 2093 443 2140 ut
466 2101 560 2140 somno
589 2087 745 2153 posthabito
769 2089 804 2140 de
842 2090 882 2140 sic
898 2089 1071 2154 explicandae
1088 2094 1164 2141 sunt:
1189 2091 1282 2154 «Atqui
1297 2088 1358 2152 opti·

278 2167 357 2216 nocte
375 2167 484 2227 surgant
502 2165 528 2213 et
544 2163 579 2214 ad
597 2164 742 2214 homicidia
759 2177 805 2228 pa-
842 2177 886 2214 me
905 2166 960 2214 tute
977 2164 1044 2225 scis,
1062 2165 1085 2214 si
1102 2165 1225 2228 corporis
1241 2165 1359 2214 exordia·

278 2237 372 2290 tranda
389 2238 441 2288 iter
458 2237 577 2301 capiant;
604 2241 632 2288 tu
650 2240 756 2299 contra,
775 2239 805 2287 ut
842 2240 928 2289 tiones
945 2239 1106 2290 nuncnimis
1117 2238 1280 2302 neglexeris,
1297 2237 1359 2302 pert·

277 2310 398 2378 prociilli
411 2310 572 2374 Penelopes,
591 2311 732 2362 inmedlos
744 2311 806 2362 dor
842 2311 933 2364 culum
956 2312 1003 2363 tibi
1024 2314 1138 2374 instare,
1166 2327 1202 2364 ne
1227 2310 1358 2377 aliquando

279 2387 346 2438 mire
369 2384 427 2436 dies
449 2385 538 2450 pergis
561 2384 602 2437 vel
628 2399 691 2437 cum
717 2399 804 2450 aquae
842 2399 913 2451 aqua
938 2387 1068 2438 intercute
1093 2385 1217 2450 labores,
1243 2387 1358 2452 quocirca

278 2461 417 2514 intercutis
428 2458 546 2524 periculo
555 2473 643 2524 neque
655 2461 741 2525 prima
751 2459 803 2510 diei
842 2461 966 2526 prudenti
994 2459 1104 2512 consilio
1132 2475 1200 2514 usus
1232 2473 1358 2526 nunquam

278 2537 345 2588 bora
362 2547 481 2599 unquam
494 2537 720 2599 expergisceret»
743 2538 806 2586 Pro-
842 2535 900 2586 illas
927 2536 1092 2595 intermittis3
1122 2549 1220 2588 verum
1247 2534 1358 2588 similiter

277 2612 335 2677 prie
353 2611 425 2661 anim
443 2623 504 2660 eum
523 2609 638 2662 Obbario
661 2610 713 2660 hoe
730 2609 805 2660 clau·
841 2621 952 2674 prorsus
974 2609 1006 2659 ilt
1026 2610 1053 2661 in
1069 2609 1206 2661 moribus:
1233 2610 1282 2662 nisi
1297 2609 1358 2673 opii·

278 2686 352 2739 sulas
375 2683 529 2736 membrum
551 2683 738 2749 accipiendum
763 2686 804 2733 vi·
842 2685 893 2734 mis
910 2683 1062 2747 quibusque
1074 2683 1258 2750 philosophiae
1274 2686 1358 2736 aueto-

278 2760 371 2823 dctur,
391 2771 508 2824 quocum
526 2757 624 2808 deinde
642 2759 706 2809 satis
724 2757 805 2808 artili-
841 2758 915 2809 ribus
935 2769 1017 2822 saepe
1039 2757 1083 2808 vel
1104 2762 1168 2810 ante
1191 2759 1278 2820 dem,
1303 2769 1358 2808 cum

278 2837 351 2888 cisse
360 2835 542 2885 committatur
553 2834 683 2884 sententia
696 2831 804 2884 moralia
841 2845 920 2883 mens
944 2835 988 2884 est
1011 2846 1094 2897 quam
1118 2835 1237 2886 maxime
1258 2835 1356 2897 vegeta,

277 2922 303 2958 v.
321 2907 362 2958 at.
381 2907 457 2970 quasi
475 2920 508 2955 er
526 2907 639 2969 imagine
657 2905 698 2955 illa
716 2907 804 2957 dedu·
841 2909 941 2958 attente
968 2906 1062 2969 lectis,
1092 2921 1187 2961 aurem
1216 2910 1269 2960 iant
1294 2918 1357 2958 nuno

278 2985 330 3036 cta.
365 2980 413 3031 Alii
437 2981 549 3043 figurate
573 2982 721 3043 exponunt:
750 2982 803 3031 «Tu
840 2982 985 3046 praebebis
995 2995 1077 3035 varas
1088 2983 1230 3036 doctrinae
1241 2988 1269 3035 et
1283 2981 1357 3033 rebus

278 3057 371 3108 eontra
383 3056 494 3118 propter
502 3053 583 3103 animi
596 3057 735 3118 torporem
746 3067 804 3106 ces·
840 3059 961 3109 honestis
971 3070 1083 3121 operam
1094 3058 1185 3122 dabis,
1204 3059 1356 3117 socordiam,

278 3141 334 3184 aas¹
352 3127 399 3177 ubi
416 3126 488 3177 salua
506 3129 550 3177 tua
568 3120 749 3192 (εὐδαιμονία
760 3126 802 3179 illa
840 3133 1049 3197 propterquam
1066 3135 1093 3183 te
1110 3133 1259 3185 emendare
1282 3130 1357 3195 neqli·

278 3200 505 3270 philosophorum)
524 3201 645 3264 agitur‘ln
670 3228 698 3237 -
721 3203 804 3252 mmi-
841 3207 893 3270 gis,
919 3205 1010 3258 multis
1032 3209 1060 3256 et
1084 3195 1198 3271 magnis
1214 3209 1293 3260 animi
1315 3218 1358 3256 ae·

277 3277 328 3338 nea]
340 3277 473 3328 Numerus
485 3273 553 3339 plur.
564 3275 714 3326 eonomine
725 3288 804 3339 prae·
840 3282 943 3332 rumnis
963 3280 1106 3345 aliquando
1127 3280 1215 3333 lues.»
1245 3283 1299 3333 llac
1313 3292 1358 3330 no·

278 3352 343 3412 stat,
369 3349 443 3414 quod
465 3349 596 3412 significat
615 3345 684 3414 τοὺς
705 3349 803 3403 imra-
840 3358 896 3407 stra
912 3356 1129 3420 interpretatione
1147 3357 1231 3410 etiam
1253 3354 1357 3408 maniis·

277 3421 402 3488 χόντας,
432 3425 549 3489 primurn
573 3437 726 3489 quemque,
756 3427 802 3490 qui
840 3433 912 3482 stum
929 3430 973 3491 iit,
991 3443 1040 3480 cur
1055 3431 1136 3483 v.37.
1155 3434 1293 3496 scripserit
1307 3431 1356 3481 lle-

278 3499 423 3550 latronibus
441 3498 550 3550 obviam
572 3500 614 3560 fit;
642 3503 735 3551 eontra
756 3502 803 3551 bo-
839 3507 1075 3569 ratiuchmcar,
1093 3508 1358 3567 concasnomen

276 3576 369 3624 minem
385 3577 490 3624 certum
508 3572 639 3638 aliquem,
658 3588 741 3639 quem
753 3589 805 3626 ne·
840 3583 957 3632 tinuatur
973 3583 1045 3632 enirn
1066 3583 1164 3634 eadem
1185 3583 1355 3640 ratiocinatio,

278 3647 394 3698 candum
425 3649 618 3698 constituerint.
655 3647 744 3701 Alexis
775 3651 802 3700 in
840 3657 869 3706 et
884 3652 1127 3726 sapditqlasunt
1142 3658 1172 3707 Si
1187 3659 1258 3709 nolas
1272 3665 1356 3711 mi

277 3721 359 3770 Grotii
370 3721 492 3784 Excerpt.
505 3723 580 3784 Trag.
594 3735 621 3786 p.
632 3724 694 3774 bot:
708 3716 803 3788 Ὅστις
840 3731 910 3792 (tom
931 3730 1034 3780 laedant
1055 3731 1157 3783 ocutos·
1178 3736 1225 3783 et:
1254 3729 1358 3782 imas
1433 3782 1434 3787 ,

277 3788 412 3863 ἀγοράζει
428 3791 543 3858 πτωχὸς
560 3791 601 3845 ὢν
618 3791 699 3862 ὄψον
716 3796 801 3860 πολύ,
839 3805 968 3864 animam
984 3805 1013 3855 Si
1023 3806 1268 3867 qoidmmonmm
1284 3806 1318 3855 its
1331 3804 1357 3851 ut

278 3895 296 3956 '.
309 3893 325 3906 -
348 3865 563 3954 Ta‘pgnvoxsdr
588 3861 693 3935 οὗτος
718 3869 804 3936 τοὺς
839 3880 942 3929 interna
959 3876 1029 3930 mala
1045 3879 1089 3931 bis
1100 3884 1358 3946 comparenturcum

277 3957 536 4006 απαντωντας
567 3950 645 3996 ποιεῖ
669 3942 803 4010 rapacia
838 3952 965 4003 externis.
978 3954 1357 4006 Futurumnoleaeoniunctivo

277 4010 407 4082 ἅπαντας
423 4016 482 4069 κτλ.
495 4045 523 4056 —·
536 4019 654 4085 macru]
667 4035 707 4086 pr.
722 4035 801 4073 «curn
838 4025 881 4077 vel
891 4028 1003 4092 propter
1019 4030 1157 4092 sequentia
1174 4029 1264 4080 tutum
1277 4036 1358 4090 pontt

278 4105 330 4144 nox
346 4094 499 4144 etiamnunc
514 4097 567 4156 est,
587 4098 718 4146 nocturno
734 4100 802 4148 tem·
836 4126 867 4138 --
877 4101 1206 4165 intendaspraeierendum
1216 4114 1278 4153 essa
1288 4101 1356 4151 reete

277 4181 370 4233 pore.»
398 4169 503 4219 Terent.
519 4167 612 4232 lde,
630 4169 661 4232 3,
678 4171 723 4222 at:
750 4174 802 4223 Rata
838 4175 942 4224 monuit
962 4173 1103 4226 Obbarius.
1131 4175 1172 4226 Ad
1190 4189 1237 4226 vv.
1254 4177 1277 4225 ai
1294 4172 1357 4223 solas

276 4257 337 4296 cros
358 4257 415 4295 caan
438 4243 491 4310 titio
514 4241 555 4296 ibo
576 4245 661 4308 priano
686 4246 744 4298 tuci.
763 4248 798 4298 ll.
836 4247 984 4314 simplicius
1016 4252 1058 4302 est
1089 4249 1216 4315 supplere
1243 4261 1355 4310 wara,
