2925 4892
489 352 549 405 ΗΒ.
568 355 587 404 1.
622 352 721 405 uetat.
739 354 817 406 svn.

154 510 221 576 Neo
242 506 344 575 semei
367 507 480 573 irrisos
501 508 602 573 triviis
624 506 769 575 attollere
791 518 884 575 ourat

155 632 270 697 Fracto
292 648 388 697 44444
409 628 557 715 planum,
583 628 656 695 iicet
678 627 721 695 iili
745 628 884 717 plurima
905 640 1013 697 manet

153 751 315 825 Lacrima,
339 769 398 836 per
421 758 568 817 sanetum
591 750 713 816 iuratus
736 749 823 819 dicat
844 750 980 819 Osirim:
1161 750 1203 815 64)

154 870 303 947 Credite,
327 889 392 937 non
414 868 508 949 ludo;
532 869 696 947 crudeles,
721 869 821 938 tollite
842 870 1005 939 claudum.

154 992 284 1071 Quaere
307 991 529 1079 peregrinum,
556 978 674 1059 uicinia
694 1011 795 1059 rauca
816 991 978 1059 reclamat.

176 1161 218 1210 68.
237 1164 314 1210 oouto
329 1160 451 1211 4444444444
466 1157 611 1211 Markland.

111 1306 153 1358 tito
165 1308 261 1359 44444444
269 1310 312 1359 444
319 1302 413 1369 semel,
424 1320 487 1359 oum
496 1306 637 1369 attolleret,
674 1308 847 1359 urbanitatem
862 1312 886 1359 44
899 1308 1123 1359 nomenmodo
1134 1308 1203 1369 poti-

112 1384 210 1447 qoippe
236 1392 300 1433 curo
317 1380 413 1433 eadem
437 1381 557 1432 sociatio
573 1394 638 1432 vero
675 1382 708 1445 ti,
720 1381 937 1444 --otprooortto
948 1387 1087 1445 oppam
1097 1387 1201 1445 aptota:

111 1454 217 1511 dolore,
237 1468 307 1518 quae
325 1456 378 1505 iam
390 1455 496 1520 pridem
507 1456 601 1506 4444444
612 1457 638 1505 in
675 1460 703 1506 ut
719 1456 814 1505 4444444444
830 1468 940 1517 aequom
955 1457 1026 1518 tapso
1042 1442 1080 1517 e't,
1098 1462 1127 1506 444
1143 1456 1204 1506 oile-

113 1528 312 1581 4444444444444.
328 1530 637 1595 -4444444444-44444444444]
674 1534 792 1591 vorum,
817 1530 933 1593 ropooti,
961 1530 1064 1581 Tollot
1086 1536 1125 1593 44,
1149 1532 1203 1594 qui

109 1602 167 1653 vid.
181 1601 217 1653 ad
229 1602 277 1653 0d.
292 1604 303 1653 4
316 1640 323 1664 ,
336 1603 361 1665 t,
374 1604 399 1655 8.
418 1604 597 1667 4144464443.
612 1605 636 1666 4,
674 1619 736 1655 ooo
751 1604 847 1654 oooit.
866 1630 895 1641 -
912 1604 1014 1667 44444444]
1035 1606 1117 1655 Huius
1128 1606 1202 1659 vocis

111 1678 157 1729 484
168 1692 174 1725 :
186 1692 243 1727 4444
251 1677 373 1739 ptisana.
387 1676 412 1739 4,
421 1676 482 1731 4494
492 1678 640 1741 plurimun
674 1690 740 1731 usus
757 1677 792 1728 da
808 1676 961 1729 hominibus
975 1678 1068 1729 vicinis
1081 1692 1134 1728 non
1145 1692 1203 1729 mo-

108 1752 188 1801 ndo.
202 1752 480 1816 -psrroocootcett
491 1766 524 1803 ex
536 1766 638 1803 sermo·
675 1753 709 1803 do
736 1764 789 1802 non
806 1754 849 1803 est
864 1752 1030 1810 rarissimus,
1049 1755 1079 1801 ut
1095 1752 1200 1803 videtur

108 1838 142 1876 ne
154 1825 319 1889 quotidiano.
340 1826 394 1877 Cio.
408 1824 512 1888 Phila,
528 1826 573 1887 43,
589 1826 634 1877 tt:
676 1825 808 1877 Freuodio
832 1839 855 1877 s.
877 1826 905 1875 h.
927 1839 968 1885 v.,
994 1825 1044 1875 sed
1069 1838 1103 1875 ne
1125 1838 1202 1879 rarus

105 1913 154 1961 pro
166 1904 253 1949 4444444
262 1900 387 1962 Iuppiter!
409 1901 536 1951 Ceterum
547 1894 638 1953 dotiu-
675 1900 795 1965 quidem.
814 1901 857 1949 sio
868 1900 1056 1963 onimpraster
1065 1899 1203 1949 Horatium

108 1970 191 2023 teron
208 1971 338 2023 librorum
356 1974 440 2036 magis
455 1972 544 2039 piacet
555 1986 637 2037 qoam
676 1977 737 2037 (sat.
751 1976 781 2034 2,
797 1976 827 2033 t,
845 1975 902 2024 4448.
921 1974 987 2037 Epp.
1003 1974 1091 2035 4,46,
1104 1972 1156 2036 44.)
1174 1976 1202 2025 44

107 2048 173 2099 Tau.
187 2046 266 2097 Fabri
283 2048 450 2099 coniectura:
465 2062 514 2111 por
524 2054 638 2099 4444444444
675 2048 828 2099 Petronium
846 2047 879 2111 (o.
892 2047 943 2109 93.)
961 2047 996 2096 ab
1008 2046 1067 2110 ipso
1078 2046 1200 2099 laudatos

108 2128 130 2173 44
146 2123 258 2171 4444444444.
278 2148 307 2158 -
326 2122 426 2184 Osirin]
447 2120 489 2173 vel
506 2123 567 2186 quia
584 2124 637 2173 Ae-
676 2124 757 2172 etiam
775 2120 883 2171 Ovidius
901 2122 969 2171 Fosi.
983 2121 1012 2181 2,
1028 2120 1085 2171 tot.
1104 2121 1129 2182 3,
1144 2121 1200 2173 489,

107 2197 216 2261 gyptius
234 2196 306 2257 erat,
332 2196 363 2245 ut
383 2196 498 2245 Hatreas
515 2194 557 2245 4444
575 2195 638 2247 ,414-
674 2198 782 2247 Metam.
795 2198 820 2257 2,
831 2196 888 2247 688.
908 2194 933 2255 4,
943 2194 1000 2245 636.
1019 2195 1201 2255 uastauere.

106 2269 254 2321 xandrinus
280 2268 352 2333 apud
375 2268 558 2330 Athenaeum,
593 2267 636 2320 val
674 2270 727 2319 Sat.
742 2268 766 2329 4,
778 2268 819 2321 id.
837 2272 929 2319 luten.
943 2268 983 2328 tt,
996 2268 1052 2319 tut.
1069 2296 1092 2307 -
1108 2270 1200 2336 rosseo]

107 2342 204 2395 saltem
221 2342 298 2393 isidis
316 2341 398 2393 cultui
415 2344 484 2394 inter
500 2340 636 2407 popellum
675 2356 762 2394 «sono
786 2343 922 2394 incondito
947 2342 1096 2393 vociferans
1113 2356 1200 2407 usque

107 2420 172 2469 tunc
190 2416 339 2469 admodum
354 2417 486 2481 frequenti
503 2416 634 2469 addictus.
676 2416 710 2467 ad
727 2418 839 2467 ravim.»
858 2418 901 2467 sio
912 2418 1003 2467 loven.
1016 2417 1040 2476 8,
1054 2417 1100 2467 tt:
1119 2417 1202 2467 444444-

19 2522 24 2539 .
108 2492 237 2554 -44444441
251 2491 635 2556 444444444434444444444.»
673 2496 712 2541 tot
730 2504 812 2539 roooo
833 2491 942 2541 44444444
957 2490 1038 2539 Circo.
1072 2491 1134 2540 «Sto
1155 2492 1198 2550 tu,

106 2568 148 2617 Sic
166 2568 198 2617 ,4.
212 2568 241 2617 Ρ.
253 2566 315 2619 tut:
342 2566 419 2617 84--
431 2568 522 2617 decidit
546 2580 637 2629 ouosps
673 2563 759 2616 semel
776 2566 799 2614 si
815 2564 955 2615 mendacio
973 2564 1020 2613 aot
1037 2563 1099 2613 dolo
1117 2562 1200 2613 dooe-

106 2642 133 2691 444
144 2646 254 2705 4444444444
268 2643 413 2704 4444444444,
437 2640 493 2692 licet
510 2642 637 2691 «84444444-
673 2641 746 2703 peris
771 2639 918 2699 fautorem,
945 2636 1009 2687 nihil
1031 2638 1084 2687 iam
1107 2636 1142 2687 ab
1166 2651 1198 2687 eo

61 2740 68 2762 ‚
106 2717 170 2767 rito·
188 2714 569 2779 4444444044444444444444444,
586 2728 637 2765 ooo
673 2712 806 2763 auferes.»
842 2713 974 2775 Perquam
999 2723 1199 2775 supervacanea

106 2790 137 2841 sit
153 2790 201 2853 otti
217 2788 337 2840 toitsrs
352 2795 431 2841 444444.
446 2816 473 2827 -
488 2790 637 2852 (4444444444-
674 2789 715 2837 sst
731 2782 891 2845 Mmklondi,
917 2785 967 2833 vlri
983 2784 1197 2847 ingeniosissimi,

106 2864 248 2929 4494444414]
267 2862 492 2925 nuntiatae:
511 2862 637 2914 ,4444444444
673 2861 828 2912 coniectura
844 2864 922 2911 4444444
936 2858 1063 2911 ratmot.
