2925 4892
274 318 336 383 730
757 317 885 370 HORATH

316 476 421 553 Quem
442 492 528 559 quae
550 480 625 539 sunt
645 471 748 538 oculis
770 471 915 539 subiecta
937 470 1087 539 fidelibus
1112 482 1145 539 et
1165 493 1248 560 quae

314 596 388 681 lpse
412 592 474 659 sibi
496 591 592 659 tradit
613 592 791 680 spectator:
815 612 880 657 non
901 602 1008 659 tamen
1030 594 1114 659 intus

315 715 418 801 Digna
439 714 507 801 geri
529 732 660 799 promes
682 712 715 777 in
739 732 869 779 scenam
892 711 1056 801 multaque
1078 711 1170 779 toties

315 836 362 901 Er
383 833 502 909 ocutis,
526 853 612 920 quae
632 853 708 899 mor
730 842 839 899 narret
861 832 1009 901 facundia
1029 852 1196 920 praesens.

316 956 362 1021 Ne
383 974 504 1042 pueros
527 974 637 1021 coram
659 952 780 1040 populo
804 952 918 1021 4444444
939 952 1094 1029 trucidet,
1294 952 1347 1016 485

314 1079 376 1141 Aut
396 1074 536 1140 humane
557 1074 664 1161 palam
686 1084 806 1160 coquat
827 1082 898 1139 exta
921 1073 1063 1141 nefarius
1084 1074 1215 1147 444444,

339 1309 396 1359 484.
413 1306 553 1370 speculator
569 1305 596 1355 d.
617 1332 642 1343 -
664 1306 719 1356 4844.
737 1306 789 1355 Nec
806 1305 833 1367 (4,
852 1306 911 1357 eet.
932 1304 1045 1367 (44444444
1055 1306 1094 1356 Ne
1103 1304 1198 1356 ebsrc
1210 1308 1237 1357 et
1249 1306 1322 1357 Beni·

306 1382 349 1433 4444
367 1384 488 1445 epraeter
507 1380 575 1431 duos
594 1393 628 1430 ex
646 1380 837 1430 recentissimis
858 1380 987 1441 omnes»)

273 1565 336 1617 tes:
356 1567 407 1617 cur
423 1579 480 1615 meo
495 1566 564 1615 dicto
578 1569 655 1629 nepot
667 1565 747 1613 durae
758 1564 799 1613 de-
834 1564 914 1613 detur
924 1564 989 1613 item
997 1564 1052 1613 Vici
1065 1565 1261 1629 interpretatio:
1276 1567 1351 1615 «Nun-

271 1642 370 1690 44444444
385 1640 413 1689 te
428 1652 511 1689 444444,
532 1662 559 1674 -
577 1638 797 1702 44444444414444-
835 1636 875 1697 444,
906 1638 952 1701 qui
980 1636 1095 1687 evidenti
1123 1640 1277 1689 nerretione
1301 1652 1351 1689 4444

273 1714 325 1765 bns
341 1714 455 1777 quisque
475 1714 627 1764 necessario
646 1712 729 1762 fldem
748 1710 798 1759 ba·
835 1709 918 1761 oculis
935 1712 1115 1774 spectatorum
1132 1710 1312 1773 subiiciunt-t

272 1787 345 1837 bet.»
369 1788 471 1837 Seneca
489 1788 571 1851 Epist.
588 1787 617 1848 e,
635 1785 664 1837 t:
682 1785 798 1835 Hortinos
1440 1824 1441 1827 ,

273 1860 796 1923 44444444444444444444444444444444444444.
868 1856 1005 1908 teo-ree.
1031 1858 1081 1919 Ne]
1107 1858 1180 1907 Hanc
1200 1856 1354 1921 perticulam
1440 1896 1441 1907 ,

274 1960 302 1972 -
321 1936 389 1985 444444
403 1936 490 1999 Dique
505 1934 574 1998 peri]
600 1936 696 1997 partim
718 1931 797 1982 444444
833 1930 968 1982 Bentteius
984 1934 1058 1981 recte
1075 1932 1201 1992 restituit,
1221 1932 1249 1982 in
1267 1945 1301 1981 eo
1318 1936 1355 1981 te-

272 2014 300 2060 et
316 2011 432 2069 44444444,
451 2022 521 2073 qnee
538 2010 620 2058 nimio
637 2008 749 2057 horrore
766 2018 797 2055 ac
834 2016 897 2055 men
909 2004 1003 2065 4444444,
1022 2004 1095 2067 quod
1105 2004 1174 2055 haec
1186 2006 1278 2056 omnia
1289 2018 1305 2055 4
1315 2018 1353 2054 ev.
1440 2022 1441 2031 ¹

272 2086 375 2133 terrore
387 2085 567 2147 spectatorem
579 2080 725 2140 efficerent,
739 2092 798 2143 pen·
833 2077 1058 2142 praecedentibus
1090 2078 1211 2142 pandere
1237 2082 1355 2143 opinatus
1440 2086 1441 2089 ’

272 2157 320 2206 tim
336 2153 512 2215 incredibilis,
539 2157 571 2204 ut
586 2154 798 2205 transformatio-
835 2154 884 2203 est.
911 2154 1042 2216 incipiunt
1052 2152 1114 2203 binc
1126 2152 1248 2217 exempta
1261 2152 1355 2217 aliquot

272 2240 321 2279 nee
337 2226 396 2277 44444
413 2230 529 2277 Procnes
546 2229 574 2277 44
590 2226 684 2277 Cadmi
702 2239 719 2275 e
735 2240 798 2289 my·
834 2240 937 2287 eorum,
951 2240 1021 2290 quae
1033 2225 1157 2293 44444444
1169 2226 1287 2277 tollenda
1298 2228 1353 2280 sint.

272 2300 386 2364 tbotogte
402 2300 528 2361 tredttee,
555 2313 638 2363 quse,
660 2301 683 2351 44
705 2313 797 2350 coram
834 2303 862 2349 44
877 2313 926 2364 per
936 2312 966 2350 se
979 2300 1088 2363 quidem
1100 2302 1196 2364 posita.
1213 2329 1241 2339 -
1257 2302 1354 2366 4444444]

272 2374 371 2441 populo
382 2375 492 2435 flerent,
505 2375 625 2438 speciem
635 2373 798 2438 praeberent
835 2388 972 2437 «quorum
992 2376 1098 2425 nomine
1121 2374 1214 2427 Medus
1241 2377 1270 2425 et
1290 2376 1355 2426 4444-

273 2448 798 2515 properidicutam.Utriusquereiexem-
835 2460 952 2498 merus.»
976 2450 1055 2498 Aeno.
1084 2474 1111 2485 -
1138 2461 1228 2497 eorem
1252 2448 1354 2511 populo]

273 2525 316 2591 pia
333 2538 396 2576 mox
412 2527 605 2589 proponuntur.
625 2550 652 2559 -
675 2524 798 2585 secundia
835 2520 1007 2584 Eschenburg
1036 2522 1074 2584 (in
1101 2534 1183 2586 opere
1209 2522 1353 2579 Hurdianot

269 2600 397 2664 44444444]
410 2600 542 2657 «nuntius,
552 2599 597 2661 qui
608 2596 742 2647 horribilis
753 2599 799 2646 aut
833 2594 905 2643 imud
915 2593 984 2645 mate
997 2594 1112 2659 explicet
1129 2608 1238 2645 «coram
1250 2596 1352 2646 4444444.

272 2674 417 2740 prodigiosi
436 2672 546 2723 alicuius
569 2672 630 2722 iacti
652 2672 727 2723 testie
751 2671 798 2721 4444
837 2698 864 2706 -
876 2671 966 2719 Medea
981 2670 1094 2734 inscidat]
1115 2670 1154 2720 Ci.
1168 2671 1263 2721 44448.
1283 2670 1354 2731 Quod

272 2748 393 2800 oculatus
410 2761 443 2798 ac
459 2746 501 2797 vet
521 2749 665 2811 propterea
682 2745 796 2797 tacende
834 2745 877 2795 hic
885 2744 1023 2795 dissuadet
1034 2746 1266 2807 tiorettusvttium
1274 2748 1353 2797 suain

271 2820 609 2881 renouarent-wenis
621 2821 794 2879 4444444444,
834 2818 927 2871 Medea
942 2820 1075 2871 commisit
1090 2821 1193 2870 Seneca
1210 2834 1237 2869 4.
1252 2822 1309 2871 44444.
1328 2844 1351 2856 -

272 2897 348 2947 voss.
376 2898 462 2957 Atque
479 2908 509 2943 re
526 2907 608 2954 vera,
627 2894 692 2945 dum
710 2897 798 2944 cesset
831 2895 937 2956 Procne]
956 2896 1040 2953 Quam
1057 2892 1175 2944 inbutam
1192 2895 1354 2959 sapientissi-

272 2970 357 3027 44444,
383 2982 418 3017 eo
434 2967 602 3017 facundiores
619 2968 721 3018 debent
736 2978 797 3017 esse
833 2980 891 3027 me,
909 2969 940 3017 ut
955 2968 1067 3018 credere
1083 2966 1157 3028 44444,
1177 2964 1299 3019 4444444444
1309 2970 1354 3018 So-

272 3043 388 3103 euntque
410 3040 481 3103 apud
507 3042 622 3090 Graecos
643 3040 797 3091 huiusmodi
833 3040 943 3105 44444144
960 3042 986 3091 in
998 3040 1096 3101 Tereo,
1121 3041 1155 3091 de
1173 3054 1228 3105 quo
1246 3046 1353 3104 tyranno

272 3114 454 3174 narrationes,
486 3115 517 3162 nt
544 3112 695 3163 auditorum
718 3126 797 3163 meu·
834 3116 860 3165 in
870 3127 987 3178 upupam
996 3114 1352 3179 mnumeranstopnaves
1439 3164 1440 3169 ,

272 3189 314 3237 tes
324 3186 469 3237 detineant.
488 3184 575 3236 schot.
590 3186 655 3235 Ven.
670 3186 704 3237 ed
718 3186 794 3237 iliad.
835 3190 882 3239 4044
894 3202 952 3251 seq.
966 3202 1028 3239 cum
1039 3188 1137 3249 844444,
1156 3188 1254 3239 4444444
1271 3188 1353 3252 impri-
1439 3192 1440 3211 ¹

271 3263 299 3323 ζ,
320 3260 369 3310 58:
396 3258 428 3311 44
452 3264 516 3322 ταῖς
534 3256 704 3329 τραγῳδὶαις
726 3257 796 3329 44444-
834 3264 885 3313 mis
901 3261 1042 3313 Wetctrero
1062 3264 1107 3312 Gr.
1131 3264 1273 3327 Trnpodtee
1291 3264 1310 3311 1.
1326 3274 1350 3325 p.
1439 3268 1440 3309 4

272 3348 377 3385 nouos
396 3330 608 3405 rodgdpdmp
624 3328 796 3385 τὰτοιαῦτα
833 3336 901 3396 888,
920 3337 964 3399 qni
981 3333 1224 3407 μεταμορφώσεις
1238 3335 1351 3387 44444444
1439 3322 1440 3369 3

272 3406 450 3475 (μισητὰκαὶ
457 3402 535 3474 ὠμά)
546 3408 578 3459 ἐν
589 3410 653 3471 rate
663 3412 796 3474 σκηναῖς,
833 3406 999 3475 ἐξάγγελον,
1018 3411 1066 3459 sed
1085 3410 1166 3460 deum
1185 3424 1218 3461 ex
1235 3408 1351 3461 4444444444

272 3478 797 3549 καὶῆφωνσλςτισὶνέξακουομέναις
833 3484 1026 3548 spectatoribus
1049 3496 1171 3535 narrasse
1195 3488 1349 3549 suspicatur.

271 3553 337 3623 ἧ44’
350 3553 477 3623 ἀγγέλων
488 3552 609 3628 44444444
618 3559 796 3622 σημ4444444
836 3583 863 3594 -
877 3558 984 3608 Codrum
993 3558 1021 3608 444
1031 3559 1148 3623 sepum]
1161 3559 1201 3609 Gt.
1213 3560 1289 3609 ovid.
1301 3559 1351 3608 444-

271 3628 308 3681 rei
324 3632 503 3701 πραχθέντα,
522 3626 607 3683 οὐδὲν
622 3626 695 3681 ἄλλο
712 3626 796 3695 ἢφο-
833 3633 896 3682 tem
910 3632 940 3693 4,
960 3632 1078 3696 5443444.
1107 3634 1206 3683 Tenuia
1224 3632 1350 3697 quaedem

271 3702 415 3768 βοόμενοι
430 3702 473 3769 μὴ
490 3698 574 3755 αὐτοὶ
585 3702 796 3769 συμμισηθῶσι
833 3708 977 3769 supersunt
992 3706 1102 3769 vestigia
1114 3706 1208 3756 Cadmi
1224 3705 1349 3770 arripidei

273 3782 335 3839 τοτς
357 3774 523 3846 δρωμένοις.
560 3778 623 3839 (atii
648 3778 794 3843 explicant:
833 3778 918 3841 (Dind.
933 3772 973 3829 rr.
993 3792 1018 3843 p.
1032 3780 1099 3841 94),
1127 3792 1209 3843 quem
1228 3780 1263 3829 ad
1281 3778 1350 3830 tabu-

274 3851 409 3911 44444444,
423 3852 469 3913 qui
480 3864 544 3901 sene
556 3852 724 3915 poterittalie
737 3866 796 3903 ner·
831 3852 884 3902 lam
909 3850 1115 3903 Valckenaerins
1140 3852 1241 3903 rettulit
1263 3862 1350 3903 versus

271 3939 332 3977 rare
354 3934 483 3989 praesens
505 3929 638 3989 praesenti
654 3926 794 3992 popnto;»
831 3930 952 3977 servatos
974 3926 1008 3976 eb
1030 3928 1197 3991 Hermogene
1218 3940 1279 3991 pag.
1298 3924 1348 3975 484.

270 4012 366 4050 verum
378 3997 454 4048 aliter
465 4010 546 4061 quam
556 4011 685 4062 praesens
695 4004 722 4051 in
734 4015 795 4052 sce·
832 4000 922 4051 welz:
946 3998 1044 4065 Οἴμοι,
1063 3996 1176 4071 δράκων
1192 4015 1252 4065 μου
1269 4002 1350 4065 ytyva·

271 4086 305 4122 na
322 4072 365 4123 4444
379 4084 488 4123 narrare
501 4075 607 4136 nequit;
626 4077 795 4139 ttequeotto-
831 4088 878 4125 ται
894 4072 928 4125 τό
951 4078 975 4141 γ’
995 4070 1103 4141 ἥμισυ·
1131 4076 1250 4135 Pteros,
1278 4086 1349 4141 sapr-
1438 4138 1439 4141 Ἴ

272 4160 332 4197 sum
349 4150 423 4199 44444
434 4146 577 4211 epitheton.
601 4148 796 4201 4444444444νί-
832 4146 960 4215 ridenda
984 4148 1023 4216 τῷ
1048 4148 1138 4217 λοιπῷ
1160 4150 1253 4220 empt-
1283 4148 1348 4206 04104
