2925 4892
271 350 334 416 486
634 346 1000 399 uonnruerrsronaauu

315 510 454 594 Smyrna
475 504 555 593 quid
577 514 610 571 et
632 500 824 590 Colophon?
847 501 968 566 Maiora
988 500 1154 565 minorave
1175 498 1275 576 lama,

318 630 481 695 Cunctane
503 646 583 713 prae
606 625 727 711 Campo
751 633 784 688 et
804 622 954 687 Tiberino
976 618 1108 686 flumine
1130 620 1287 687 sordenti

316 751 364 814 An
385 747 473 813 venit
494 746 526 812 in
549 755 658 812 votum
679 742 820 809 Attalicis
842 762 884 809 ex
904 740 1041 808 urbibus
1062 762 1142 817 una,

316 871 364 934 An
385 866 551 934 Lebedum
572 864 686 931 laudas
708 862 784 931 odio
807 863 906 928 maris
927 873 1025 950 atque
1046 864 1194 929 viarum?

318 988 406 1065 Seis,
429 986 580 1054 Lebedus
603 984 682 1073 quid
705 985 762 1065 sit;
786 983 896 1051 Gabiis
917 982 1079 1050 desertior
1100 993 1198 1071 atque

341 1148 390 1197 ΕΡ.
408 1148 450 1197 lll.
469 1147 494 1198 3.
510 1148 621 1207 thtma
636 1146 665 1196 E.
688 1144 837 1206 -Colopho
853 1147 873 1193 t.
889 1171 916 1180 -
934 1144 1065 1193 minoratio
1080 1142 1201 1207 bSchp,
1214 1145 1264 1195 Co:
1283 1147 1335 1195 mi-

307 1235 405 1273 norare
421 1222 474 1271 duo
492 1221 621 1283 Pettierii,
648 1220 745 1272 utsuo
768 1222 796 1270 et
815 1217 960 1270 Bentleiue.
985 1245 1012 1255 -
1035 1218 1061 1269 4.
1086 1218 1231 1281 docteque
1247 1220 1333 1271 Codd.
1383 1270 1387 1282 ,

276 1368 343 1420 δῶν.
359 1396 386 1405 -
399 1368 518 1433 Servum]
536 1371 556 1420 Α
571 1368 687 1419 Lucieno
702 1370 801 1431 lmegg.
839 1364 1004 1428 Attalorum,
1039 1368 1211 1430 Pergamum,
1246 1370 1366 1433 habu,
1443 1329 1444 1340 χ

276 1446 302 1494 2.
320 1446 431 1493 vocetur
448 1436 467 1508 ἡ
485 1440 624 1507 καλλίστη
644 1440 700 1491 τῶν
716 1434 804 1490 ’ίωνι-
839 1440 1007 1504 Thyatiram,
1034 1440 1200 1504 Myndumt»
1230 1470 1258 1481 -
1290 1446 1366 1497 m

277 1514 338 1567 κῶν
356 1513 476 1567 πόλεων.
497 1544 524 1553 -
553 1516 685 1579 Colophon]
708 1514 804 1565 Strabo
840 1515 908 1579 αισι]
943 1527 1024 1565 unam
1051 1516 1106 1565 Xll.
1132 1517 1222 1566 loniee
1246 1517 1364 1571 urbium.

278 1592 319 1643 44.
346 1605 373 1656 p.
395 1591 459 1643 hle:
493 1585 513 1655 ἡ
538 1587 694 1652 Κολοφώυ,
722 1587 805 1651 πόλις
841 1591 919 1639 Teste
936 1586 1067 1639 Strebone
1084 1589 1124 1641 44.
1142 1603 1171 1653 p.
1188 1590 1254 1641 643:
1283 1608 1367 1645 «κθ.

274 1660 399 1731 Ἰωνική,
417 1667 468 1717 καί
483 1662 517 1715 τὸ
535 1662 591 1737 πρὸ
607 1660 698 1731 αὐτῆς
713 1658 805 1726 ἄλσος
841 1664 964 1713 nieorum
992 1663 1141 1724 artificum,
1170 1666 1216 1728 qni
1241 1668 1269 1716 in
1295 1670 1366 1720 lonie

278 1738 331 1791 τοῦ
353 1738 479 1811 Κλαρίου
504 1736 677 1803 Ἀπόλλωνος
694 1738 754 1789 κτλ.
775 1766 802 1775 -
841 1738 918 1787 erent
934 1736 969 1786 ed
982 1735 1291 1804 Hellespontumque,
1305 1756 1368 1794 eon-

278 1814 383 1865 lleloru
398 1815 536 1877 σιίαοτουι]
556 1816 723 1875 «cunctane,
748 1814 804 1864 eive
840 1814 936 1863 ventus
953 1810 989 1861 ibi
1006 1814 1065 1860 eret
1080 1814 1109 1861 et
1121 1812 1302 1875 domicilium
1321 1818 1368 1869 ibi·

279 1890 380 1939 maiore
409 1892 472 1939 sunt
499 1890 570 1939 ieme
602 1890 659 1939 eive
687 1890 803 1948 minore,
841 1899 895 1949 que
906 1884 1065 1956 πανήγυρις
1075 1890 1103 1937 et
1113 1889 1296 1940 anniversarie
1307 1906 1368 1943 eer-

277 1963 418 2012 eordent‘li
444 1964 533 2013 Lectio
557 1964 689 2011 minnere
710 1964 742 2012 ils
759 1960 806 2012 de·
841 1961 942 2010 tamine
966 1962 993 2010 in
1015 1962 1112 2012 Bacchi
1135 1962 1266 2015 honorem
1284 1968 1368 2029 egitu-

279 2034 374 2097 betur,
400 2035 806 2100 quintumdecimum
841 2034 976 2095 nantum»
993 2048 1089 2086 verum
1106 2035 1208 2100 reliquo
1225 2041 1289 2089 enni
1303 2044 1369 2092 tem-

278 2122 329 2173 per
345 2122 375 2159 se
392 2110 626 2172 interrogationem
640 2109 748 2159 eiticere
758 2122 808 2173 pu-
841 2123 907 2174 pore
924 2122 1008 2174 prope
1026 2110 1134 2161 deserte
1154 2114 1224 2173 eret,
1252 2116 1283 2164 ut
1302 2128 1368 2167 eon·

280 2182 382 2233 tabent.
411 2208 438 2217 -
462 2182 535 2246 prae]
563 2180 737 2246 eplerumque
762 2182 804 2243 id,
843 2187 896 2235 stet
912 2198 944 2235 ex
961 2184 988 2234 h.
1007 2182 1024 2233 l.
1043 2187 1072 2235 et
1090 2199 1124 2234 ex
1140 2186 1272 2237 Pausania
1291 2189 1320 2250 4,
1338 2192 1366 2251 9,

280 2255 353 2319 qnod
365 2257 492 2319 praestat,
506 2256 807 2319 designaturheepree-
842 2262 881 2322 7.,
909 2272 964 2323 quo
986 2261 1056 2309 teste
1078 2259 1216 2311 Lebedum
1238 2265 1266 2311 et
1289 2263 1369 2315 Colo·

279 2330 421 2395 positione,
434 2330 594 2393 praesertim
605 2330 732 2394 appositis
744 2343 807 2379 ver·
842 2333 960 2397 phonem
976 2334 1152 2395 Lysimachus
1174 2339 1312 2388 everteret
1327 2339 1368 2388 in·

279 2404 323 2455 bis
340 2403 504 2467 negligendi,
528 2404 730 2465 contemnendi,
755 2405 807 2454 mi·
844 2407 971 2470 celesque
1004 2408 1140 2472 Ephesum
1171 2410 1367 2463 transduxerat.

281 2481 354 2531 noris
372 2480 510 2531 faciendi.»
530 2482 601 2531 itinn
618 2482 693 2531 lure.
712 2482 755 2531 lv.
779 2494 805 2545 p.
845 2510 873 2520 -
890 2484 948 2533 odio
970 2482 1052 2531 πισοίπ
1076 2484 1141 2545 cet]
1164 2484 1214 2534 0d.
1233 2487 1267 2546 2,
1287 2487 1317 2547 ⁶,
1338 2488 1368 2537 ’λε

280 2554 441 2606 esuriant.
461 2556 669 2616 Curc.t,2,5:
696 2556 808 2605 onmium
842 2558 1171 2609 lnnomorbetm'nren.

280 2634 435 2695 unquentum
451 2631 514 2679 odor
526 2642 593 2691 pree
604 2634 646 2679 tuo
657 2635 752 2679 ιισιιίισ
762 2635 805 2679 ost.
876 2631 950 2683 a-tu
968 2632 1033 2693 scu,
1050 2631 1159 2681 Lebedm
1173 2633 1235 2693 quiid
1248 2632 1290 2697 eit]
1307 2630 1369 2683 Bul-

284 2732 312 2743 -
325 2705 420 2767 Campo
431 2704 577 2754 etliberino
587 2705 698 2769 ίίιαπίηι]
711 2702 807 2753 Strabo
843 2706 921 2757 letius
937 2706 1016 2767 igitur
1032 2708 1072 2767 et,
1098 2708 1129 2754 ut
1143 2706 1264 2768 videtur,
1284 2708 1370 2757 liora-

282 2780 353 2841 e‚³,
372 2780 417 2830 98:
444 2779 501 2830 Καὶ
517 2775 550 2828 τὸ
562 2780 686 2846 μέγεθος
698 2776 750 2829 τοῦ
761 2793 808 2828 πε-
844 2782 896 2831 tius
920 2779 971 2830 sub
995 2780 1076 2828 Bmto
1093 2777 1237 2831 militantes
1252 2793 1278 2830 e.
1298 2794 1326 2830 u.
1344 2794 1368 2831 ο.

282 2850 346 2903 δίου
357 2850 531 2918 θαυμαστὸν
545 2848 609 2919 ἅμα
624 2856 674 2905 καί
691 2850 743 2916 τὰς
758 2847 808 2923 ἄρ
844 2856 901 2905 7⁴2.
928 2854 965 2904 ibi
991 2854 1104 2904 luerent.
1139 2856 1197 2903 Non
1218 2858 1263 2905 eet
1277 2856 1371 2905 nutem

281 2924 481 2997 ματοδρομίας
492 2928 543 2977 καί
554 2924 608 2993 τὴν
616 2923 707 2993 ἄλλην
719 2928 808 2977 lxxa·
843 2930 1030 2991 interrogetlo;
1043 2929 1131 2978 minus
1140 2929 1222 2978 etiam
1232 2941 1298 2979 cum
1307 2930 1372 2980 Cru-

284 3000 352 3049 σίαν
376 2994 526 3051 ἀκώλυτον
552 3004 679 3072 παρέχον
698 3000 738 3069 τῷ
758 3016 808 3051 τσ-
844 3005 907 3067 quio
923 3004 992 3053 haee
1008 3002 1093 3053 verba
1109 3001 1232 3063 Bullatio,
1256 3016 1302 3052 vv.
1321 3005 1373 3053 Ge-

283 3069 379 3139 σούιῳ
405 3070 509 3138 πλήθει
537 3074 594 3124 τῶν
618 3078 731 3145 σφαίρᾳ
758 3076 807 3126 καὶ
844 3074 1372 3138 biie·-eierulloretio,Bullntiorureus

283 3148 372 3216 κρίκῳ
399 3148 449 3197 καί
477 3145 639 3218 παλαίστρᾳ
665 3152 809 3215 γυμναζο-
844 3167 888 3203 vv.
914 3157 999 3201 temen
1014 3178 1031 3189 -
1044 3176 1059 3186 ·
1076 3152 1212 3213 Ιαπαιίαιι,
1238 3148 1283 3201 vel
1308 3164 1372 3201 eum

282 3222 394 3285 μένων·
420 3222 471 3272 καὶ
486 3218 523 3272 τὰ
540 3224 722 3293 περικείμενα
738 3217 809 3294 ’ἔργα
843 3225 961 3278 Rodellio
973 3226 1041 3275 beee
1051 3226 1140 3275 omnin
1152 3238 1178 3274 v.
1189 3225 1263 3274 7-ro.
1281 3225 1373 3275 Seis--

283 3296 334 3346 καί
358 3292 392 3347 τὸ
408 3288 519 3359 ἔδαφος
541 3293 650 3359 πσάζσν
671 3292 704 3347 δι’
723 3291 807 3361 ἔτους
843 3303 966 3365 formum
993 3298 1104 3349 Bullalio
1133 3297 1213 3348 tribui
1239 3301 1369 3361 possum:

284 3366 808 3444 ιιαλτῶυλόφωνσιεφάναιτῶνὺπὲρ
843 3374 997 3427 huiusmodi
1005 3375 1078 3424 enim
1086 3367 1372 3438 διαλογισμὸςὸολλσὶσ

283 3443 335 3497 τοῦ
361 3444 494 3513 ποταμοῦ
514 3448 600 3520 μέχρι
620 3445 672 3498 τοῦ
690 3442 807 3519 ῥείθρου
844 3452 935 3514 utique
957 3451 1036 3513 aptus
1056 3446 1099 3498 vel
1125 3448 1176 3512 ipsi
1193 3445 1371 3511 Epistolerum

284 3519 523 3593 σκηνογραφικὴν
547 3518 622 3587 ὄψιν
650 3520 808 3573 ἐπιδεικυυ-
845 3525 939 3574 rationi
963 3535 1074 3587 prorsus
1096 3524 1235 3586 repugnet.
1277 3523 1371 3584 Neque

284 3612 368 3661 μιναι
390 3596 631 3649 δυσαπάλλακτον
648 3599 809 3669 παρέχουσι
843 3612 909 3649 vero
931 3610 1027 3648 verum
1049 3595 1235 3659 dialogismum
1252 3594 1373 3645 debebet

285 3666 338 3734 τὴν
354 3670 434 3721 θέαν.
452 3700 478 3710 —
497 3673 605 3737 sordent]
624 3672 806 3738 «displicent»
843 3676 961 3724 statuere
978 3670 1123 3737 Rappoltue
1138 3684 1165 3735 p.
1177 3670 1236 3720 ete.
1250 3670 1278 3719 in
1288 3670 1371 3734 Epist.

286 3744 324 3793 Ci.
344 3744 431 3806 virgil.
451 3746 504 3796 Eel.
523 3749 551 3809 2,
570 3746 620 3797 tt:
646 3749 747 3798 sordent
766 3748 810 3797 tibi
845 3750 875 3809 4,
898 3747 943 3807 te,
961 3746 1002 3797 44.
1023 3770 1052 3782 -
1071 3744 1167 3806 Gabiis]
1185 3743 1224 3794 cl.
1243 3744 1298 3794 Fen
1313 3745 1373 3794 Die·

284 3824 496 3869 muneranostre.
516 3819 807 3882 sensimsensrm
844 3822 956 3871 οιιιιίοιιο
980 3821 1047 3871 delle
1070 3818 1133 3869 eun
1157 3820 1185 3869 dl
1200 3817 1283 3869 (ἔσοιο
1298 3832 1314 3867 e
1329 3830 1373 3868 ue

284 3891 336 3939 eine
351 3902 391 3939 υιι
407 3892 452 3941 tibi
468 3918 507 3929 --
523 3894 656 3945 sordebunt
672 3896 810 3957 tecteoot-
845 3896 912 3960 ίσρο.
939 3898 1022 3945 Roma
1040 3893 1113 3945 4824.
1132 3892 1157 3943 8.
1186 3893 1308 3943 Viseonti
1320 3893 1374 3943 lle

283 3965 342 4014 rint
370 3964 548 4019 «Videnturne
567 3968 614 4018 tibi
637 3969 809 4034 despicienda
844 3971 957 4020 ιιιιοιιυιῑ
977 3969 1069 4019 Gabini
1095 3981 1121 4032 p.
1141 3969 1164 4018 4.
1184 3968 1296 4030 Dionys.
1316 3964 1371 4017 Hel.

284 4052 348 4105 pree
365 4042 451 4105 νυρίαι
465 4044 563 4093 llomee
580 4042 765 4107 splendore?-
781 4074 807 4081 -
845 4048 876 4095 Α,
896 4046 925 4095 44.
938 4044 968 4105 4,
986 4044 1035 4094 5³:
1054 4038 1146 4105 Πόλις
1161 4033 1199 4107 ἦν
1214 4040 1269 4092 τοῦ
1286 4042 1373 4091 Λατί-

285 4114 405 4180 Αίίαίίοίι]
424 4120 478 4167 «λυ
489 4117 622 4169 domicilio
634 4118 680 4169 tibi
693 4119 809 4184 deligere
846 4134 903 4168 νων
919 4120 1033 4185 γένους,
1049 4112 1193 4178 Ἀλβανῶν
1208 4111 1372 4179 ἀπόκτισις,

284 4191 369 4241 mavis
386 4204 467 4243 unam
485 4204 517 4242 ex
534 4191 647 4244 urbibus
662 4194 736 4257 regni
748 4193 811 4245 olim
846 4186 999 4255 ἀπέχουσα
1023 4189 1077 4257 τῆς
1099 4186 1211 4258 Ῥώμης
1234 4188 1374 4253 σταδίους
