2925 4892
273 378 337 443 bis
636 370 1005 425 nonerunersrouinuu

314 534 430 602 Coram
452 552 530 619 rege
555 550 615 597 suo
637 528 679 595 de
702 536 892 614 paupertate
913 533 1057 591 tacentes

312 654 388 721 Plus
410 662 565 741 poscente
587 652 705 727 lerunt,
728 648 840 722 distat,
865 666 1019 713 sumasne
1039 644 1215 732 pudenter,

312 778 359 842 bn
381 775 497 863 rapias.
543 774 637 861 Atqui
659 794 770 839 rerum
791 781 888 857 caput
909 770 971 837 boe
992 776 1077 843 erat,
1100 766 1153 835 bic
1174 767 1257 833 lons.
1319 766 1356 830 le

312 895 456 963 indotata
477 894 553 961 mihi
577 914 671 961 soror
693 902 759 969 est,
782 889 982 979 paupercule
1003 898 1106 955 mater
1216 930 1220 937 ·
1328 886 1333 894 '

313 1017 350 1083 Et
372 1016 489 1083 fundus
511 1034 572 1081 nec
593 1012 765 1081 vendibilis
787 1032 849 1078 nec
869 1030 1008 1098 pascere
1030 1008 1156 1085 firmus,

333 1260 374 1311 te.
392 1272 439 1309 suu
456 1271 470 1307 s
489 1256 554 1307 Cod.
573 1257 691 1307 Petrensl
710 1256 746 1318 (et
762 1268 824 1305 cum
846 1267 900 1304 uno
924 1252 1062 1303 dumtaxat
1083 1251 1151 1301 l'cae
1172 1253 1256 1314 atque
1273 1264 1326 1301 uno

301 1331 425 1392 Pettierii)
445 1330 579 1383 Bentleius
596 1344 628 1381 ec
645 1342 667 1381 s.
686 1331 726 1393 illi
742 1342 804 1390 nos,
823 1326 934 1387 bSEcd.l

271 1557 347 1607 verr.
359 1560 422 1607 Ace.
436 1555 460 1617 3,
473 1556 515 1616 sl,
529 1554 573 1605 93:
592 1554 664 1603 bomo
675 1564 757 1602 mera
772 1557 796 1602 et
830 1550 1358 1601 mercmcritaulutetoatsmeedcctsaietae

267 1632 418 1693 industrius,
447 1629 719 1691 operosissimae
736 1626 795 1675 dili·
831 1625 968 1686 caepim
984 1624 1358 1686 ermwoltteettsleniecpo·

267 1704 531 1767 pmtisumruurotor.
545 1701 619 1751 ovid.
633 1698 793 1759 ileumlt,
831 1700 966 1749 undenae
990 1712 1153 1761 contemnente
1172 1699 1240 1761 repis
1256 1700 1298 1747 nsi
1312 1712 1358 1747 rs·

269 1778 332 1827 ⁴59:
351 1790 431 1827 eornm
448 1776 598 1838 experientis
616 1774 704 1824 illicet.
830 1773 943 1823 mor-tom
964 1772 1125 1836 omanis.
1148 1798 1176 1807 —
1201 1772 1279 1834 Menti
1296 1771 1357 1835 oet]

300 1850 389 1902 le-to.
409 1850 501 1901 Coram
521 1849 583 1911 cet]
601 1848 658 1898 lem
678 1860 711 1897 ex
727 1845 795 1897 mul·
831 1848 878 1897 Est
902 1841 1040 1917 ἀναφορὰ
1065 1844 1108 1895 vel
1130 1840 1238 1909 κλτμαξ
1264 1861 1290 1896 v.
1308 1847 1356 1897 38ε

267 1926 300 1973 tis
321 1924 487 1988 praeceptis,
506 1934 576 1986 quse
594 1922 660 1972 dare
678 1922 792 1985 poteret,
829 1921 905 1981 Atqui
929 1920 969 1970 bic
991 1924 1027 1970 est
1048 1921 1101 1969 cet.
1123 1944 1150 1955 -
1169 1932 1258 1969 rem
1273 1920 1358 1984 capot]

266 2010 352 2062 pauca
381 1995 527 2060 quaedum,
557 1995 606 2047 sed
633 1994 792 2059 praecipua,
831 1996 937 2045 «Totius
948 1994 1060 2057 incepti,
1073 1992 1148 2056 quod
1159 1992 1206 2043 tibi
1217 1994 1358 2057 tantopere

216 2122 229 2133 ,
268 2069 401 2133 (pudoris,
429 2070 590 2129 modestiae,
615 2066 792 2132 prudentius)
831 2068 905 2117 cordl
923 2070 977 2129 est,
1000 2068 1073 2129 origo
1089 2078 1122 2116 ac
1138 2066 1198 2117 linis
1214 2067 1359 2129 primarius

266 2146 353 2194 emico
379 2142 502 2193 inculcat.
538 2144 664 2193 Ceterum
687 2153 795 2191 summe
832 2142 901 2201 erut,
928 2144 957 2190 ut
974 2139 1142 2192 commodius
1158 2141 1283 2200 viveres,
1311 2154 1359 2191 au·

267 2230 330 2269 cum
347 2217 488 2267 lestivitate
507 2216 625 2281 depingit
641 2216 667 2265 in
682 2215 724 2265 his
737 2213 794 2264 vol·
831 2216 952 2265 ctoritate
964 2213 1111 2277 gauderes,
1130 2213 1256 2264 ditarere.
1276 2215 1359 2263 liuius

267 2292 369 2357 perium
395 2293 590 2341 assentatorum
614 2289 745 2339 inscitiam
761 2300 794 2337 ac
831 2293 921 2341 eutem
933 2290 1031 2353 incepti
1044 2300 1187 2340 successus
1199 2289 1246 2337 tua
1257 2290 1286 2337 in
1298 2300 1359 2351 pru-

265 2366 439 2431 pravitetem,
468 2377 521 2428 que
546 2365 669 2428 potentes
692 2362 794 2412 amicos
830 2364 922 2415 dentis
938 2364 1004 2414 situs
1016 2366 1072 2414 est:
1090 2374 1154 2413 nem
1168 2364 1191 2413 si
1202 2362 1358 2412 verecunde

266 2452 347 2504 saepe
365 2452 379 2489 s
397 2452 460 2489 vera
478 2438 593 2489 amicitie
610 2434 749 2501 repellent.
766 2462 791 2471 -
830 2441 967 2502 acceperis
977 2440 1082 2503 petroni
1093 2436 1164 2487 dona
1176 2450 1228 2487 nec
1240 2436 1358 2487 mendici

264 2528 322 2579 repe
339 2513 392 2578 rato]
419 2513 524 2563 «emico
545 2524 594 2563 suo
616 2511 793 2575 potentiore»
830 2512 914 2563 instar
938 2511 1110 2576 impudenter
1124 2512 1282 2575 poposceris
1300 2512 1357 2561 avi·

219 2580 225 2589 ’
266 2592 296 2640 ut
312 2590 378 2655 Epp.
393 2589 459 2649 l,7,
473 2589 513 2637 37.
542 2589 644 2637 senece
661 2584 694 2635 de
712 2586 790 2635 urev.
830 2586 919 2650 deque
931 2588 1061 2652 rapueris,
1078 2585 1208 2650 quidquid
1220 2584 1269 2635 tibi
1279 2586 1359 2635 ollert

265 2664 336 2714 vitae
348 2664 372 2725 3,
386 2664 415 2713 2:
434 2663 483 2713 Dic
495 2660 719 2724 quenternevisto
730 2664 794 2708 tan·
830 2663 952 2723 occasio,
988 2660 1030 2711 ille
1061 2674 1170 2725 semper
1199 2660 1286 2723 megia
1310 2658 1357 2709 tibi

264 2738 459 2803 porecreditor,
473 2736 701 2799 munimcmicn,
714 2748 794 2797 quea
830 2734 943 2795 favebit;
971 2735 1044 2799 quod
1063 2736 1151 2799 ipsum
1168 2734 1216 2785 tibi
1233 2738 1276 2786 est
1294 2748 1359 2799 pro-

265 2818 319 2862 tem
334 2826 405 2871 reor,
424 2816 548 2871 quantum
564 2810 639 2859 ctiam
655 2808 792 2859 33334333.
829 2810 962 2873 positum:
988 2814 1096 2871 contre,
1120 2811 1141 2859 si
1159 2810 1359 2861 inverecundos

265 2888 339 2936 Pers,
354 2887 378 2945 l,
392 2884 439 2933 67:
459 2886 486 2933 te
499 2884 615 2945 praedia
629 2895 726 2946 repaire.
746 2882 794 2931 Le·
830 2886 858 2933 et
874 2886 951 2946 teger
968 2884 1036 2944 eris,
1064 2882 1141 2933 brevi
1158 2887 1282 2948 tempore
1299 2884 1359 2935 iuu-

266 2958 360 3009 cb'onis
385 2970 450 3017 soc,
480 2968 561 3020 quem
587 2968 649 3005 cum
675 2953 793 3005 Bentleio
830 2959 917 3006 torem
935 2956 984 3006 ebs
1001 2958 1028 3007 te
1045 2956 1200 3007 alienabis.»
1218 2957 1360 3021 Vucapat

266 3028 450 3094 praetulerunt
459 3029 791 3078 etiemliuttmennusllstt.
829 3031 874 3080 boc
886 3029 1039 3081 referuntur
1049 3030 1084 3081 ad
1094 3043 1139 3079 rr.
1152 3031 1210 3081 Plus
1218 3055 1250 3067 ··
1259 3032 1357 3093 serem

264 3102 329 3154 stit.
342 3102 367 3163 3,
379 3104 402 3151 l.
415 3115 442 3165 p.
453 3101 511 3151 392.
525 3102 552 3151 ei
561 3102 747 3151 Lachmannus
758 3101 793 3152 ud
828 3119 872 3156 vv.
885 3106 961 3155 diam
970 3132 1007 3142 --
1016 3132 1030 3142 -
1040 3105 1130 3167 reptet
1144 3118 1195 3169 per
1213 3101 1358 3172 ἐπεξήγη·

186 3209 197 3229 .
265 3178 370 3227 Lucret.
384 3175 408 3237 l,
422 3176 490 3235 tis..
509 3174 656 3225 admodum
670 3176 792 3237 exiguae
829 3194 877 3229 ew
897 3179 1052 3243 interposite
1069 3180 1139 3229 suut.
1168 3179 1264 3241 (llinus
1280 3184 1357 3231 recte
1444 3183 1445 3202 l

266 3250 403 3301 codicibus
416 3252 458 3301 est
468 3250 621 3299 auctoritas.
647 3250 734 3312 Atque
749 3249 792 3300 vel
829 3252 871 3302 elii
881 3253 926 3302 loc
937 3252 972 3302 ed
982 3266 1025 3303 vv.
1039 3266 1155 3303 marne
1164 3254 1290 3314 pudentes·
1299 3257 1359 3305 ret-

188 3340 194 3359 ·
265 3327 376 3389 propter
397 3336 494 3375 versus
516 3334 657 3374 caesuram
674 3325 794 3386 praestet
829 3326 964 3389 tulerunt.)
1001 3327 1083 3389 Caput
1099 3329 1190 3377 autem
1207 3330 1235 3377 et
1249 3328 1308 3389 sons
1323 3342 1358 3379 ex
1415 3382 1421 3390 ,

265 3413 324 3462 aco,
343 3399 437 3451 idest:
452 3410 606 3462 «nunquam
617 3396 706 3449 locum
718 3396 792 3448 illum
828 3400 942 3451 iormule
958 3401 1050 3451 Ludna
1066 3400 1105 3451 sic
1119 3402 1264 3464 iunguntur
1274 3402 1358 3453 etiam

266 3486 439 3525 communem
456 3472 490 3523 de
507 3474 664 3537 paupertate
682 3476 709 3522 et
726 3470 793 3522 mul·
829 3474 901 3537 apud
918 3474 1077 3525 Ciceronem
1094 3474 1128 3524 de
1146 3475 1190 3524 Or.
1204 3477 1233 3534 l,
1249 3476 1296 3536 ⁴9,
1309 3475 1356 3527 ts:

265 3550 299 3599 tis
315 3548 449 3610 variisque
467 3548 525 3596 eius
541 3544 718 3596 incommodis
735 3548 793 3595 tnn-
824 3547 1028 3610 philosophemur
1050 3560 1149 3611 procu,
1176 3548 1231 3597 tem
1255 3548 1290 3597 ab
1314 3549 1358 3599 illo

265 3622 373 3685 gentes,
390 3623 419 3669 ut
430 3620 527 3670 iaciunt
540 3618 666 3683 alliquo,
680 3621 702 3671 si
713 3619 790 3679 torte,
826 3621 896 3684 tonte
904 3627 928 3671 et
938 3623 1020 3684 capite
1028 3624 1141 3671 εοοναεο.
1156 3648 1185 3657 -
1197 3622 1263 3683 erat]
1276 3624 1358 3673 «trino

265 3694 352 3744 lnutor
376 3692 502 3756 intelliget
528 3694 600 3756 ipsos
622 3694 734 3757 'quoque
760 3694 791 3744 lis
828 3708 891 3744 cum
908 3695 1036 3746 sumebas
1053 3694 1198 3759 pudenter,
1217 3697 1300 3757 etque
1315 3698 1358 3747 est
1442 3711 1443 3726 ³

264 3766 351 3831 premi
376 3778 408 3815 ac
433 3766 603 3830 pauperculis
621 3768 714 3817 amicis
732 3769 791 3817 ten-
828 3770 1008 3820 etiamnunc.-

265 3840 329 3891 dem
340 3844 488 3898 succurrat,
502 3853 555 3891 non
567 3842 624 3892 sine
637 3842 715 3891 lecito
725 3854 792 3904 qua·
860 3840 950 3893 ists.
975 3844 1093 3894 indotata
1110 3842 1172 3905 cei]
1196 3841 1357 3906 Exemplum

265 3914 329 3964 dem
340 3914 539 3976 contemptione
548 3928 580 3963 ec
590 3913 789 3978 despicientia.»
827 3915 1022 3980 impudentiae,
1040 3929 1110 3980 quae
1126 3914 1260 3966 beneficia
1277 3928 1357 3967 men·
1441 3933 1442 3988 p

265 3986 304 4038 Gi.
315 3984 398 4036 Plaut.
409 3986 490 4036 stich.
501 3986 526 4047 3,
536 3988 561 4049 2,
574 3990 604 4038 l:
623 3988 789 4052 wmcoeildo,
828 3989 899 4039 dicet
925 4004 941 4039 a
976 3993 1106 4054 petrono,
1135 3990 1225 4040 causis
1253 3988 1355 4051 alleba,

264 4060 443 4122 quampotis,
469 4060 791 4111 nummulariorum
827 4076 897 4126 quae
914 4063 994 4114 buius
1011 4062 1235 4124 misericordiam,
1252 4066 1358 4127 etspe-
1440 4123 1441 4134 χ

263 4146 347 4197 repam
363 4133 476 4183 rideatis
491 4132 562 4197 tenu.
588 4132 691 4185 Colum
710 4136 740 4185 li.
758 4136 789 4185 s
827 4138 883 4197 rat,
897 4136 1119 4188 lacilemovcant.
1142 4138 1358 4221 lgnumiuiosum
1440 4137 1441 4144 ’

264 4208 391 4271 preel.,l
411 4207 439 4257 9:
464 4206 501 4256 Ae
526 4206 650 4259 honestius
673 4208 791 4259 decertes
828 4211 918 4260 summ
937 4213 996 4260 erat
1012 4210 1084 4261 iretn'
1099 4223 1185 4261 soron
1196 4210 1289 4262 dotem
1301 4224 1357 4263 non
1440 4195 1441 4250 i
