2925 4892
535 346 592 396 utu.
613 348 631 396 ι.
667 346 784 399 stru
1159 350 1200 415 37

130 504 221 569 lactet
239 500 402 589 habetque
426 500 548 589 palem,
572 502 788 589 quaeritque
810 503 916 591 turpia
937 504 1029 573 celet.
1164 508 1206 571 85

128 622 261 711 Regibus
282 622 336 689 hic
356 644 428 690 mos
450 633 513 690 est:
537 622 592 689 ubi
614 644 718 712 equos
740 634 932 700 mercentur.
963 636 1095 713 opertos

128 744 312 831 Inspiciam,
337 764 398 821 ne,
422 744 449 809 ιι
472 743 585 822 iacies,
609 754 645 811 ut
665 764 781 832 saepe,
806 744 927 811 decoro
1106 718 1113 733 ¹

128 864 206 932 llolli
226 864 303 931 tulta
324 865 410 953 pede
433 875 498 943 est,
523 874 702 952 emptorem
725 864 856 933 inducet
876 865 1030 943 hiantem,

127 986 215 1066 Quod
234 986 391 1074 pulchrae
412 986 543 1063 eluneS,
566 984 667 1054 breve
690 986 780 1075 quod
801 996 913 1075 caput,
936 986 1040 1053 ardua
1061 990 1179 1057 cervix.

126 1108 191 1175 lloo
211 1107 255 1173 illi
278 1116 383 1175 recte:
406 1128 449 1173 ue
471 1107 619 1195 eorporis
640 1108 762 1195 optime
782 1108 903 1196 Lyncei
1163 1112 1207 1177 uu

184 1296 224 1347 88.
243 1298 320 1347 ducet
344 1300 437 1347 contre
459 1294 542 1347 libros
565 1294 710 1357 Bentleiue,
737 1294 796 1347 coll.
815 1300 889 1348 Peru.
907 1300 936 1359 e,
962 1298 1018 1349 tte.
1040 1326 1068 1337 ·-
1086 1299 1126 1349 illl.
1145 1306 1173 1351 tu

152 1373 263 1434 eorporis
279 1397 294 1408 -
310 1396 325 1409 -
342 1370 516 1433 Gentenplm
530 1397 546 1407 -
561 1396 576 1407 ·
592 1376 689 1433 spectas
703 1369 788 1421 Bentl.
809 1373 894 1433 coni,
918 1373 967 1424 niei
989 1372 1063 1435 quod
1085 1374 1170 1425 codd.

152 1445 210 1510 eliq.
231 1447 257 1508 (κ
275 1448 303 1497 et
318 1460 343 1507 φ
360 1442 435 1508 alter)
454 1444 580 1495 exhibent
601 1444 781 1508 Centenplure.
802 1472 830 1482 -
848 1448 939 1508 tunel
959 1444 1012 1507 list
1029 1460 1107 1499 «cum
1122 1462 1173 1501 ve-

152 1520 297 1571 tusussimo
318 1518 486 1580 blandinio»,
506 1518 620 1569 Pettieril
641 1521 784 1584 septimun,
809 1520 904 1571 cliiii:
928 1522 1032 1583 benedt
1046 1536 1069 1573 ι.
1087 1522 1173 1575 linceis

120 1752 263 1818 lapillisque
283 1753 409 1817 pretiosis
431 1754 490 1818 cepi
514 1766 544 1805 se
565 1756 643 1819 pele-
680 1754 718 1804 «ei
737 1752 801 1818 quio
817 1752 923 1804 honeeti
938 1754 1031 1815 metet,
1049 1756 1205 1807 nontamen

120 1831 197 1878 retur.
231 1829 264 1877 ln
289 1839 343 1891 quo
369 1826 543 1893 explicatione
571 1842 642 1881 nunc
679 1829 786 1891 queem
802 1829 871 1877 cet·
891 1854 920 1864 -
937 1840 1045 1879 mercen
1060 1830 1114 1879 title
1131 1829 1205 1894 Μ]

119 1902 324 1967 acquiescimus.
338 1900 579 1953 Cerinthueeutem
591 1903 643 1953 llo-
679 1914 794 1967 «corpur
815 1899 910 1951 venale
936 1902 994 1953 elue
1020 1899 1152 1953 lenocinio
1177 1907 1206 1955 et

118 1978 172 2025 reu'i
188 1976 265 2027 idem
282 1975 365 2025 luisee
387 1976 468 2039 elque
485 1974 541 2037 ille,
566 1978 641 2027 cuiue
679 1976 796 2027 externis
824 1978 1014 2027 ornamentis.»
1045 2004 1073 2013 -
1101 1976 1205 2042 tenent]

118 2064 220 2101 umores
239 2048 389 2101 celebravit
404 2048 521 2101 Tibullus
539 2050 595 2101 Lib.
608 2052 639 2113 ι,
679 2048 824 2113 «pulchri»,
841 2052 872 2099 ut
887 2050 958 2114 virg.
977 2051 1068 2112 Oet,
1086 2050 1149 2102 tot:
1171 2052 1205 2101 ut

117 2126 139 2175 ι.
157 2126 184 2175 et
201 2123 260 2175 Lib.
280 2122 311 2185 l,
329 2124 354 2173 ι.
374 2136 445 2187 sqq..
471 2136 525 2173 non
541 2126 639 2189 potest.
678 2136 826 2187 quecunque
849 2125 909 2174 deut
931 2124 1028 2175 mcum
1050 2130 1128 2189 ceput
1152 2126 1204 2189 epit

117 2200 179 2249 bem
200 2199 378 2249 liorntienum
395 2198 518 2249 floruisse
536 2198 641 2248 circiter
677 2198 812 2247 ιοηιιιιιιιι.

117 2286 138 2323 ι.
156 2286 182 2323 ιι.
202 2286 226 2323 c.
246 2273 307 2322 rte.
331 2284 442 2323 neeesse
466 2274 521 2334 eet,
547 2270 641 2322 Tibulli
710 2272 799 2323 86-95.
825 2270 939 2336 raptu]
961 2284 1011 2337 pro
1035 2271 1201 2323 mutuum.-

118 2348 273 2397 Cerinthum
299 2360 325 2397 ιι.
349 2358 375 2396 ιι.
399 2360 423 2396 c.
447 2344 516 2407 teu,
543 2344 640 2410 quibus
678 2370 707 2381 -
731 2345 817 2410 saciet]
841 2346 981 2396 «untverm
1004 2346 1124 2411 eorporis
1147 2345 1203 2396 lor-

116 2422 164 2471 ιι.
187 2422 268 2471 annis
292 2420 345 2471 ssoe
371 2421 464 2471 ιοιιιιιι
488 2420 579 2483 nuque
604 2416 640 2470 illi
677 2432 748 2469 men
768 2446 795 2456 -
818 2420 889 2470 molli
908 2420 975 2483 litto
991 2420 1063 2485 petie]
1084 2418 1202 2483 intellige

117 2497 265 2546 munierat.
306 2494 507 2545 commentator
530 2492 640 2559 quidem
677 2506 755 2543 crure
772 2492 904 2545 imbecille
923 2497 951 2543 et
960 2494 1068 2545 vitiosus
1078 2492 1201 2556 ungulus.

116 2572 192 2634 Cruq.
210 2569 379 2620 subrustice:
400 2568 557 2619 :cerintlnue
574 2566 641 2618 dioi-
677 2568 719 2617 sie
735 2568 857 2632 xenoph.
876 2567 911 2617 de
927 2580 958 2617 re
975 2579 1019 2631 eq.
1038 2568 1067 2627 t,
1085 2566 1110 2617 ³.
1129 2580 1204 2618 com·

116 2646 155 2694 tur
170 2643 221 2695 illis
239 2640 409 2707 temporibus
425 2641 507 2692 luisse
518 2640 641 2706 pulcher-
676 2642 788 2693 mendot
809 2642 837 2691 ln
859 2642 936 2703 equis
961 2642 1064 2701 καχιτς
1082 2635 1200 2703 ὄνυχας,

116 2721 209 2769 timum
229 2718 366 2777 ecormm,
390 2716 485 2779 insigni
506 2716 595 2781 specle
613 2719 641 2767 et
676 2716 851 2782 reprehendit
861 2710 991 2777 λιπτοιις.
1023 2715 1135 2779 Oppiae.
1148 2716 1203 2778 cy·

116 2794 259 2843 condere.»
677 2803 738 2854 neg.
758 2789 788 2850 l,
810 2789 866 2838 tle.
890 2789 918 2837 iu
941 2788 1005 2853 eqni
1027 2786 1130 2851 pulchri
1153 2788 1203 2839 de·

134 2866 227 2919 utun.
241 2866 305 2915 Sine
316 2864 431 2915 causatu
442 2864 534 2915 hieru.
545 2866 641 2917 hoeee-
677 2866 834 2931 scriptione:
860 2858 952 2914 Βαιὸν
976 2856 1049 2933 ὖπὲρ
1072 2856 1201 2933 tappet,

116 2944 172 2991 runt
183 2940 349 3003 interpretes
361 2936 492 2999 nonnulli,
505 2950 567 2989 cum
576 2952 641 2991 sen·
676 2935 821 3011 μιτῄορον
848 2930 906 3002 ὕψι
932 2932 1061 3007 κάρηνον
1085 2930 1200 3007 Ἆιιροι,

116 3027 159 3065 sus
174 3016 210 3065 ιιι
226 3013 428 3077 apertissimus:
448 3013 519 3062 «Nec
534 3012 598 3063 tecit
610 3015 641 3062 ut
676 3042 692 3053 -
708 3042 724 3053 -
741 3013 837 3085 Μηροι
858 3010 882 3062 δ’
900 3006 1049 3079 ιιιπαγέις,
1074 3008 1202 3078 μυώδεις

116 3089 228 3139 luminae
246 3085 367 3145 nobiles,
386 3098 455 3149 quoe
473 3086 495 3135 el
508 3084 641 3151 quidpul·
677 3087 737 3139 κτλ.
759 3115 786 3125 -
804 3087 915 3151 educet]
934 3086 1077 3151 «decipiet,
1104 3086 1201 3137 tellet-

115 3164 169 3213 riui
185 3161 305 3221 hubent,
329 3160 381 3209 hoc
397 3162 544 3221 ostentent,
563 3161 639 3211 anxie
679 3191 707 3199 -
725 3160 843 3225 ιιαιιιηι]
865 3161 1034 3226 :cupidum
1061 3164 1149 3211 Gnoso.
1171 3184 1198 3197 -

115 3240 205 3288 eontra
227 3238 303 3285 eries
325 3234 556 3298 circumspiciunt,
581 3234 641 3297 qui·
678 3236 782 3287 tamer
805 3235 870 3285 dixit
893 3238 920 3285 in
944 3234 1070 3285 feminino
1086 3248 1200 3299 genere,

115 3310 163 3361 hue
180 3322 285 3360 naevos
302 3307 541 3371 membrorumque
554 3307 643 3357 detor·
677 3311 725 3362 sed
747 3308 879 3361 luvenalis
896 3310 951 3373 lit,
971 3310 1042 3372 tet.)
1063 3310 1103 3359 tic
1123 3310 1204 3359 clueo

116 3387 235 3435 mitatem
247 3382 408 3433 occultent.»
426 3380 557 3433 Perticule
569 3384 640 3434 enirn
677 3384 755 3445 dixit,
774 3384 847 3447 quod
864 3384 1014 3433 tenemus.»
1037 3383 1098 3431 Aen.
1113 3408 1142 3418 -
1155 3395 1203 3431 ur-

116 3472 230 3510 reccrxm
250 3456 641 3521 adrulnetutuutetqreper·
677 3456 995 3524 douuiocltrnpendn.
1029 3454 1200 3517 vngues,

117 3535 192 3593 linet,
220 3534 280 3583 tum
306 3531 339 3581 ed
365 3544 390 3581 v.
409 3532 516 3593 weit.
553 3531 641 3581 «Con-
677 3534 717 3583 79.
738 3532 773 3581 de
790 3544 875 3594 equo:
892 3529 933 3579 tltt
948 3528 1033 3577 ordeo
1049 3528 1137 3576 mie
1151 3527 1203 3577 Ar·

116 3608 211 3657 iunmio
222 3608 316 3655 eutem
328 3604 466 3666 utriusque
475 3604 639 3655 sententieen
677 3612 814 3671 pomaque
830 3608 920 3667 copul,
938 3602 1019 3652 brevit
1032 3600 1105 3651 ulem
1115 3600 1203 3651 oberu-

116 3684 143 3730 nt
164 3678 260 3731 llendii
282 3676 374 3729 verbis
396 3680 504 3729 utemur
523 3680 600 3729 Ture.
618 3680 638 3727 l.
678 3694 725 3743 que
747 3685 835 3744 tepet,
862 3678 1038 3739 imitatem
1060 3676 1123 3725 terit
1145 3676 1204 3726 onl-

115 3767 140 3818 p.
153 3754 209 3805 350.
225 3766 275 3803 «ee
287 3754 343 3813 eet,
362 3764 416 3816 que
428 3752 497 3803 dunc
509 3766 553 3803 ree
565 3764 641 3803 caue-
677 3768 775 3804 neouen
791 3758 886 3817 pectre.
907 3779 934 3789 -
952 3765 985 3802 ne
1005 3752 1119 3813 corporis
1140 3750 1204 3814 cet]

116 3840 159 3879 see
175 3827 219 3879 rel
237 3828 348 3878 rebonis
366 3840 435 3877 nexu
448 3828 483 3877 ite
496 3827 642 3877 cohoeren·
679 3829 738 3879 «Sic
754 3827 807 3878 noll
824 3830 853 3877 tu
870 3827 967 3877 ecriter
981 3823 1154 3889 contemplari
1165 3826 1204 3873 ot·

115 3908 166 3961 teu,
188 3905 219 3952 ut
240 3904 267 3953 ιιι
288 3913 322 3952 eo
339 3899 498 3965 explicando
518 3900 640 3951 adhiberi
679 3916 731 3966 que
753 3902 894 3963 admirari,
921 3913 991 3964 quoe
1008 3898 1118 3964 pulchre
1142 3900 1205 3948 eunt

114 3978 196 4041 poesit
217 3974 262 4027 vel
278 3990 358 4037 omem
377 3973 421 4025 rel
443 3976 465 4024 ri
488 3973 539 4038 [vel
560 3976 639 4037 euml,
679 3977 704 4026 in
717 3975 838 4037 muliere,
857 3976 992 4026 caecutire
1004 3974 1031 4025 ln
1042 3974 1087 4035 ιιι,
1106 3971 1205 4037 quibus

116 4062 199 4113 nequo
215 4049 275 4101 loco
287 4049 359 4100 etex
371 4045 556 4119 παραλλήλου
568 4062 642 4099 com·
679 4048 806 4100 delormis
825 4051 892 4099 eet.»
912 4076 940 4085 -
958 4046 1058 4111 lance]
1075 4049 1106 4096 ut
1121 4044 1205 4096 Acilii-

116 4128 273 4188 ponuntur.-
304 4126 396 4176 Lectio
408 4124 473 4174 cod.
488 4122 582 4184 Ouell,
596 4125 641 4187 qui
677 4124 723 4184 lei,
745 4123 814 4172 Oilei.
839 4120 913 4173 Piud.
927 4122 1003 4172 Nem.
1017 4121 1061 4181 ιιι,
1081 4120 1126 4169 ιιι
1145 4119 1204 4169 κει-

118 4212 140 4247 v.
157 4206 190 4251 ert
207 4202 317 4265 omittit,
337 4202 373 4251 itu
386 4198 541 4265 explicanda
555 4200 638 4251 esset:
678 4212 730 4249 voe
742 4193 798 4266 γὰρ
809 4195 983 4257 ἐπιχθονιων
995 4190 1109 4245 πάντων
1119 4185 1204 4258 γένει’
