2925 4892
536 342 596 394 um.
614 344 634 395 4.
668 344 737 395 etv.
756 344 799 395 1¹.
1148 340 1210 407 453

163 497 263 579 Quod
284 518 390 585 puero
411 498 531 565 eeoinit
550 498 660 565 divine
680 508 767 567 motu
790 518 872 566 enus
894 518 990 565 urna:
1167 498 1209 565 30

160 620 257 686 Hune
278 638 388 706 neque
409 618 481 686 dire
503 638 629 688 venenu
653 640 715 688 nec
736 620 881 689 hosticus
902 620 1026 689 auferet
1047 618 1136 689 ensis

159 741 229 807 Neo
249 738 389 807 luterum
409 738 505 806 dolor
525 750 581 807 eut
602 741 702 807 tussis
722 762 785 808 nec
806 740 899 809 tarde
921 741 1083 829 podagre,

161 858 320 927 Garrulus
340 859 428 927 huno
449 860 582 949 quando
603 871 774 929 consumet
794 882 942 950 cunque3
966 862 1136 950 loquaces,

159 981 194 1046 Si
219 982 341 1069 sapiet,
364 981 456 1059 vitet,
480 979 576 1048 simul
597 994 696 1070 etque
717 981 897 1051 adoleverit
918 993 1017 1051 eetee.

159 1103 299 1169 Ventum
319 1110 390 1169 erut
411 1100 453 1168 ud
475 1104 606 1179 Vestae,
630 1112 746 1191 quarte
768 1104 832 1170 iem
852 1114 944 1192 perte
966 1104 1032 1172 diei
1167 1106 1209 1173 35

182 1288 226 1339 30.
238 1290 416 1351 movero
428 1290 454 1341 S.
476 1318 503 1326 -
520 1295 591 1340 mota
606 1290 694 1342 ἀίυίνία
710 1292 829 1357 cruquio
846 1294 955 1345 auctore
972 1292 1115 1347 Bentleius.
1138 1296 1177 1359 (Vt

149 1376 216 1423 nos,
235 1375 332 1413 omnes
349 1364 433 1415 nostri
449 1367 477 1414 et
492 1364 628 1428 Pottierii.)
645 1391 673 1402 -
692 1366 732 1417 34.
752 1368 819 1417 deero
835 1366 863 1418 h.

118 1521 222 1580 minet„
247 1520 278 1571 id
302 1522 358 1580 eet,
384 1521 533 1581 eommote,
556 1520 646 1573 tumre
685 1548 713 1559 —
736 1522 869 1588 comt]
894 1525 1028 1577 interitum
1053 1524 1155 1579 lentum
1176 1540 1208 1579 ue

118 1598 232 1662 percita,
251 1597 308 1658 vei,
326 1596 409 1647 utelii
421 1596 568 1662 explieent,
585 1612 647 1663 per·
682 1595 782 1648 doloris
803 1596 913 1661 plenum
930 1599 1068 1663 signifieat.
1089 1629 1117 1638 -
1135 1603 1210 1653 simut

118 1675 202 1731 motu,
234 1672 357 1733 inducte]
381 1676 452 1721 md
476 1672 576 1733 med,
602 1672 646 1723 vei
683 1675 759 1733 atque
784 1672 920 1723 adoleverit
941 1674 1027 1735 uetus]
1051 1674 1122 1737 Virg.
1141 1676 1207 1725 Aen.

118 1744 321 1797 eumBentieio:
335 1746 643 1811 desedioiuotsortiiege)
683 1746 730 1805 te,
749 1744 812 1796 438:
830 1758 892 1795 moe
908 1759 966 1797 eum
981 1752 1086 1798 maturo
1096 1746 1210 1799 adoleve-

116 1824 185 1870 soto
199 1823 280 1868 vend.
314 1818 645 1871 «Anmdtomomvocere
681 1818 718 1867 n‘t
734 1822 814 1869 aetus.
843 1820 1060 1885 Etieminprose
1078 1822 1206 1871 oratione.

115 1897 236 1959 poterut,
249 1892 300 1945 sed
310 1908 404 1944 uenum
415 1893 522 1945 metuit:
535 1894 562 1945 id
574 1896 646 1945 enim
683 1894 738 1943 Liv.
759 1894 787 1955 4,
805 1892 835 1955 4,
854 1895 884 1944 8:
903 1908 960 1944 oum
972 1896 1086 1957 primum
1101 1896 1210 1947 udokvit

119 1964 347 2037 ποιητικώτερον
364 1970 418 2029 est,
445 1968 557 2033 perinde
574 1970 647 2019 soei
683 1972 762 2017 udus.
798 1968 853 2018 Cio.
878 1971 974 2020 Aucus.
998 1970 1073 2021 Verr.
1101 1970 1131 2032 3,
1158 1970 1207 2033 68,

116 2056 181 2093 urna
208 2044 270 2107 ipsu
294 2042 437 2104 divinaret,
464 2042 537 2093 uude
559 2046 646 2094 sortes
684 2042 745 2091 toti:
764 2046 846 2093 aetate
862 2044 960 2093 adsultu
981 2068 1008 2080 -
1029 2046 1100 2095 Fieto
1117 2046 1209 2097 eutem

115 2116 302 2181 tegebantur.-
329 2117 454 2167 Toenrur.
479 2118 532 2168 ctr.
550 2118 599 2168 0d.
612 2120 644 2179 2,
683 2116 735 2166 hoc
743 2116 866 2167 vaticinio
878 2117 1001 2169 omuibus
1010 2119 1084 2171 istius
1094 2120 1208 2171 hominis

114 2192 142 2252 3,
160 2193 203 2243 26.
229 2192 260 2254 3,
281 2193 308 2251 4,
327 2192 368 2241 te.
391 2190 434 2241 Sil.
452 2190 510 2241 ltei.
528 2192 558 2253 3,
581 2192 644 2244 344;
683 2188 812 2241 similibus
822 2191 953 2255 significet
961 2206 990 2243 se
1000 2192 1062 2243 nihii
1071 2192 1209 2257 mugieub·

115 2267 254 2317 ww
282 2272 305 2315 et
328 2278 429 2328 pennae
453 2266 646 2329 αέυίίίωνίίηρω
682 2266 795 2315 omineri
812 2278 893 2329 quem
905 2268 1010 2331 ineptos
1022 2280 1054 2319 eo
1069 2266 1206 2320 molestos.

114 2340 427 2406 uquoemssommonen.
454 2340 494 2390 Ad
506 2339 645 2392 elisionem
714 2338 800 2390 34-34.
814 2342 849 2391 ad
863 2342 954 2406 Vestae]
968 2344 997 2391 ut
1008 2345 1051 2392 Gr.
1065 2342 1106 2405 εἰς
1114 2336 1210 2392 Ἀπόλ-

114 2420 206 2467 eutem
216 2414 314 2478 iongee
325 2412 446 2477 syliubee
457 2416 519 2465 ente
531 2414 645 2465 brevem
682 2411 782 2476 λωνος.
803 2416 858 2467 «Ad
875 2416 1005 2467 fornicem
1018 2416 1162 2467 Fabianum
1175 2430 1209 2467 ex

114 2491 160 2541 cir.
173 2492 229 2540 Set.
244 2492 277 2549 4,
295 2490 326 2549 4,
346 2488 408 2538 tot:
428 2489 539 2550 Quidore'
555 2490 642 2553 ἐρίων.
682 2489 763 2539 Socra
780 2489 821 2539 vie
843 2490 1025 2541 sinistrorsum
1047 2503 1077 2541 ee
1095 2502 1210 2541 conver·

113 2566 141 2622 Ξ,
157 2566 189 2625 t,
209 2563 258 2613 63:
281 2562 357 2624 Quott
372 2564 459 2627 ἐρίων.
492 2564 546 2613 Set,
564 2564 594 2622 2,
613 2563 643 2625 3,
682 2564 770 2612 terunt
791 2564 929 2627 tumquem
952 2564 1070 2615 Tiberim
1085 2565 1208 2627 petituri,

114 2639 158 2687 te:
184 2638 335 2689 emeram
354 2649 436 2697 aquo
452 2637 546 2687 ωιέωο.
576 2636 643 2701 Epp.
683 2638 757 2687 trune
783 2648 865 2699 quem
891 2636 991 2687 cubare
1014 2638 1117 2689 dixerut
1141 2637 1209 2687 umi-

7 2737 8 2742 =
115 2710 643 2773 t,2‚2s:eeqnooperotn.t,t,ttz
682 2722 761 2769 eum;
789 2710 841 2760 iem
858 2710 1065 2773 progrediuntur
1082 2724 1115 2761 eo
1134 2710 1207 2771 vieo,

112 2799 151 2834 me
166 2788 257 2835 etim
272 2787 300 2845 4,
320 2784 367 2843 44,
386 2784 430 2833 37:
449 2784 548 2846 obliquo
564 2785 645 2836 oceeto.
682 2796 765 2849 quem
783 2784 833 2834 suh
857 2782 929 2833 Velie
954 2785 1079 2835 vocatum
1097 2782 1210 2833 nrbttm·

112 2860 182 2923 Vrrg.
200 2862 272 2910 Aen.
291 2861 321 2920 2,
344 2860 404 2909 ⁴82:
431 2859 564 2921 lnproots'
583 2860 645 2909 ode-
681 2872 757 2921 mur,
784 2860 812 2909 et
833 2857 943 2909 tendem
966 2858 1001 2909 ed
1022 2859 1119 2909 Vestae
1140 2860 1210 2909 tem·

112 2941 180 2985 nest.
200 2935 335 2996 uetsigius
347 2934 461 2984 coniecit
469 2940 574 2996 ωοωω,
591 2933 645 2985 hoo
681 2933 756 2997 pium
782 2935 968 2997 perveniunt.»
1005 2935 1149 2984 Gourrmuo
1174 2931 1208 2983 de

112 3022 209 3060 sensu:
236 3010 323 3071 [amn
337 3013 434 3059 metten
451 3009 575 3071 (eiectum
591 3021 645 3058 une
682 3010 763 3057 sucre
781 3010 823 3058 vin
842 3008 868 3057 in
886 3008 968 3057 teneti
985 3008 1053 3057 Anu.
1072 3008 1096 3057 3.
1116 3006 1208 3073 Suppi.

114 3097 175 3134 cum
201 3086 279 3134 sorte
305 3084 347 3144 ex)
372 3097 441 3133 urere
464 3084 560 3133 divine
590 3081 643 3133 Cir.
682 3081 779 3145 ρ.634.
809 3083 908 3132 Vestae
920 3084 1010 3132 eutem
1028 3080 1159 3145 templum
1174 3082 1209 3132 ed

114 3158 200 3208 itaese
220 3157 255 3207 ed
272 3155 342 3207 iliius
359 3158 404 3207 Gr.
424 3158 478 3207 tut.
498 3171 524 3222 p.
540 3158 599 3207 446.
615 3180 642 3193 -
682 3156 780 3205 Forum
792 3156 861 3205 inter
871 3154 1028 3221 capitolium
1041 3158 1069 3205 et
1079 3154 1209 3207 Pulutium

113 3230 230 3295 miuus]
254 3231 315 3280 Vrd.
334 3231 369 3281 ed
389 3230 437 3281 Od.
461 3231 491 3292 3,
514 3232 544 3291 2,
569 3231 594 3280 6.
615 3258 644 3267 -
682 3230 748 3280 erat.
792 3230 899 3279 Nardint
928 3232 957 3281 u.
986 3232 1016 3279 Α.
1044 3231 1073 3279 ΙΙ.
1101 3242 1126 3293 p.
1149 3230 1206 3279 484.

115 3305 225 3356 meum
249 3304 331 3369 dolor]
359 3304 522 3368 upleuritis.»
551 3306 643 3354 soson.
681 3305 784 3355 Becker
795 3304 828 3355 de
846 3307 944 3354 Romae
957 3305 1010 3353 vet.
1025 3305 1108 3353 muris
1121 3316 1147 3367 p.
1161 3304 1207 3353 25:

115 3380 169 3429 Cic.
187 3380 225 3429 de
242 3378 334 3439 orit,
352 3378 382 3440 2,
404 3379 433 3428 6:
459 3378 546 3429 tuteris
561 3378 646 3428 dolore
684 3380 757 3429 «Vuit
780 3378 921 3429 delubrum
945 3377 1055 3435 Vestes,
1086 3390 1139 3439 quo
1160 3389 1210 3426 no·

114 3458 277 3515 maerentes
301 3456 345 3501 eet.
373 3480 399 3488 -
418 3452 500 3513 euru]
526 3452 644 3514 φθίσις,
682 3453 754 3503 mine
772 3452 853 3502 etiem
870 3452 977 3513 Regium
995 3448 1207 3513 comprehendo,

115 3525 374 3589 «tabam-turdo]
389 3527 539 3587 transitive,
559 3539 644 3590 «quse
682 3528 753 3577 iuxte
770 3528 868 3577 Forum
891 3528 1053 3583 Romanum,
1081 3524 1153 3583 eive,
1180 3526 1211 3574 ut

114 3604 205 3654 tardos
222 3602 340 3653 reddit.»
369 3600 527 3664 estotim,
547 3604 577 3654 2:
597 3603 646 3653 Aut
681 3600 903 3661 soientitomnui,
924 3598 1053 3663 quidquid
1071 3597 1209 3648 aedificio-

114 3680 136 3726 si
150 3691 226 3741 quern
241 3677 335 3727 merito
349 3677 427 3725 turdo
439 3676 643 3739 podomeeeeut.
682 3688 742 3727 rum
759 3676 830 3726 circe
847 3686 940 3724 ureem
958 3673 1017 3724 Vori
1035 3675 1105 3734 eret,
1126 3672 1209 3738 ipsius

116 3778 143 3789 -
160 3753 266 3815 quando
284 3776 300 3786 -
315 3750 426 3815 ermque]
451 3750 642 3813 antiquando»,
682 3750 740 3801 Vori
758 3750 864 3814 purtem
880 3760 991 3809 vocure,
1019 3748 1045 3797 in
1068 3748 1133 3797 Voro
1158 3750 1210 3799 Ro-

114 3827 222 3890 proprie
250 3824 484 3888 «quandocunque
512 3824 539 3874 id
560 3824 643 3886 fiet,»
681 3836 788 3874 muno.»
817 3824 848 3873 Et
865 3823 986 3887 proxime
1002 3821 1209 3884 quidemuedes

115 3903 144 3949 ut
158 3900 236 3950 ovid.
251 3899 314 3948 Met.
328 3899 359 3955 4,
377 3897 443 3949 4443τ
462 3899 550 3948 sinon
562 3899 645 3962 petie·
681 3899 778 3949 Vestes
805 3897 951 3960 attingebat
976 3895 1082 3948 Libonis
1104 3896 1208 3961 putent,

114 3980 172 4023 ruit
190 3974 282 4024 mio
302 3986 413 4034 messor,
441 3974 644 4035 ouwdoeorque
681 3971 729 4021 ubi
753 3970 849 4021 iudioiu
875 3972 994 4021 exerceri
1019 3970 1095 4023 solitu
1124 3974 1208 4023 erent.

114 4046 376 4111 adimentis.
405 4048 527 4109 Tristd,
546 4050 576 4108 4,
595 4048 642 4097 et:
682 4044 958 4107 Coni.ed0d.t,t,
979 4047 1207 4107 tu-quareap.

115 4123 336 4183 Quumque,
358 4135 463 4183 precor,
489 4147 504 4159 ·
526 4148 541 4159 -
557 4121 645 4184 adept-
681 4120 717 4184 4.]
736 4121 816 4171 «hore
835 4122 938 4172 tertie.»
956 4120 1065 4172 Mertiel.
1079 4118 1108 4180 4,
1127 4120 1156 4179 8,
1175 4120 1207 4168 2:

116 4197 192 4248 ciere.
221 4198 263 4247 De
282 4196 360 4246 tmesi
378 4195 445 4246 cont.
460 4195 508 4246 0d.
523 4197 549 4258 4,
569 4196 599 4259 6,
617 4194 642 4246 3.
680 4195 788 4245 Exercet
812 4208 904 4246 raucos
928 4194 1004 4245 tertio
1022 4193 1104 4257 (horn)
1123 4192 1209 4243 cousi-
