2925 4892
520 379 580 429 tta.
598 380 619 428 1.
654 381 721 430 ΕΔΤ.
742 381 771 430 X.

140 504 344 592 Contemptis
366 503 451 580 aliis,
475 505 609 593 explosa
631 505 809 574 Arbuscula
831 507 918 574 dixit.

138 627 209 692 llen
234 637 365 692 moveat
385 627 491 692 cimex
513 627 681 701 Pantilius,
709 638 764 693 aut
786 630 910 696 cruciet
930 629 1018 716 quod

139 746 271 814 l'ellicet
294 747 464 814 absentem
487 747 685 821 Demetrius,
710 759 764 814 aut
787 749 875 838 quod
900 750 1026 837 ineptus

144 869 289 934 Fannius
311 867 526 954 Hermogenis
547 868 655 935 laedat
679 870 816 936 conviva
838 870 975 958 Tigelli?
1146 875 1187 938 80

140 987 262 1055 Plotius
284 999 319 1056 et
338 989 468 1063 Varius,
494 989 664 1056 Maecenas
688 991 917 1080 Virgiliusque,

139 1109 269 1196 Valgius
293 1120 327 1176 et
348 1109 465 1198 probet
485 1110 567 1178 haec
590 1112 760 1186 Octavius,
785 1113 926 1200 optimus
948 1124 1046 1202 atque

138 1233 262 1298 Fuscus
288 1231 424 1298 ethaeo
446 1233 566 1298 utinam
587 1233 759 1299 Viscorum
780 1234 890 1303 laudet
913 1237 1064 1323 uterque!

157 1496 198 1543 77.
216 1493 357 1544 mumma
373 1511 403 1555 tt,
420 1495 543 1544 Amicitia
559 1511 591 1543 ω.
613 1523 639 1531 -
660 1495 700 1545 78,
720 1497 818 1546 molor
835 1510 897 1548 cum
915 1495 1015 1548 Aldinls
1027 1499 1087 1549 LCl.
1115 1501 1153 1560 (Ul

126 1582 189 1628 nos,
207 1581 308 1618 omnes
325 1569 421 1629 nostri,
440 1567 563 1630 Bentleii,
587 1570 723 1633 Pottierii.)
752 1597 778 1606 —
807 1571 847 1620 84.
875 1571 957 1620 Vane
979 1569 1043 1636 hdp.
1066 1599 1092 1608 -
1110 1573 1151 1624 82.

126 1644 259 1702 Octavius,
290 1644 398 1704 mamus
413 1647 490 1704 sturm
505 1642 673 1694 distinximus
690 1657 753 1694 cum
770 1643 898 1695 Bentleio.
934 1645 1022 1695 Ceteri
1044 1647 1154 1710 iungunt

125 1719 376 1780 mmmmm.
407 1718 461 1768 Cir.
481 1718 584 1768 adSat.
605 1719 628 1779 4,
647 1719 673 1776 s,
691 1719 731 1767 at.

94 1920 411 1974 memsam:
427 1923 501 1972 οοδδο
514 1923 620 1985 olam.
658 1924 739 1972 etiam
761 1921 850 1986 placet
875 1925 1000 1974 Diintseri
1018 1926 1100 1976 ratio:
1127 1925 1186 1978 Men

93 1996 242 2060 aliquando
264 1998 355 2046 tamen
373 1995 510 2047 exsibilatur
533 1998 568 2047 ita
591 2009 621 2047 se
656 2001 768 2058 monem,
796 1997 863 2059 estod
884 1999 967 2048 sirm
983 1999 1010 2048 P.
1029 2000 1122 2050 atram
1139 2005 1186 2052 ent

93 2071 146 2121 ulta
168 2074 221 2121 est.
257 2071 385 2120 Ceterum
408 2073 534 2134 quattuor
556 2071 621 2122 alias
657 2070 690 2118 D.
703 2070 799 2121 uallum
815 2071 939 2122 οδεοηδοηι
952 2074 1004 2123 cet.
1020 2073 1184 2138 -Faontuel

94 2144 257 2195 arbusculas
285 2143 396 2196 libertas
424 2158 458 2196 ex
487 2146 619 2210 inscriptt.
658 2144 772 2194 Fannius
790 2145 953 2207 Quadratus,
978 2149 1056 2210 poeta
1077 2147 1184 2212 inaptus

93 2220 170 2270 adert
184 2217 332 2270 Bentleius.
658 2219 719 2280 (Sat.
739 2220 767 2280 4,
791 2218 821 2279 4,
840 2221 901 2282 it),
927 2220 953 2269 h.
973 2219 989 2270 l.
1009 2221 1185 2285 Hermogenis

123 2295 223 2344 ill-80.
252 2295 337 2342 minem
359 2293 495 2357 Pmttitiur]
521 2305 621 2343 nomen
656 2291 754 2356 Tigellii
783 2295 844 2355 (Set.
868 2295 895 2354 l,
914 2293 943 2354 3,
964 2294 1040 2358 4494,
1067 2295 1183 2346 hominis

93 2381 167 2418 mere
184 2371 351 2428 Romanum,
370 2382 423 2418 non
441 2368 548 2418 fletum:
566 2379 620 2417 non
656 2380 743 2430 aeque
761 2366 879 2428 molesti,
898 2370 1039 2432 parasitus.
1075 2369 1124 2434 (Ad
1141 2371 1183 2420 to-

92 2443 163 2492 enim
183 2442 356 2505 cogitandum
368 2447 410 2494 est
420 2443 455 2494 de
466 2443 539 2494 Tillio
551 2444 621 2494 Cim·
656 2445 713 2492 tum
730 2441 821 2493 locum
838 2455 996 2507 comparare
1014 2441 1184 2494 lubetPhlle-

91 2516 141 2565 bro
163 2519 212 2566 aut
231 2516 266 2566 de
288 2516 456 2580 etymologiis
476 2512 619 2568 Graecisd
655 2529 765 2566 monem
785 2517 811 2566 in
835 2517 958 2568 lleiuelrii
983 2518 1023 2567 Fr.
1044 2519 1120 2568 Com.
1138 2518 1181 2568 IV.

90 2589 148 2640 ztir
172 2589 278 2640 τίλλων
303 2591 345 2641 vel
371 2586 389 2641 ὁ
414 2588 496 2641 πάντ’
522 2589 617 2642 mov.
654 2603 681 2653 p.
706 2589 737 2638 ll:
759 2582 857 2640 Ἥδιον
879 2583 965 2640 οὐδὲν
986 2585 1054 2640 οὐδὲ
1075 2605 1183 2655 μουσι-

90 2663 234 2716 mentitus
256 2677 357 2715 nomen
379 2668 422 2716 est
443 2663 501 2714 vilis
523 2667 618 2729 poetam
655 2661 782 2734 κότερον
791 2659 869 2714 ‘an'
886 2658 907 2729 ἢ
922 2660 1067 2714 δύνασθαι
1087 2662 1182 2714 λοιδο-

88 2743 117 2792 et
141 2738 345 2790 maleolentis-
382 2741 467 2790 Cosrr.
486 2742 531 2790 Cr.
567 2739 619 2790 Sed
654 2735 800 2808 potiusnon
811 2739 918 2807 φέρειν·
929 2733 958 2786 Ὁ
967 2735 1106 2808 λοιδορῶν
1116 2735 1181 2824 γάρ,

3 2810 4 2829 l
88 2816 203 2864 mm
219 2815 309 2877 potius
323 2811 439 2877 appellat
455 2826 470 2862 a
488 2813 580 2878 putida
592 2817 620 2864 et
653 2806 1184 2882 ᾱνὸλοιδοροδμονοςΜὴπροοποιη-

87 2888 169 2939 loeda
186 2887 388 2949 maledicentia,
413 2901 466 2951 qua
483 2888 553 2938 clam
569 2888 619 2938 ad·
654 2902 714 2948 rat,
732 2884 907 2957 λοιδορεῖται
923 2880 1083 2957 λοιδορῶν.)

86 2963 225 3013 versarios
248 2961 398 3026 pungebat,
423 2965 454 3012 ut
476 2961 563 3014 solent
579 2963 619 3011 ci·
687 2962 772 3012 84-83,
791 2963 885 3013 Plotius
896 2967 919 3013 et
937 2963 1044 3012 Varius·
1056 2961 1183 3027 444νῴ4444-

87 3039 175 3088 mices
186 3049 308 3101 pungere
320 3036 491 3087 dormientes.
516 3037 620 3086 Sican-
655 3036 710 3100 qus]
729 3035 804 3086 Conl.
819 3038 871 3086 sat.
886 3037 914 3098 4,
933 3036 961 3096 t,
980 3034 1021 3086 to.
1047 3037 1104 3086 lam
1116 3050 1182 3088 enu-

87 3113 214 3176 tiptrenes
232 3109 338 3160 Anthol.
357 3111 437 3161 Pelet.
455 3111 498 3160 xl.
512 3110 573 3171 322,
591 3113 616 3160 t.
655 3112 743 3160 meret
754 3113 846 3174 podiam
855 3110 1011 3160 recentioris
1019 3111 1096 3174 qussi
1103 3111 1182 3161 scho-

3 3184 4 3195 ¹
87 3185 122 3235 de
139 3185 340 3235 Grammaticis:
364 3182 499 3250 Ποιητῶν
515 3181 617 3246 λῶβαι,
655 3182 711 3243 lae,
729 3183 780 3233 sibi
798 3183 899 3236 amicos
917 3196 948 3232 ac
964 3184 1064 3247 peritos
1082 3186 1181 3236 carmi·

87 3253 287 3320 --εὐφώνων
302 3255 500 3330 λαδροδάκνω
510 3254 617 3330 πόριες.
655 3269 721 3308 num
744 3256 854 3308 iudices.
880 3285 907 3292 -
932 3257 1046 3321 Variatur]
1069 3259 1098 3308 C.
1117 3257 1181 3309 Vol·

87 3333 265 3385 Philostratus
281 3333 313 3383 V.
331 3334 456 3397 sapui,
479 3334 524 3394 tlt,
546 3333 570 3382 3.
590 3346 616 3398 p.
655 3333 713 3394 gius
734 3330 830 3392 Rufus,
858 3331 937 3394 pottla
960 3331 1052 3394 apicus
1074 3333 1102 3381 et
1123 3329 1181 3381 ele-

88 3409 146 3459 588.
158 3407 199 3457 ol.
211 3409 318 3468 narrat,
337 3407 474 3470 quomodo
488 3407 619 3458 Adrianus
655 3407 759 3468 giacus,
778 3404 813 3454 ad
825 3417 907 3468 quem
919 3407 961 3454 est
972 3404 1020 3454 Od.
1033 3405 1061 3465 2,
1078 3404 1102 3454 9.
1121 3405 1178 3456 Tib.

88 3481 210 3532 tolerarit
231 3479 355 3531 maledici
377 3483 504 3546 ineptias:
532 3479 619 3551 inuo-
655 3479 725 3541 4,4,
739 3479 799 3529 449ε
819 3479 863 3528 Est
873 3477 930 3540 tiit,
943 3479 987 3540 qut
995 3479 1182 3544 nemausensis

87 3557 164 3626 τέρα
185 3551 227 3604 τὰ
249 3551 283 3618 ἐξ
306 3549 398 3606 αὐτοῦ
426 3553 534 3616 πάντα,
566 3550 619 3619 δή·
654 3568 679 3603 sc
696 3555 827 3616 οοοίηρονο
841 3553 926 3614 rebus,
947 3553 1061 3617 Valeriae:
1079 3559 1181 3605 αοίοηιο

86 3645 186 3696 γμαα
201 3625 316 3699 κόρεων
331 3625 384 3692 τὰς
400 3627 434 3680 ἐκ
449 3626 507 3678 τῶν
520 3626 618 3681 τοιού·
650 3629 757 3691 propior
773 3642 824 3677 ooo
841 3629 906 3677 alter
921 3627 1035 3678 Hormo.
1057 3655 1084 3664 -
1104 3629 1181 3679 Octa-

86 3721 145 3756 uon
156 3701 306 3774 λοιδορίας
316 3701 421 3754 καλῶν.
433 3705 617 3768 -Dsmrtriusl
652 3704 717 3766 viar]
735 3704 859 3766 potitust
882 3703 1035 3763 historicus,
1059 3703 1087 3753 ln
1105 3704 1181 3756 cuius

86 3780 161 3829 idem
183 3777 350 3838 modulator,
378 3791 460 3841 quem
476 3792 501 3828 v.
524 3779 563 3830 48.
582 3779 618 3827 si-
654 3778 770 3827 mortem
796 3777 837 3826 est
861 3774 959 3839 Virgilii
981 3773 1064 3825 catal.
1083 3775 1123 3827 44.
1145 3779 1178 3840 (v.

85 3855 168 3902 m
195 3857 286 3902 vocat,
330 3853 499 3902 Commodo
526 3854 618 3902 sutem
653 3855 684 3902 δε
711 3852 814 3914 scriem
834 3851 933 3913 quidem
953 3855 1000 3900 tec
1013 3863 1060 3900 eos
1074 3852 1181 3902 maurus

85 3929 156 3977 haec
173 3928 234 3976 est:
260 3927 618 3976 ummooentcimeel’oa-
652 3927 845 3977 muebimwst
865 3931 887 3975 ts
910 3927 1019 3987 napum
1039 3931 1062 3976 et
1087 3929 1180 3977 Rorna-

85 4004 169 4062 titiss,
193 4006 242 4050 om
257 4002 352 4051 cruciet
368 4000 446 4061 illud,
470 4003 536 4063 qaod
553 4005 616 4063 cet,
652 4015 714 4052 aera
729 4001 841 4065 4444444444
862 3999 1014 4063 teman.)
1033 4027 1061 4037 -
1079 4002 1180 4066 ἥατο]

85 4074 420 4135 non‚utvoltBentleius:
439 4077 498 4126 Meo
508 4082 617 4138 moueat,
653 4078 692 4127 De
713 4077 809 4126 Aristio
831 4077 915 4126 Fusco
936 4072 990 4125 vid.
1020 4076 1073 4124 Sat.
1088 4076 1120 4136 l,
1147 4076 1178 4134 9,

85 4151 155 4211 quod
169 4163 193 4199 c.
212 4150 336 4198 mitius
355 4155 402 4198 aret
424 4162 488 4200 men
509 4151 616 4211 motet,
654 4153 694 4201 64.
711 4179 737 4187 -
755 4149 1031 4213 Viscorum-uterque]
1044 4150 1082 4199 De
1095 4149 1179 4199 Viscis

84 4225 154 4286 quod
178 4226 213 4274 D.
241 4224 366 4274 utentem
393 4224 495 4276 vellicet
533 4226 617 4277 Minus
654 4225 723 4274 conl.
745 4225 797 4274 Sat.
817 4226 843 4286 4,
862 4223 890 4285 a,
909 4225 949 4274 22.
