2925 4892
522 369 581 420 ints.
601 373 620 420 1.
656 371 754 422 Epist.
772 373 804 422 V.

157 559 236 624 Vina
259 557 354 625 bibes
379 559 494 658 iterum
517 561 621 629 Tauro
643 561 760 629 diffusa
781 564 941 652 palustres

158 681 243 746 Inter
266 679 442 746 Minturnas
465 681 765 772 Sinuessanumque
786 687 959 753 Petrinum.
1183 693 1203 755 ὅ

156 801 189 866 Si
212 799 330 867 melius
353 801 432 889 quid
453 801 572 882 habeS,
599 825 731 873 arcesse
753 807 805 873 vel
827 807 998 895 imperium
1018 810 1076 877 ser.

155 921 350 988 Iamdudum
373 922 522 1010 splendet
543 925 688 1024 incuset
710 927 766 995 tibi
788 929 910 996 munda
932 931 1088 1019 supellex.

155 1043 243 1109 lditte
268 1042 358 1110 leves
382 1065 457 1132 spes
480 1055 512 1112 44
534 1048 709 1114 certamina
731 1049 912 1116 divitiarum

176 1240 202 1291 l.
228 1239 363 1290 Exhiheut
379 1239 471 1306 diffisso
483 1243 604 1310 hSedEp.
619 1273 646 1283 -
660 1247 783 1308 poledris
793 1249 822 1298 E.
839 1275 865 1285 -
880 1251 903 1301 4.
916 1251 1060 1314 SihSedE,
1074 1265 1169 1306 omues

144 1315 276 1374 Pottierii,
297 1317 316 1366 C
334 1315 468 1368 Bentleius
486 1321 513 1370 et
531 1321 563 1370 0:
590 1321 635 1370 Sin
652 1321 737 1372 Lcht.
752 1349 780 1358 —
794 1336 893 1374 ocrem
909 1323 955 1390 dp,
972 1327 1075 1378 Veneta
1093 1327 1166 1392 ttst.

145 1417 172 1426 -
195 1390 242 1439 vv.
263 1391 287 1440 44.
308 1389 331 1439 t.
351 1403 413 1442 eum
431 1405 484 1444 unu
502 1394 601 1444 Codice
619 1394 689 1446 male
706 1399 871 1462 transposuit
885 1399 946 1450 Fas.

110 1549 183 1596 sione
201 1547 324 1598 convivis
341 1549 439 1612 apponi
457 1553 556 1613 posset.
587 1553 638 1602 Ga·
674 1545 809 1608 impetivit
831 1545 884 1609 sor]
910 1549 998 1612 «quod
1023 1551 1050 1601 iu
1075 1555 1200 1605 4444444444

109 1619 184 1672 lenus
202 1632 248 1685 sp.
263 1621 358 1672 Athen.
373 1624 402 1680 4,
421 1623 466 1674 ta:
487 1619 503 1674 d
522 1624 637 1698 Φαλερῑ-
675 1619 877 1682 quodammodo
911 1624 1057 1675 exercebat
1086 1628 1201 1677 convivii

109 1711 157 1758 νος
174 1692 260 1757 οῐνος
276 1691 335 1745 ἀπὸ
353 1694 577 1750 §rossensem
589 1699 639 1750 ne
675 1691 827 1745 dominus.»
850 1697 997 1760 utigitur:
1017 1697 1125 1750 «verso
1137 1713 1201 1752 core

108 1771 254 1835 ιιμοςκαὶ
267 1765 326 1819 ἀπὸ
339 1771 539 1824 emmelim
552 1777 638 1847 μέχρι
674 1769 764 1819 tentus
791 1773 866 1832 estu,
895 1773 970 1836 quud
999 1787 1050 1837 ego
1077 1787 1139 1825 meu
1167 1789 1200 1826 ox

108 1845 220 1896 εἴκοσιν
238 1843 300 1895 κτλ.
315 1871 345 1882 -
362 1847 430 1897 lotor
447 1849 509 1912 444]
527 1851 639 1900 amur.
674 1845 806 1906 apotheca
831 1845 1046 1910 depromendum
1071 1849 1199 1900 curabo.»

108 1935 163 1981 4444,
180 1925 373 1971 Auruncorum
385 1923 514 1986 oppidum
526 1924 559 1974 ad
572 1927 638 1976 ostia
675 1917 853 1978 ll'unkhflfflfll
875 1919 911 1970 td
934 1923 1018 1972 40444444
1041 1925 1200 1974 ”utentium

107 1998 173 2047 huis
198 1997 240 2056 44,
269 2009 284 2046 a
302 2008 355 2058 quo
380 1997 498 2047 sinuessa
523 1999 639 2051 assuunt
674 1991 779 2058 eonrert
795 1993 861 2057 upp.
875 1994 905 2055 t,
923 1995 952 2055 6,
971 1995 1016 2045 tt:
1034 1997 1062 2046 st·
1079 1998 1140 2060 4444
1154 2012 1200 2050 w

107 2071 147 2120 rr.
161 2071 196 2120 44.
212 2073 241 2120 r.
273 2071 401 2120 menon
416 2085 495 2124 mons
507 2077 549 2126 est
560 2077 638 2126 suu-
674 2067 730 2115 virtt
745 2067 837 2126 mom
851 2068 918 2130 4444
938 2070 1065 2121 0444444
1080 2072 1197 2134 ionum

107 2158 220 2196 essanae
239 2145 338 2195 civitati
355 2145 496 2200 imminens
514 2147 556 2199 rel
574 2163 639 2213 ager
674 2142 777 2202 440044,
798 2142 837 2192 hit
852 2147 922 2193 444440
936 2145 1054 2209 mm.)
1081 2147 1200 2197 Adnota-

107 2220 251 2270 Sinuessae
277 2220 410 2270 vicinus.»
447 2223 531 2274 Con,
557 2226 636 2282 Gripo,
674 2216 710 2264 tiu
718 2216 832 2266 Aetionis
845 2217 882 2280 lei
895 2218 1120 2271 Commentaloris
1134 2221 1200 2271 Cru-

106 2291 190 2342 Hodie
209 2293 293 2343 444444
315 2293 341 2342 di
362 2299 444 2345 munte
465 2297 576 2360 Reponi,
605 2311 637 2348 εχ
675 2289 737 2352 quii)
755 2290 794 2340 sie
805 2289 918 2353 legende
930 2295 971 2343 est
981 2297 1092 2345 auctore
1103 2292 1200 2345 Dilleu·

106 2365 220 2416 aliorum
247 2368 379 2418 sententia
403 2369 561 2421 Pisdlmunts.
597 2373 638 2421 Si·
674 2361 791 2426 bulss01'0
816 2367 907 2427 9¹⁰8st
928 2369 1050 2430 Aquisgr.
1075 2368 1148 2420 ⁴⁸4⁴·
1170 2381 1197 2433 4)·

106 2453 275 2492 uuessauum
292 2445 383 2493 autem
404 2443 497 2495 viuum
521 2445 638 2496 meliori.
675 2438 720 2487 ro:
741 2439 891 2500 «imperium
900 2441 947 2505 for]
960 2443 1061 2493 Dicitur
1071 2443 1124 2494 hoo
1135 2444 1197 2506 quia

106 2515 157 2566 hus
186 2515 434 2578 adnumerabatur,
465 2532 518 2570 non
545 2523 635 2570 tamen
674 2515 753 2562 antea
769 2515 928 2577 psseeutes»
941 2515 1041 2578 (idest,
1059 2515 1200 2567 ulioseou·

106 2589 227 2653 optimis,
242 2587 367 2650 Falerno,
381 2591 522 2654 Caecubo,
536 2596 635 2656 Setino,
674 2587 743 2636 Vivio
768 2586 945 2650 444οῑ4400400)
972 2603 1057 2652 *rtet*
1080 2590 1200 2654 appella·

107 2665 259 2714 Furmiauo.
273 2665 391 2727 (44444441.
404 2667 447 2727 43,
462 2669 506 2717 444
522 2669 591 2732 sqq.)
607 2697 634 2705 -
673 2661 786 2718 hautur;
811 2660 873 2712 inde
894 2663 940 2724 qui
961 2663 1069 2713 Senatui
1086 2677 1199 2716 4444444444

105 2740 141 2802 Si]
160 2740 205 2788 Sic
222 2739 278 2788 mol
290 2739 376 2789 Codd.
390 2743 417 2790 et
428 2740 512 2792 Bentl.
525 2756 558 2792 ex
571 2757 636 2793 eon·
673 2738 736 2800 post
752 2735 917 2798 triumphum
934 2735 1035 2787 dahant
1050 2739 1078 2787 in
1095 2739 1201 2802 Capito·

105 2812 251 2864 suetudine
279 2815 395 2874 Horatii,
425 2817 472 2878 qui
499 2829 636 2881 nunquam
673 2809 721 2870 ¹1⁰,
744 2808 868 2861 00080108
885 2809 1104 2864 4401ὥο40404οω
1120 2825 1199 2877 ¹⁸⁰8&-

106 2889 188 2937 noun
207 2890 277 2951 part.
294 2889 348 2949 sn,
371 2889 420 2939 sed
445 2891 471 2939 in
491 2893 637 2955 oppositio-
673 2885 752 2944 hant.
776 2897 810 2934 ne
827 2884 862 2935 ad
879 2897 993 2937 coenam
1008 2888 1143 2947 venirene
1168 2901 1199 2940 so

106 2963 186 3013 uibus
208 2961 309 3027 duplici
331 2963 362 3012 44.
398 2965 450 3014 Cir.
470 2965 535 3029 Epp.
555 2969 586 3026 2,
605 2967 634 3026 l,
674 2959 723 3010 illis
744 2959 818 3022 quod
838 2959 950 3010 ederent
971 2961 1083 3013 domum
1100 2963 1200 3014 missu·

107 3037 138 3087 64
155 3049 236 3100 seqq.
258 3062 288 3073 -
307 3039 410 3100 4444444]
431 3039 471 3088 -Si
489 3039 554 3102 quid
577 3053 637 3090 me.
674 3047 735 3096 ros,
753 3047 788 3083 ue
805 3031 863 3084 illos
878 3037 910 3084 ut
925 3048 1004 3098 reges
1021 3036 1133 3088 domum
1149 3037 1200 3090 de·

105 3110 155 3162 lius
173 3111 229 3160 vini
247 3109 345 3171 habes,
372 3125 423 3176 per
444 3111 581 3163 servulum
602 3114 636 3164 nd
674 3108 736 3158 duci
752 3107 802 3158 illis
818 3109 1006 3172 praesentibus
1023 3123 1136 3164 neeesse
1154 3125 1200 3163 es·

106 3199 149 3236 me
170 3185 342 3236 afferendum
365 3199 456 3236 oure.»
485 3189 566 3238 Recte
584 3188 636 3238 dici
674 3185 742 3233 sel.»
770 3184 858 3233 Animi
874 3187 977 3236 tuntum
994 3198 1075 3236 cause
1092 3199 1199 3238 memo-

106 3273 233 3310 aroessers
249 3272 305 3309 rom
321 3262 395 3324 putet
411 3275 445 3311 44
462 3262 517 3312 cio.
531 3262 566 3311 ad
582 3263 634 3313 444,
673 3257 757 3308 randa
781 3257 888 3309 videtur
915 3259 998 3310 4444444
1027 3261 1197 3322 coniectura,

107 3337 150 3394 46,
164 3337 192 3385 44
205 3373 211 3394 ,
224 3334 256 3385 4;
275 3335 328 3386 sius
338 3335 430 3385 44444444
442 3337 569 3386 orvansei.
588 3335 636 3387 nlii
673 3345 756 3396 quam
772 3344 834 3382 oum
845 3331 902 3383 aliis
913 3346 1000 3396 esque
1017 3334 1117 3385 lestinis
1134 3347 1199 3398 pro·

107 3408 287 3474 explicantes:
319 3421 447 3460 tarcesse
464 3422 509 3460 me
530 3409 564 3460 ud
588 3413 634 3462 444
673 3405 732 3458 tulit
748 3405 1203 3471 GranrilloPeunfflonsootionso!

108 3484 149 3545 (so
171 3485 247 3533 tude
269 3483 351 3532 mich
372 3484 440 3533 Voss
462 3486 489 3534 et
512 3485 635 3547 Passuri.)
672 3483 712 3532 444
734 3482 814 3543 timot
836 3481 934 3542 8444444
955 3482 1196 3543 uniusaurei.

107 3557 180 3607 obliti
203 3558 281 3616 sunt,
312 3560 470 3620 apparatum
495 3559 549 3610 iam
575 3571 635 3610 esse
674 3555 747 3606 4843.
765 3569 793 3616 p.
816 3555 897 3617 42444
923 3555 963 3603 ost
978 3555 1005 3604 444
1020 3567 1087 3617 psro
1101 3554 1150 3618 sor.
1168 3581 1196 3592 -

108 3633 260 3682 convivium
277 3631 349 3695 apud
367 3631 518 3691 Horatium,
541 3633 636 3682 invitu-
672 3628 871 3693 splendotlooos]
889 3630 970 3679 Lares
987 3627 1032 3678 4444
1048 3628 1092 3680 (444
1109 3631 1199 3693 tergo·

108 3709 149 3756 ws
165 3719 219 3756 una
237 3719 301 3757 curn
322 3707 454 3770 Torquate
472 3709 576 3757 ceteros
594 3721 636 3758 so-
672 3703 864 3764 maturuere,
888 3701 967 3766 luligo
984 3702 1035 3753 luoi
1052 3703 1199 3756 amovebu-

108 3779 194 3841 dates.
213 3782 296 3844 atque
308 3781 416 3831 omnino
432 3779 597 3832 isstidiosum
609 3783 636 3830 et
673 3781 724 3828 tur.
744 3805 772 3813 -
791 3777 843 3842 ttbs]
862 3778 904 3828 «iu
921 3779 1052 3829 honorem
1068 3782 1171 3832 tuum.»

109 3857 242 3916 agrestem
266 3853 383 3904 futurum
409 3854 491 3905 luisse
515 3856 635 3919 Torque—
704 3853 778 3903 8-40.
796 3853 867 3903 Mitto
883 3852 946 3917 444]
965 3853 1091 3906 «Omissis
1109 3856 1197 3904 omni-

108 3930 177 3988 tum,
204 3930 227 3978 si
253 3927 441 3979 tantummodo
463 3932 573 3994 propter
594 3931 635 3979 vi·
671 3925 724 3978 bus
742 3929 827 3989 curis,
849 3941 919 3992 quae
935 3927 1023 3980 solent
1038 3930 1139 3993 agitare
1156 3931 1197 3979 vi·

107 4013 172 4051 uum
188 4001 301 4052 Falerno
317 4003 406 4054 minus
417 4015 580 4066 generosum
590 4016 635 4055 ve-
672 4005 726 4052 tam
744 4003 889 4053 humanam
906 4004 976 4053 inter
989 4004 1123 4055 honorum
1134 4017 1198 4067 spos

109 4074 163 4125 nire
175 4074 318 4136 uoluisset,
337 4079 468 4141 cumipse
481 4078 561 4128 homo
571 4091 635 4142 opu·
672 4074 832 4141 plerumque
850 4076 958 4129 tullaoes
969 4080 998 4128 et
1013 4079 1131 4130 studium
1143 4077 1199 4140 opt-

108 4145 194 4201 lentus
214 4149 315 4214 aliquot
339 4149 438 4202 Falerni
462 4151 546 4202 osdos
562 4151 635 4202 velut
671 4150 723 4201 hus
740 4150 806 4202 alios
822 4153 981 4216 superandi,
1005 4154 1088 4202 (444444
1110 4150 1199 4201 indul·

109 4221 143 4273 ad
159 4223 313 4285 symbolam
330 4226 437 4276 mittere
450 4226 589 4290 potuisset.
605 4253 631 4262 -
671 4237 809 4289 44444444.»
846 4227 908 4290 lpse
930 4240 945 4276 4
968 4224 1065 4280 talibus
1088 4236 1200 4289 semper
