2925 4892
496 373 556 423 un.
577 373 594 422 r.
630 372 729 422 srrsr.
749 373 792 422 vr.
1129 367 1187 433 att

143 530 174 595 Si
200 537 314 616 posset
334 539 465 594 centum
487 548 605 596 scenae
627 526 788 615 praebere
810 539 956 616 rogatas,

142 652 205 730 Qut
218 671 353 738 possum
369 649 435 716 tot?
458 649 517 728 ait;
542 660 648 716 tamen
663 659 696 716 et
711 669 868 737 quaeram
879 659 912 716 ct
926 660 1007 738 quot
1020 649 1148 719 habebo

142 771 278 836 Mittam:
302 781 377 858 post
398 769 495 858 paulo
518 770 630 838 scribit
651 771 712 838 sibi
736 770 823 836 milia
845 772 990 859 quinque

141 894 223 958 Esse
246 891 582 981 domi‚chlamydum;
605 903 728 980 partem
751 891 803 960 vel
825 891 952 960 tolleret
972 913 1097 960 omnes.

141 1013 240 1080 Erilis
263 1013 380 1080 domus
403 1025 467 1090 est,
490 1014 546 1081 ubi
569 1035 634 1081 non
655 1024 689 1082 et
712 1013 812 1081 multa
834 1024 1009 1102 supersunt
1150 1017 1192 1081 l5

142 1138 179 1202 Et
201 1136 369 1202 dominum
392 1135 504 1202 fallunt
525 1146 558 1202 ct
579 1145 715 1224 prosunt
737 1135 873 1202 furibus.
917 1135 1019 1224 Ergo,

133 1345 159 1353 —
187 1317 230 1368 to.
258 1317 309 1366 Nec
328 1315 355 1366 b.
378 1345 404 1353 -
423 1315 464 1368 ta.
483 1318 534 1366 cit:
560 1329 683 1378 ossuum
699 1321 784 1368 tames
800 1321 823 1367 et
840 1313 906 1368 cod.
924 1317 1107 1369 Lemniensis.
1127 1345 1156 1356 -·

131 1393 200 1457 mint]
218 1393 287 1454 quod
302 1393 404 1442 Veneta
423 1391 508 1453 teti„
527 1391 596 1454 Ald,
615 1391 767 1444 Hochedcr.
788 1419 816 1428 -
835 1389 876 1445 43.
895 1390 995 1453 mtpdt
1011 1391 1038 1442 d.

100 1550 220 1610 habitas,
240 1550 346 1600 hucvix
360 1551 483 1614 pertinet.
512 1551 627 1602 Easdem
664 1553 793 1604 Nimirum
802 1555 842 1604 lic
853 1569 899 1620 spo
910 1569 974 1606 siau.
1006 1552 1191 1605 «Tunolitsm

99 1627 190 1689 utique
205 1625 341 1688 coniungit
350 1623 447 1688 ibycus
459 1624 531 1676 Fri.
545 1627 625 1678 Schn.
665 1640 768 1692 pauper
796 1641 857 1680 esse
887 1642 970 1693 quam
999 1629 1193 1694 Cappadocum

99 1714 122 1763 p.
137 1701 202 1750 4⁰8:
228 1693 429 1770 Εὐρύαλε-σὲ
445 1699 500 1764 μὲν
518 1697 627 1788 Κύπρις
664 1701 786 1766 regulum
816 1716 880 1767 ergo
905 1704 1000 1766 quovis
1026 1703 1108 1753 modo
1132 1716 1192 1754 rem

95 1767 120 1824 “A
144 1777 168 1824 τ’
193 1767 436 1846 ἀγανοβὶέφαρος
461 1771 559 1826 Πειθώ
577 1791 627 1846 ρο-
665 1791 779 1841 quaere:
810 1781 838 1828 et
865 1776 968 1832 bellum
997 1776 1083 1828 hahes
1108 1790 1192 1842 opum

99 1847 209 1900 δέοισιν
234 1841 527 1921 acemanecestriae.
546 1851 624 1901 Anth.
665 1851 832 1917 exemplum,
855 1855 884 1903 L.
898 1851 1037 1903 Lucullum
1054 1852 1141 1904 dico.»
1162 1881 1189 1889 -

99 1925 150 1975 Pal.
171 1927 190 1976 l.
212 1938 240 1990 p.
258 1925 444 1989 susspensus
462 1925 532 1976 dona
550 1925 628 1976 uttert
665 1927 811 1988 commuta
833 1927 952 1977 μνααῖαι
976 1926 1038 1990 cet]
1062 1926 1193 1992 Lepidam

99 1999 205 2050 Πειθοῖ
229 2001 280 2050 καὶ
305 1999 416 2068 liciole.
447 2001 490 2051 Sic
515 2001 627 2050 Veneris
664 2001 803 2052 historiam
825 2015 858 2051 ex
879 2001 987 2052 Horatio
1009 2003 1108 2065 repetit
1129 2000 1192 2053 Piu-

100 2089 159 2126 cum
177 2073 294 2125 Suadela
311 2073 456 2126 delubrum
474 2074 522 2125 luit
546 2075 627 2125 Athe·
664 2076 775 2126 larchus
786 2076 812 2125 iu
824 2078 888 2126 Luc.
902 2075 954 2137 39..
972 2075 1133 2138 wermudam
1149 2079 1192 2127 ta-

100 2152 137 2200 nis
148 2164 202 2200 non
215 2150 294 2214 longe
304 2150 338 2200 ab
348 2149 506 2201 arcisaditu.
521 2149 627 2200 Boeckh
665 2165 729 2202 men
745 2165 891 2202 numerum
907 2151 942 2202 ad
958 2152 1135 2203 ducenarium
1146 2165 1192 2204 re-

100 2224 447 2288 lnscr.l8t.lnenaglypho
458 2223 574 2274 Helenae
586 2236 628 2273 ra-
665 2226 767 2290 digens.
794 2226 928 2289 Cltcmpdc
938 2239 989 2291 pro
1000 2225 1191 2291 paludamento
1282 2282 1287 2290 ,

99 2302 172 2364 ptum
185 2300 353 2363 exprimente
372 2298 537 2362 (winckelm.
556 2299 625 2350 Mos.
664 2299 791 2352 utebatur
812 2301 866 2351 lem
891 2302 919 2352 l..
941 2301 1037 2365 Scipio.
1065 2303 1119 2352 Cic.
1140 2315 1191 2367 pro

99 2375 161 2423 ised.
181 2374 211 2424 T.
226 2374 302 2424 cxv,
329 2374 471 2438 lnghiremi
490 2373 556 2424 Gall.
571 2373 624 2422 θοι.
665 2374 729 2426 llsb.
748 2376 819 2425 Post.
838 2375 882 2436 to,
904 2376 946 2425 27.
967 2402 994 2411 -
1013 2376 1109 2440 acmes]
1128 2389 1192 2426 cum

100 2447 117 2494 l.
131 2446 235 2497 lntrod.
255 2447 337 2510 PX.)
356 2445 628 2498 asturensem
664 2448 833 2514 splendidam
856 2449 972 2513 aliquam
997 2463 1124 2514 pompam
1148 2449 1190 2500 vel

101 2519 194 2571 ΔΙΤΗ.
663 2525 830 2588 triumphum
849 2525 876 2574 in
894 2525 1029 2587 tragoedia
1049 2525 1192 2576 histriones

664 2599 841 2650 imitarentur.
869 2597 907 2650 Cf.
920 2599 986 2663 Epp.
996 2600 1027 2660 2,
1044 2600 1146 2660 meo.
1162 2627 1189 2636 -

130 2671 217 2723 3948.
232 2671 411 2734 Cappadocum
421 2671 477 2738 rec]
490 2674 547 2733 Quo
560 2675 627 2724 tem-
660 2673 791 2738 praebere]
806 2673 1021 2734 «commodare»,
1030 2676 1060 2723 ul
1070 2671 1193 2724 solebant

101 2759 165 2808 pore
183 2746 253 2795 haec
271 2745 387 2809 Epistola
402 2748 500 2811 scripta
513 2751 562 2810 est,
581 2763 627 2800 re·
665 2749 812 2814 adamita,
839 2748 884 2811 qui
907 2760 1018 2797 munera
1035 2747 1191 2810 gladiatoria

99 2822 197 2883 mahat
208 2819 331 2883 ultimus,
349 2820 510 2882 Archelaus,
523 2837 548 2872 a.
561 2836 615 2874 u.c
665 2822 798 2884 edebant,
817 2823 896 2872 amici
907 2822 1080 2886 suppeditare
1091 2824 1192 2876 sumas

100 2897 221 2947 iterat.
256 2897 312 2946 lam
338 2896 372 2947 de
399 2899 456 2949 eius
482 2898 626 2950 decessore
665 2901 770 2965 altaque
797 2900 860 2950 circi
886 2902 1052 2951 ornamenta.
1084 2927 1112 2938 -·
1134 2907 1194 2964 post

99 2971 279 3023 Ariobarzane
297 2972 390 3023 scribit
408 2973 501 3024 Cicero
514 2975 546 3038 (a.
560 2987 587 3024 u.
601 2987 624 3024 c.
661 2977 743 3041 poulo
769 2975 869 3037 mitt]
902 2977 1047 3039 postquam
1074 2976 1192 3028 vestarii

100 3046 164 3110 tot.)
184 3047 220 3096 ed
239 3048 292 3098 stt.
306 3047 333 3108 6,
353 3049 381 3108 t,
399 3046 430 3098 l:
451 3047 519 3098 Nihil
535 3047 578 3098 illo
589 3061 628 3098 re-
666 3064 762 3102 earum
778 3061 921 3101 numerum
937 3050 1061 3100 inierant.
1079 3078 1106 3086 -
1121 3051 1193 3102 tolle-

98 3135 146 3184 ρπο
172 3121 323 3184 spatiatim,
349 3121 412 3171 nihil
427 3135 486 3186 repe
507 3123 625 3187 spendor.
664 3125 711 3190 ret]
724 3122 888 3196 στρατηγὸς
898 3121 1031 3175 Plutarchi
1042 3123 1061 3174 l.
1073 3122 1102 3186 l.,
1115 3139 1193 3189 prae·

99 3195 135 3245 lb.
156 3197 225 3260 Epp.
246 3195 277 3256 3,
297 3197 327 3246 5:
355 3197 554 3260 amomacum,
579 3211 628 3248 rec
665 3203 716 3262 tor,
725 3202 772 3263 qui
780 3197 964 3264 spectaculum
973 3199 1192 3265 edebat-ipsis

96 3284 251 3334 perpauper.
282 3271 331 3320 Cui
356 3269 461 3335 inopiae
488 3273 522 3322 ita
548 3285 627 3336 reges
665 3277 756 3326 autem
765 3274 856 3326 verbis
865 3277 910 3335 put
917 3286 1018 3335 poscatur
1027 3273 1077 3323 tot?
1085 3275 1192 3325 cet.viri

99 3345 132 3396 ilii
148 3344 346 3407 medebantur‚
369 3347 399 3396 ut
418 3346 548 3409 menapia
564 3360 626 3408 sua,
665 3348 820 3415 praedivitis
831 3348 1015 3410 nescioquem
1026 3347 1134 3408 taetrum,
1146 3349 1192 3411 qul

99 3422 125 3471 id
142 3423 198 3482 est,
217 3421 343 3471 homines
360 3418 454 3484 glebae
467 3421 626 3487 adscriptos,
666 3437 749 3489 opum
759 3420 1092 3488 despicientiamatiectet‚
1106 3420 1192 3472 tacete

99 3509 200 3548 renum
218 3495 324 3546 darent.
351 3495 403 3546 Sed
420 3496 502 3547 rudes
513 3497 541 3546 hi
553 3499 629 3547 erent
666 3499 806 3564 expressit.
836 3523 863 3532 —
889 3496 986 3557 Exilis]
1013 3497 1140 3559 «angusta
1165 3498 1193 3546 et

100 3576 180 3636 atque
205 3571 293 3636 pravi.
331 3571 501 3624 Demodocus
524 3573 551 3622 in
573 3573 629 3624 An·
665 3575 769 3637 inops.»
801 3571 939 3624 llanttesto
963 3571 1032 3621 haec
1055 3571 1132 3634 quasi
1158 3585 1193 3622 ex

99 3646 164 3698 thol.
178 3645 234 3697 Pal.
253 3647 284 3696 ll.
302 3658 329 3710 p.
347 3645 409 3697 387:
436 3642 629 3698 Καππαδόκαι
666 3647 779 3698 divitum
807 3645 932 3710 opinione
957 3645 1020 3695 κατ’
1046 3645 1193 3717 ripuarias

100 3719 210 3784 φαῦλοι
235 3719 291 3785 μὲν
315 3713 377 3771 ciet·
403 3717 494 3787 ζώνης
519 3721 628 3787 (cinguli
666 3722 800 3773 dicuntur.
828 3748 855 3756 -
882 3721 916 3771 Et
941 3721 1068 3771 domium
1090 3720 1194 3789 sallust]

102 3797 230 3860 militaris)
256 3793 287 3846 dd
309 3791 461 3859 τνχόνιες,
485 3793 629 3860 pavidu-
667 3797 724 3861 «εἰς
750 3790 768 3846 ὃ
792 3796 842 3846 καὶ
868 3792 1000 3858 Φλάκκος
1024 3791 1042 3846 ὁ
1068 3793 1193 3862 ποιητὴς

100 3886 161 3942 por·
180 3869 303 3943 κέρδους
319 3868 344 3920 d'
362 3869 458 3922 εἵνεκα
478 3867 629 3934 maslaico-
666 3867 903 3938 ἐπιπεφώνηκεν,
938 3865 983 3935 ὥς
1013 3864 1048 3921 οὐ
1082 3873 1194 3937 νομίζει

101 3961 154 3998 τοι.
186 3948 241 3998 Cir.
255 3947 346 4011 llisely
363 3947 571 4014 disputationem
594 3948 628 3998 de
667 3944 808 4009 πλοῦτον,
830 3936 866 3998 οὖ
882 3941 925 4012 μὴ
944 3941 980 3997 τὰ
1001 3943 1195 4018 παρορώμενα

33 4025 35 4031 ’
102 4021 211 4073 historia
221 4020 421 4087 Cappadociae,
440 4024 627 4074 incomment.
667 4023 716 4073 aul
733 4017 917 4073 λανθάνοντα
928 4020 1047 4074 πλείονα
1058 4021 1116 4072 τῶν
1126 4037 1195 4084 spat·

102 4098 156 4147 lat.
171 4099 237 4148 inst.
251 4097 314 4161 lieg.
327 4096 466 4161 Bclg.llol.
479 4099 520 4148 Vl.
531 4112 559 4162 p.
571 4098 627 4149 443.
667 4099 798 4163 νομένων
814 4097 902 4148 ἐστίν.
937 4096 1069 4149 Plutarch.
1088 4094 1106 4147 l.
1125 4095 1142 4146 l.
1164 4123 1192 4132 -

104 4175 130 4220 et
145 4173 206 4224 229.
228 4201 254 4209 -
278 4173 317 4223 lic
334 4174 372 4236 to]
392 4172 483 4235 «talis,
503 4174 630 4225 huiusce·
665 4173 772 4238 prribw]
791 4173 1030 4238 imprimisservis‚
1049 4172 1095 4234 qui
1111 4168 1194 4220 intuli

105 4249 177 4300 modi
196 4249 303 4310 nomon,
330 4252 359 4300 ut
380 4249 445 4316 Epp.
466 4251 494 4312 t,
514 4251 558 4312 tit,
582 4249 629 4301 ii:
668 4262 761 4300 rerum
778 4248 854 4312 copia
871 4245 948 4300 tacile
966 4245 1102 4312 complure
1119 4242 1195 4296 clan-
