2925 4892
514 322 574 373 tib.
594 323 625 374 77.
662 322 761 375 EPIST.
780 326 811 375 ll.

165 476 313 545 Gaudent
334 476 514 545 scribentes
536 489 569 544 67
590 499 626 544 66
649 488 845 545 6666666766
865 490 898 545 67
919 479 1016 555 67766,

163 601 197 667 Si
220 609 343 675 766666,
367 597 498 665 leuduni
517 598 678 686 quidquid
699 600 861 686 scripsere
883 600 977 669 beuti.

162 724 202 787 777
223 720 279 808 qui
300 718 477 807 legitimum
497 718 608 807 cupiet
626 719 744 787 iecisse
766 728 897 808 poene,

163 841 246 908 Cum
267 839 384 907 tabulis
406 840 548 906 animum
567 841 714 908 censoris
736 851 841 909 sumet
862 840 1004 922 honesti3
1150 844 1211 909 tio

161 960 318 1039 Audebit,
342 980 558 1049 quaecunque
580 982 696 1049 purum
716 961 899 1049 splendoris
920 962 1085 1032 habebunt

161 1084 201 1149 Et
221 1083 293 1149 sine
313 1080 459 1171 pondere
480 1092 576 1149 erunt
594 1091 628 1150 et
648 1082 772 1151 bonore
795 1083 926 1173 indigna
945 1084 1101 1163 ferentur,

150 1264 219 1313 6767.
232 1262 258 1323 B,
271 1261 344 1312 l053.
359 1285 387 1297 -
402 1259 459 1311 tir.
468 1262 586 1324 7666677776·
596 1261 674 1312 bSEd
690 1263 718 1311 67
734 1262 828 1312 tertius
845 1262 981 1313 Scbmldll.

119 1417 235 1481 maligne
256 1430 301 1469 me
318 1416 518 1482 reprehendere
538 1418 646 1482 poterit,
685 1418 895 1471 666676667666666
919 1421 997 1472 turbe
1017 1436 1097 1485 egere
1114 1436 1210 1489 super-

119 1493 196 1556 quest
212 1493 325 1556 propter
341 1491 454 1542 nimium
470 1491 567 1542 lustum
579 1493 647 1542 reci·
684 1505 833 1544 recensum
849 1496 934 1556 putet.
962 1495 1037 1545 Adeo
1057 1499 1148 1547 eutem
1166 1512 1210 1548 cu-

118 1566 265 1619 tetionibus
275 1564 443 1617 aemulorum
457 1578 581 1617 meorum
593 1580 647 1617 non
684 1565 769 1616 mulut
785 1565 969 1633 subtiliterque
988 1570 1110 1621 enucleat
1128 1584 1210 1635 pree-

117 1641 240 1693 rosim.»
273 1637 385 1691 illustria
405 1642 496 1691 eutem
513 1638 645 1705 exempla,
684 1642 762 1703 cepte
779 1638 844 1701 stili,
863 1654 933 1704 ques
950 1642 1056 1705 dicunt,
1074 1643 1155 1695 67667
1167 1645 1208 1698 his

118 1718 286 1779 quantopere
302 1715 396 1765 intenti
407 1728 467 1765 esse
480 1714 598 1765 debeant
608 1715 648 1764 in·
683 1713 837 1765 mediocres
847 1718 941 1779 poetes
949 1715 984 1766 ud
993 1716 1209 1781 desperationem

117 1793 254 1855 terpretes
265 1802 393 1841 versuum
410 1802 551 1851 mesurae,
569 1802 647 1853 prue-
683 1800 767 1852 prope
780 1788 890 1851 redigat.
910 1787 1068 1853 (lepitimrsn
1079 1792 1210 1854 igiturest

117 1865 185 1915 bent
195 1864 268 1927 virg.
282 1866 328 1914 Ge.
340 1864 366 1924 6,
378 1864 439 1914 7636
458 1865 510 1914 Nec
519 1864 647 1914 moritura
677 1864 808 1924 potitust
817 1863 967 1914 inventione
978 1867 1005 1913 et
1016 1866 1208 1929 compositione

115 1952 194 2002 stipsi·
208 1938 303 1989 66667677
318 1938 505 2002 7666666766,
523 1937 569 1987 ubi
585 1936 645 2001 ple·
682 1938 710 1987 et
725 1938 782 1986 toto
799 1948 897 1999 genere
915 1936 1021 1988 dicendi
1032 1940 1096 1990 66776
1109 1940 1207 2003 regulis

116 2016 197 2078 rique
212 2014 325 2075 iungunt
340 2025 416 2075 66666
431 2012 526 2062 6666677
546 2013 643 2075 766666,
681 2014 902 2063 consentaneum.
922 2012 1206 2077 7166777677.)-

116 2090 194 2141 66676
212 2090 305 2137 oontru
315 2088 484 2156 wernerus:
500 2087 553 2136 Nec
567 2086 645 2137 mori-
679 2081 804 2150 1667666]
785 2100 840 2157 ao
842 2088 937 2149 7.στως
957 2086 995 2137 ci.
1009 2088 1111 2152 Epp.‚t
1125 2090 1166 2149 77,
1179 2090 1204 2139 o.

115 2170 278 2225 women
303 2160 393 2223 66.,7
410 2149 474 2212 376ι
494 2162 562 2211 776676
576 2174 644 2211 nouo
684 2158 896 2226 -cumtaontisJ
915 2163 1021 2213 6666776.
1042 2162 1126 2213 Cum
1138 2165 1206 2214 6666

114 2239 244 2302 ispi-serus
256 2237 384 2287 7666676666
393 2234 644 2297 666667667766666777
680 2231 746 2284 bere
768 2236 872 2301 incipit,
899 2234 977 2286 simul
999 2248 1061 2287 6666
1080 2235 1206 2287 iudicium

114 2312 164 2363 ubi
181 2310 252 2362 mals
269 2310 387 2363 nonnulli
398 2312 528 2375 iungunt
518 2324 644 2374 6666666666
681 2322 809 2360 exercere
830 2310 913 2361 debet
937 2310 972 2360 de
995 2310 1105 2375 singulis
1121 2326 1205 2377 prope

114 2388 254 2438 7666676666.
680 2384 785 2445 verbis,
804 2385 1029 2447 quibusutitur3
1016 2388 1206 2449 6667666666-

139 2462 199 2512 777.
210 2460 268 2511 7778.
286 2457 550 2523 emmennone]
563 2460 643 2509 6666-
679 2459 817 2521 paratione
841 2472 903 2509 cum
924 2471 1025 2509 6666666
1045 2461 1155 2522 bonerto,
1179 2460 1205 2511 id

114 2534 370 2593 oeconstructione,
383 2524 642 2604 ἢδοπωγράφον-
680 2534 766 2593 eeu«
754 2533 891 2595 «integro,
911 2546 989 2583 suum
1002 2534 1047 2597 qui
1062 2546 1204 2585 munuseu

113 2624 215 2672 666-
232 2621 258 2659 re
274 2608 436 2673 6666666766]
459 2621 506 2659 «se
527 2610 557 2659 ut
573 2608 642 2659 divi
679 2618 733 2668 qua
750 2618 800 2669 pur
816 2608 858 2656 est
870 2608 1011 2657 severitate
1024 2608 1203 2671 exsequitur.-

113 2697 166 2735 nos
191 2685 285 2747 potius
310 2681 444 2733 laudent.»
466 2710 494 2721 -
522 2684 643 2745 66766677
679 2680 746 2731 Hinc
764 2681 844 2730 etium
862 2680 956 2731 7667766
968 2678 1063 2743 77716676
1080 2681 1149 2731 inter
1165 2686 1205 2731 76-

112 2758 238 2821 scr-ipses
245 2756 318 2820 76676]
327 2756 468 2820 Eleganter
476 2758 547 2808 benc
555 2760 642 2823 ipsum
679 2754 750 2804 76766
767 2758 793 2805 67
811 2756 928 2815 cerutus,
952 2756 978 2805 in
996 2753 1094 2818 quibus
1111 2754 1204 2806 6667767-

112 2833 278 2885 sententium
303 2834 436 2895 expressit
459 2831 577 2883 Catullus
593 2834 641 2894 22,
679 2842 755 2891 mus,
775 2832 803 2881 et
818 2830 952 2879 6666666766.
968 2856 996 2865 -
1008 2829 1120 2893 Audebit]
1138 2831 1203 2881 «Fu-

113 2906 165 2958 776
183 2906 252 2957 Iden
269 2905 408 2969 (Suffenus)
425 2907 533 2971 infaceto
548 2912 585 2957 667
600 2908 642 2957 in-
679 2903 728 2955 cile
746 2917 762 2954 6
779 2917 808 2955 66
826 2903 994 2968 impetrabit,
1018 2901 1083 2953 76766
1099 2904 1203 2968 pudore

111 2980 222 3044 facetior
230 2992 304 3041 66666,
322 2980 404 3029 Simul
414 2982 640 3044 667666766777677,
678 2992 732 3029 non
749 2978 919 3043 impeditus.»
946 2977 984 3029 Cl.
998 2978 1064 3042 Epp.
1078 2979 1102 3040 7,
1118 2978 1142 3040 7,
1156 2978 1202 3029 to:

110 3068 194 3118 66666
209 3054 277 3105 idem
291 3054 496 3117 monendoque
511 3054 643 3106 6677666766
677 3066 766 3138 supero
783 3053 855 3103 66676.
884 3054 969 3115 Atque
987 3052 1026 3103 sic
1037 3052 1130 3103 Graeci
1142 3051 1204 3103 667

111 3128 443 3193 ucpottnocurnseribit:
467 3129 528 3179 Tam
549 3130 642 3193 66666767
677 3125 898 3216 privusurpeni
906 3126 979 3177 Pluto
990 3128 1093 3178 7766666.
1107 3141 1133 3191 p.
1144 3128 1201 3179 nto.

82 3215 90 3230 ·
111 3220 139 3257 66
154 3209 302 3264 retunsus
316 3216 343 3253 se
357 3204 411 3265 ipsc
424 3204 543 3254 66766766.
678 3203 715 3255 C:
732 3198 802 3265 τούς
819 3198 898 3272 sors}
917 3197 1024 3288 67666766
1032 3196 1205 3266 ’Έλληνας--

144 3277 271 3329 709477.
296 3277 328 3328 At
347 3279 392 3340 qui
407 3278 545 3341 epitom
559 3280 641 3341 cupiet
678 3256 1055 3342 ἤμεῖςοῦκέτολμήσαμεν-
1040 3272 1200 3327 -ἐκδοῦναι,

111 3350 641 3417 cetlsmltisillisluudibusopponuntur
679 3365 820 3415 -porum
835 3349 1011 3413 penem«
999 3348 1097 3398 6666766
1112 3349 1202 3399 humi-

111 3440 210 3479 scvere
219 3426 446 3490 ertispruecepts,
459 3426 641 3490 quibussetis·
677 3426 724 3488 776,
751 3426 873 3487 sordide,
899 3436 994 3487 purum
1016 3422 1199 3473 77667676.-

110 3502 203 3552 766666
221 3498 304 3550 debet
319 3503 412 3563 poen,
430 3503 460 3550 ut
476 3514 544 3565 opus
560 3514 637 3553 suum
676 3502 807 3565 76767667]
835 3502 930 3549 Futura
957 3500 1066 3561 propter
1088 3510 1202 3560 proece-

110 3576 252 3640 lepitimrnn
278 3573 373 3626 66776666
401 3588 498 3626 vocure
527 3576 638 3637 sudent,
677 3577 744 3627 dens
762 3574 860 3625 audebit
876 3572 960 3636 posite
973 3573 1048 3630 sunt,
1067 3571 1118 3619 7666
1129 3570 1201 3621 vide-

112 3649 235 3701 nondnm
249 3648 406 3713 pulchrum,
425 3650 640 3701 nondumadmi-
676 3650 738 3701 77667
763 3647 967 3712 significatione:
996 3656 1084 3708 «quee
1104 3656 1200 3707 pamm

111 3723 206 3776 rubile.
226 3720 352 3774 Consulto
369 3725 442 3775 enim
459 3728 529 3775 76667
545 3724 579 3775 676
598 3727 639 3776 in·
676 3722 826 3787 splendoris
844 3722 893 3785 ipsi
911 3720 1012 3770 bebere
1029 3716 1198 3781 videbuntur,

111 3800 204 3863 genio,
224 3797 259 3847 de
271 3799 436 3859 inventione,
450 3799 484 3849 de
496 3801 565 3849 76676
575 3812 639 3863 pur·
676 3798 773 3849 eodem
792 3800 912 3860 tempore
929 3793 1090 3845 amovebit.»
1108 3794 1202 3845 -sino

111 3875 179 3924 tium
190 3874 397 3937 compositione,
411 3872 446 3925 de
458 3876 515 3925 6676
527 3875 639 3926 effectus
672 3872 790 3935 pondere]
810 3871 953 3934 «gravitate
970 3870 1087 3918 66666776
1103 3870 1130 3918 67
1147 3868 1202 3918 766-

112 3948 255 4009 morendi,
273 3950 353 4000 unice
367 3953 511 4014 praecepto
526 3950 638 4000 deusde
677 3949 746 3997 nie.»
765 3950 794 3996 Α.
809 3948 836 3995 P.
851 3945 913 3995 3706
936 3943 1032 3993 Fabula
1048 3944 1141 3992 6677766
1156 3954 1200 3991 66-

112 4022 258 4074 luminibus
274 4024 407 4075 sermonis
423 4038 456 4075 66
472 4025 507 4075 de
521 4028 577 4075 toto
594 4038 639 4088 ge·
675 4023 757 4080 666676,
776 4021 828 4069 6766
836 4020 946 4081 pondes
957 4024 980 4069 67
992 4023 1055 4068 arie.
1070 4044 1096 4054 -
1108 4018 1202 4065 766666

113 4110 179 4147 6666
200 4098 316 4148 dicendi.
350 4099 480 4149 Nimirum
501 4099 536 4149 de
553 4102 638 4148 666676-
675 4095 788 4159 incipito]
817 4092 939 4157 uindigne
970 4092 1101 4150 carmine,
1128 4088 1200 4152 quod

112 4170 311 4223 ribusillisreri
320 4173 638 4237 poenevntutinnseum
676 4172 799 4235 plsusum
811 4169 860 4221 sibi
878 4168 1018 4233 postulet.»
1034 4192 1060 4203 -
1079 4166 1199 4229 [6666766]
