2925 4892
291 375 353 442 rgo
669 375 799 427 uomrn
816 375 998 428 sariliAiiuii

330 535 500 600 Detereret
523 531 584 598 sibi
606 531 720 608 multa,
745 531 906 599 recideret
927 552 1023 598 omne
1046 531 1135 620 quod
1159 533 1242 600 ultra

331 655 511 722 Perfectum
533 651 730 730 traheretur,
754 662 787 720 et
808 653 840 718 in
861 673 959 719 versu
982 653 1130 721 iaciendo
1336 657 1381 720 70

329 776 436 863 Saepe
457 784 554 863 caput
577 773 741 852 scaberet,
765 774 856 840 vivos
878 784 910 840 et
931 773 1063 842 roderet
1085 795 1221 864 ungues.

329 897 435 984 Saepe
457 896 565 962 stilum
588 905 713 970 vertas,
739 896 856 961 iterum
878 915 965 983 quae
987 895 1085 983 digna
1107 896 1170 984 legi
1194 898 1270 976 sint,

328 1018 529 1105 Scripturas,
552 1037 676 1105 neque,
701 1027 733 1083 te
757 1026 792 1082 ut
813 1015 947 1084 miretur
968 1017 1078 1094 turba,
1102 1017 1246 1096 labores,

327 1140 502 1208 Contentus
524 1139 637 1226 paucis
658 1137 845 1205 lectoribus.
889 1140 936 1204 An
959 1147 1014 1204 tua
1036 1137 1173 1207 demens

326 1260 449 1328 Vilibus
471 1258 610 1325 inludis
632 1258 746 1327 dictari
768 1260 911 1327 carmina
933 1258 1051 1325 malis?
1333 1261 1377 1326 75

327 1384 487 1468 Noneg03
509 1381 780 1452 namsntisest
797 1380 974 1468 equitem
991 1380 1087 1448 mihi
1109 1381 1333 1470 plaudere,

681 1562 685 1568 .
794 1511 829 1568 ut
850 1501 973 1578 audax,

350 1732 391 1781 76.
408 1730 478 1795 nasu]
495 1744 546 1780 000
562 1729 679 1781 Pottierii
697 1741 765 1779 unus
784 1726 825 1792 (4).

283 1919 389 1980 44400440
411 1916 509 1966 auum?
535 1945 563 1952 -
582 1918 719 1966 4404000004
744 1912 808 1976 eet]
846 1914 874 1964 iu
900 1913 990 1964 4040440
1014 1913 1077 1974 suis,
1106 1927 1154 1975 qsio
1177 1914 1244 1976 [0040
1269 1927 1379 1966 courum

284 1993 366 2041 «Tum
381 1990 460 2053 longe
476 1988 553 2040 aliter
568 1989 714 2048 scriberci;
741 1987 809 2053 poli·
846 2001 943 2038 0000000
960 1989 1047 2038 martit
1063 2000 1145 2038 mm.
1166 2011 1193 2022 -
1212 2002 1291 2050 usque
1308 1993 1377 2052 004]

283 2066 378 2126 tiores,
411 2065 500 2114 404οιιο
524 2064 612 2127 asperi
638 2065 730 2114 essent
752 2063 809 2114 eius
847 2061 892 2112 llis
910 2074 1017 2125 quoque
1036 2060 1150 2112 Lucilius
1168 2064 1237 2126 tangi
1256 2063 1376 2114 ridetur.

281 2151 394 2201 versus,
421 2140 522 2187 Graeca
547 2150 600 2187 non
625 2138 809 2197 immisceret,
846 2137 900 2186 Cic.
920 2135 1038 2185 de0rat.
1052 2137 1080 2196 4,
1099 2137 1127 2196 6,
1146 2137 1190 2186 440
1211 2137 1375 2200 abusibus,

282 2213 371 2263 omnia
383 2212 487 2272 vitaret,
499 2223 568 2273 quae
579 2224 651 2262 nunc
662 2211 734 2275 apud
746 2223 809 2261 cum
844 2210 916 2259 bomo
939 2211 1025 2259 electus
1047 2215 1070 2259 et
1092 2210 1265 2272 pmirbastttt,
1291 2212 1379 2264 440000

281 2286 325 2337 vel
336 2285 498 2337 verbositate
510 2284 553 2334 vel
565 2284 744 2348 qualicunque
757 2284 808 2335 alio
844 2283 936 2334 0040404
955 2296 1034 2344 oeque
1050 2295 1074 2332 se
1091 2283 1123 2332 04
1139 2285 1312 2334 indoctissimis
1327 2300 1378 2336 ue-

281 2361 345 2411 ritio
355 2359 512 2423 perfectioni
524 2360 645 2423 poeticae
661 2359 808 2410 officiunt.»
845 2372 892 2420 qus
903 2371 921 2406 0
931 2358 1078 2408 doctissimis
1093 2359 1142 2421 lapi
1157 2359 1233 2420 00440,
1252 2361 1318 2422 quod
1330 2362 1377 2410 ui-

285 2464 313 2472 -
331 2433 482 2498 truieruur]
508 2434 537 2482 ln
558 2433 611 2482 hoc
632 2432 718 2483 verbo
738 2434 809 2484 inest
844 2433 891 2482 teri
914 2432 976 2481 04444
1003 2433 1183 2496 iutellipereut,
1212 2434 1287 2483 044004
1311 2435 1377 2496 piiss

280 2509 391 2559 inertiae
413 2511 494 2570 atque
516 2505 653 2558 molestiae
674 2508 808 2570 043044400-
842 2508 949 2570 sortasse
965 2518 1043 2566 quum
1059 2507 1124 2568 ipsu
1148 2509 1289 2568 quostiam
1305 2509 1377 2558 scri-

281 2583 326 2633 iio.
347 2585 464 2644 -coput
478 2581 590 2630 scobuct
606 2580 668 2644 004]
687 2583 808 2644 Suntge-
840 2581 909 2642 psit:
934 2581 1069 2630 Persium
1090 2595 1149 2630 000
1165 2595 1242 2632 curo
1266 2583 1376 2646 lepere

280 2661 338 2709 stus
355 2656 507 2707 meditantis
523 2657 603 2719 atque
615 2655 807 2706 stomachantis
844 2655 893 2718 (iic
907 2655 957 2718 suit
967 2657 1044 2716 euim,
1063 2661 1091 2706 ut
1105 2669 1240 2718 acrarum,
1259 2659 1376 2708 onmium

279 2745 327 2794 eo,
340 2730 413 2796 quod
426 2729 808 2792 etcogitntionesetverbaet
841 2731 894 2792 fere
921 2734 1064 2779 uostromuu
1097 2729 1225 2780 homiuum
1257 2731 1377 2781 60044004-

278 2819 375 2857 vcrsus
387 2803 642 2868 minusprocedant.
668 2805 804 2854 rariori.
843 2803 924 2868 muel:
941 2805 1081 2854 Laelium
1104 2805 1269 2854 Decumum
1283 2807 1374 2867 volo,

279 2878 807 2945 pauizsmiuiscapuiuoooparcupoe-
843 2890 916 2939 quem
939 2878 1099 2940 copuocimus
1122 2879 1207 2928 virum
1231 2879 1323 2929 bouum
1347 2885 1375 2929 et

277 2954 336 3004 rico.
355 2950 461 3010 Quintil.
472 2950 513 3010 44,
525 2950 553 3010 3,
567 2951 629 3000 iii:
647 2951 677 2999 Iu
687 2951 735 3000 400
747 2965 807 3001 000-
841 2967 892 3002 uou
908 2951 1117 3002 illitterutmuscd
1127 2953 1190 3003 041044
1200 2955 1236 3004 cul
1246 2955 1372 3004 44004000.

277 3025 806 3086 ctuiiouemutquuedcmuouiudecmtss
843 3027 917 3078 Conl.
936 3025 970 3076 de
989 3027 1060 3076 Finn.
1080 3026 1110 3088 4,
1137 3027 1166 3086 3,
1193 3028 1217 3077 l.
1251 3026 1315 3078 Plin.
1336 3028 1371 3078 H.

278 3102 318 3166 (ut
338 3099 467 3162 appellum
486 3099 585 3163 0000404)
600 3112 702 3160 morae,
728 3105 807 3162 ceput
842 3103 873 3151 N.
890 3099 976 3150 Praei.
995 3099 1019 3162 5.
1039 3101 1063 3148 7.
1085 3127 1111 3136 -
1133 3100 1226 3150 Vilibus
1246 3102 1273 3150 iu
1293 3101 1373 3164 ludis]

277 3175 398 3236 mmm,
420 3187 526 3222 mutium
541 3173 647 3233 intueri,
667 3173 806 3238 iupiuqere
842 3175 975 3225 Abhorret
992 3176 1019 3224 et
1035 3175 1078 3224 hic
1090 3177 1117 3223 et
1134 3175 1241 3239 lippi,
1260 3175 1305 3235 46,
1326 3176 1371 3226 ti.

278 3249 408 3301 artimlos.
428 3249 535 3299 Persius
547 3247 572 3308 4,
586 3247 647 3296 466;
665 3248 806 3310 Necphtte·
842 3249 1048 3311 scogitationc,
1074 3248 1145 3310 lore,
1172 3252 1201 3299 ut
1226 3247 1373 3312 aliquando

275 3339 320 3376 mu
330 3323 466 3374 0000444000
478 3323 604 3372 0400000000
616 3322 683 3383 sapit
698 3335 802 3386 000000.
842 3336 857 3373 0
873 3321 1025 3385 vulgaribus
1045 3321 1265 3386 praeceptoribus
1282 3322 1374 3388 expli-

280 3427 308 3438 —
318 3398 396 3463 04000]
408 3409 511 3460 «risque
522 3396 654 3461 adipsum
666 3408 804 3447 carnem.»
841 3399 926 3448 catur.
939 3421 966 3432 -
977 3397 1077 3461 4404004]
1090 3400 1119 3447 04
1130 3397 1257 3460 magister
1268 3396 1372 3449 deinde

276 3473 360 3525 Plaut.
368 3472 464 3524 Bacch
472 3473 497 3533 4
508 3471 532 3532 3,
546 3472 574 3522 8:
588 3470 805 3533 4040040404οτἰο
841 3472 1073 3534 interpretaretur,
1091 3469 1212 3535 discipuli
1225 3472 1374 3524 recitarent

276 3547 741 3611 temluurousqueasluioumcutsm.
756 3547 806 3596 Lu·
840 3558 872 3596 00
894 3545 1041 3595 memoriae
1065 3545 1230 3596 mandarent.
1261 3548 1373 3598 Persius

276 3615 804 3682 0400.4).44.44,4;τ4δακώντόνδάκτιι-
841 3621 870 3678 4,
888 3619 936 3668 29:
965 3619 1013 3669 Tm
1033 3620 1188 3670 cimutorum
1211 3624 1309 3669 cuium
1326 3621 1373 3668 rii-

276 3695 328 3746 λον
344 3698 437 3759 ζητεῖς
452 3695 504 3744 καὶ
520 3693 567 3745 ἐπὶ
584 3691 657 3744 πολὺ
668 3688 803 3764 oiuopaic,¹
839 3698 909 3743 04040
924 3693 1058 3755 4040004400
1068 3693 1145 3744 044440
1153 3693 1269 3756 0004004
1290 3695 1371 3746 Conl.

309 3771 397 3820 44-44,
424 3770 504 3831 Saepe
520 3769 583 3829 004]
604 3769 644 3818 Do
666 3770 803 3832 postrema
840 3769 905 3832 Epp
924 3767 954 3826 4,
974 3767 1244 3833 isti-equitem
1266 3767 1371 3830 idest,

275 3844 389 3896 huinsv
371 3842 519 3904 syllaba.
535 3843 598 3892 ants
615 3841 750 3906 duplicem
764 3841 805 3892 lit-
840 3841 980 3892 «homines
1001 3840 1086 3891 cultos
1103 3845 1184 3906 atque
1206 3844 1275 3895 artis
1294 3845 1373 3907 peri-

275 3923 363 3970 terem
378 3922 470 3967 sinon
487 3916 617 3980 producta
634 3916 689 3966 vid.
702 3917 756 3966 Sat.
771 3918 801 3976 4,
839 3919 894 3976 400,
914 3913 1006 3979 quales
1024 3917 1127 3980 equites
1145 3919 1278 3968 Romanos
1301 3929 1368 3968 esse

275 3994 305 4054 4,
323 3992 415 4043 34-
436 3992 521 4042 0444000
540 3991 632 4056 cutus]
659 3991 802 4054 superiore
839 3992 944 4042 decet.»
974 3991 1048 4042 Conl.
1068 3991 1134 4055 Epp.
1153 3993 1182 4054 4,
1202 3993 1230 4053 4,
1250 3991 1306 4042 484.
1334 3995 1369 4043 A.

275 4069 353 4156 parte
369 4065 421 4118 still
438 4065 490 4116 lata
506 4064 712 4126 oblitterabant,
732 4077 802 4129 quae
839 4067 867 4116 Ρ
885 4064 934 4116 448
951 4077 1049 4128 sq.-
1078 4064 1175 4128 00400]
1204 4065 1248 4115 hic
1275 4066 1370 4128 potius

275 4143 303 4193 40
324 4153 388 4192 cera
409 4141 550 4190 exararant
570 4139 694 4190 inferiore
713 4141 800 4188 acuta.
838 4137 925 4190 laudis
942 4142 1036 4190 est.-
1009 4138 1196 4203 -AruuauaJ
1214 4140 1296 4190 mima
1309 4141 1371 4190 exi-

276 4217 331 4268 Cic.
349 4216 455 4278 400.,4
473 4213 522 4276 44,
542 4213 601 4263 404;
625 4213 803 4265 Vertitstiluu
839 4214 902 4264 mia.
932 4213 987 4264 Cio.
1006 4212 1151 4275 004444,
1170 4214 1215 4276 44,
1234 4214 1262 4263 6:
1281 4215 1370 4276 Ques-
1442 4223 1443 4231 ¹
