2925 4892
514 358 572 409 utu.
591 360 610 409 l.
645 358 714 411 SAT.
732 360 775 411 lli.

101 520 156 581 lut
177 514 320 602 positum
342 524 416 580 ente
439 532 512 579 mea
532 513 610 601 quie
631 512 756 601 pullum
778 514 810 581 in
830 523 922 603 perte
944 514 1040 582 catini

102 635 230 703 Sustulit
255 634 422 711 esuriens,
447 634 553 701 minus
575 633 637 701 hoc
659 634 820 701 iucundus
842 635 967 703 amicire

101 758 143 823 Sit
162 756 267 821 mihil
289 755 376 835 Quid
399 755 529 830 iaciam,
553 755 581 821 si
604 754 722 821 iorturn
744 755 871 833 lecerit,
895 766 951 821 eut
972 758 999 822 si

101 876 279 943 Prodiderit
300 876 475 943 commissa
496 874 561 942 fide
583 896 781 963 sponsumve
803 876 953 963 negarit?
1142 880 1185 943 tto

102 998 175 1077 Quis
195 998 290 1086 paria
313 1017 388 1065 esse
411 996 478 1063 iere
502 994 624 1083 placuit
644 1006 793 1084 peccata,
815 995 981 1072 laborant,

157 1160 666 1267 commenias

97 1383 237 1431 itmosest
255 1378 412 1439 demde,
437 1378 558 1440 Apollinis
579 1379 624 1427 ds·
660 1378 718 1440 nia,
743 1384 767 1431 st
789 1378 859 1443 (fllia)
881 1394 947 1443 cuce
971 1382 1092 1445 despom
1113 1390 1183 1444 ent,

97 1456 174 1516 tcto,
193 1454 535 1517 ndsipncecputrspcsctt
545 1452 624 1503 Auio-
660 1466 768 1517 sponsa.

97 1530 148 1578 sius
167 1530 302 1578 Euander.
340 1526 394 1577 Sed
418 1530 492 1577 recte
518 1526 622 1590 Spohn:
693 1526 782 1577 96-98.
809 1528 871 1591 Quis
890 1530 972 1591 poris
995 1531 1058 1596 oet]
1084 1532 1186 1581 Stoicos

97 1604 157 1663 «Qui
175 1602 336 1653 Euandrum
353 1601 510 1651 statuarium
528 1598 624 1649 inteili—
661 1600 754 1651 irridet
770 1602 845 1663 ideo,
863 1604 926 1666 quie
943 1604 1011 1653 hacc
1026 1618 1122 1657 corum
1136 1605 1186 1656 do·

95 1680 169 1741 gont,
184 1690 240 1727 non
253 1674 432 1725 recordantur
443 1686 506 1724 eum
517 1687 542 1724 a.
555 1687 583 1723 u.
597 1686 621 1723 c.
660 1675 746 1725 ctrina
771 1676 861 1726 omnio
887 1679 998 1740 peecata
1023 1691 1084 1729 esse
1112 1680 1187 1742 paris

96 1752 274 1801 iiddemum
285 1747 442 1799 Alexandria
455 1750 566 1799 Romam
578 1748 624 1799 de·
660 1749 823 1811 (accuratius
840 1750 950 1813 quidem
961 1752 1033 1814 apud
1044 1752 1119 1802 Stob.
1131 1752 1185 1803 Ecl.

96 1824 204 1875 ductum
223 1836 314 1874 esse.-
348 1824 392 1873 sic
409 1822 526 1873 concidit
542 1822 622 1872 etiem
660 1823 707 1873 Ph.
721 1822 751 1880 2,
769 1823 794 1873 i.
812 1836 839 1887 p.
858 1824 921 1873 2⁴8:
941 1819 993 1873 loa
1009 1820 1104 1874 πάντα
1114 1821 1187 1876 εἶναι

96 1898 281 1963 interpretatio
304 1911 331 1947 v.
349 1898 438 1947 tritum
458 1897 622 1957 «tornatum,
659 1892 696 1947 τὰ
707 1890 915 1967 ἁμαρτήματα,
926 1894 983 1949 edu
994 1892 1037 1950 ἔτι
1047 1896 1071 1948 δ’
1084 1892 1185 1965 ὅμοια·

95 1972 241 2033 caelatum,
268 1970 439 2035 sculptum,n
457 1971 491 2021 de
514 1982 568 2033 qua
585 1971 624 2019 si·
658 1966 789 2041 διάφορα
810 1968 865 2040 ydp
886 1969 961 2022 κατὰ
982 1970 1123 2039 ποιότητα
1143 1977 1187 2041 yl-

95 2047 154 2110 gnii.
175 2048 226 2097 etr.
245 2044 359 2095 Salmas.
376 2046 410 2095 ed
425 2044 504 2095 Sciin.
523 2058 550 2108 p.
563 2043 621 2093 289.
659 2045 799 2113 γνεσθαι.)
822 2060 916 2096 eorum
937 2051 1086 2099 sectatores
1106 2063 1186 2101 sevc-

95 2126 119 2171 et
141 2124 265 2184 Wagner
287 2120 323 2169 ad
344 2120 414 2182 Virg.
434 2122 481 2169 Ge.
499 2121 531 2179 ἰ,
558 2116 620 2171 itt:
660 2121 745 2172 riores
765 2122 791 2170 in
809 2118 986 2171 diiudicandis
1007 2122 1119 2173 eliorum
1135 2123 1186 2173 de·

97 2197 157 2247 ilinc
191 2194 282 2244 radios
316 2194 406 2243 inicere
439 2194 510 2243 rotis.
556 2191 622 2243 liele
660 2193 728 2246 lictis
750 2194 865 2244 reddere
885 2192 998 2245 solebat.
1033 2198 1119 2247 Stoice
1137 2198 1186 2259 lgi-

96 2272 172 2320 etiam
195 2270 265 2318 Fea:
293 2266 476 2328 «obsoletum,
500 2266 535 2316 ed
557 2280 624 2317 con·-
660 2272 703 2319 tnr
733 2268 854 2318 doctrinm
879 2271 1046 2332 quantopere
1074 2274 1186 2321 naturae

98 2346 258 2407 temptum.»
292 2341 413 2405 Optimus
433 2341 565 2404 interpres
582 2341 624 2389 est
661 2345 794 2394 humanae
819 2346 968 2407 repugnet,
995 2345 1187 2409 Epicureorum

97 2416 220 2485 Hprtielis
237 2414 257 2465 l.
276 2414 307 2465 l.:
326 2415 415 2466 Pollice
430 2415 461 2464 dc
476 2414 545 2477 Potio
562 2414 624 2463 trito
660 2418 822 2469 sententiam
836 2418 997 2480 opponendo
1008 2418 1185 2470 demonstrat.

96 2491 210 2542 minabo
229 2490 301 2539 nitet.
329 2516 355 2525 -
374 2489 441 2549 ciue]
465 2486 624 2539 adverbiali·
663 2518 690 2529 -
708 2491 769 2555 [crs]
791 2494 822 2540 ut
837 2486 877 2553 ὥς
895 2484 965 2552 ἔπος
986 2492 1091 2552 εἰπεῖν,
1117 2508 1187 2553 σχε-

96 2570 147 2626 ter,
166 2567 199 2615 ut
215 2561 355 2622 Tibulli,
374 2562 403 2624 t,
423 2562 468 2612 t3:
495 2563 528 2613 lit
544 2562 625 2624 quod-
664 2561 725 2625 ddv,
744 2560 850 2625 σχεδόν
866 2580 903 2614 τι.
938 2564 1020 2627 (Plato
1037 2570 1140 2629 rmtag.
1158 2582 1185 2631 p.

95 2652 193 2702 enque
219 2638 283 2687 indii
306 2650 410 2699 pomun
432 2650 512 2687 occos
535 2637 626 2687 educat
661 2639 719 2689 348.
739 2640 768 2688 C.
788 2637 940 2689 Parmenid.
959 2652 986 2701 p.
1008 2641 1063 2690 itti.
1082 2642 1122 2701 B.)
1144 2642 1189 2690 ins

95 2727 194 2773 mass,
224 2710 342 2761 Libatum
369 2710 497 2774 opricotoc
521 2710 626 2772 pontiur
661 2716 1000 2774 conscripseramus,
1017 2714 1048 2762 in
1065 2715 1189 2763 derlis·

95 2788 226 2837 osum
263 2784 397 2845 td.t,tt,
420 2784 464 2836 98:
491 2788 626 2834 coenatus
660 2787 718 2851 psl.
755 2784 831 2835 Haud
848 2786 969 2835 Torsit.
988 2798 1015 2848 p.
1034 2786 1092 2835 702.
1121 2786 1188 2837 liele

94 2862 169 2911 unte
194 2865 218 2909 et
238 2863 298 2908 onte
314 2859 390 2908 coito.
427 2857 533 2909 Plautus
554 2858 623 2909 lien.
661 2862 791 2911 Basterus
815 2859 869 2922 scre
894 2859 978 2909 iunxit
1001 2871 1065 2909 eum
1087 2872 1113 2909 v.
1127 2862 1189 2924 pto·

95 2939 122 2995 2,
140 2936 175 2995 ἱ,
194 2935 224 2983 2:
246 2933 344 2983 Bonum
360 2938 419 2983 uate
432 2946 527 2995 ponam
541 2945 625 2995 pron-
661 2936 724 2997 euti,
752 2934 795 2985 eui
820 2934 915 2985 rationi
940 2932 982 2983 vel
1008 2946 1104 2985 versus
1124 2948 1189 2986 cue·

95 3012 165 3059 diuis
185 3006 361 3070 pransoribus.
382 3034 409 3043 -
426 3020 485 3057 mco
500 3009 527 3057 iu
539 3004 623 3069 porte]
663 3024 725 3061 sura
737 3011 876 3073 repugnat.
895 3008 936 3059 Ad
946 3010 1106 3060 sententiam
1117 3011 1187 3062 conl.

96 3086 135 3134 tin
154 3084 235 3148 parte
254 3080 288 3129 ad
306 3093 508 3143 menevense,
527 3094 560 3131 er
572 3094 625 3144 qua
663 3085 717 3135 Cic.
736 3084 771 3134 de
789 3084 861 3133 rino.
880 3081 909 3144 l,
930 3083 973 3142 te,
991 3084 1036 3131 55:
1062 3089 1128 3134 rscts
1145 3086 1189 3148 se·

96 3172 137 3209 me
153 3155 261 3207 altilem
277 3153 347 3205 illem
365 3153 457 3205 tollere
474 3168 523 3219 per
540 3158 624 3206 eret.»
662 3163 704 3209 cto
715 3159 801 3207 onmia
816 3157 952 3219 mooun,
977 3158 1065 3207 cossio
1082 3164 1190 3220 peccato

97 3232 169 3283 Philo
195 3231 230 3281 de
258 3229 374 3293 prologis
398 3242 426 3293 p.
445 3230 503 3279 237.
524 3228 573 3281 Pi:
596 3224 626 3281 ‘0
660 3233 741 3295 potio
767 3231 862 3295 (esse);
888 3242 954 3292 quoe
977 3244 1035 3281 wo
1057 3233 1190 3297 mopsittos

96 3302 151 3375 πρὸ
183 3300 238 3354 τοῦ
271 3299 418 3368 πόματος
447 3299 500 3367 τὰς
530 3296 627 3369 ἀπλή-
660 3307 747 3369 primo
771 3306 821 3355 diei
844 3306 1003 3365 udam,
1031 3307 1190 3357 comidcroto

96 3394 187 3441 στοις
220 3372 334 3441 deciduo
364 3376 520 3442 ἐπιθυμίας
553 3373 627 3429 cind-
662 3382 746 3431 minus
758 3380 913 3443 melodum
929 3380 1091 3429 motin
1105 3381 1190 3429 cuim-

96 3470 180 3519 σμως
207 3448 411 3524 ἐμφορήσεται
437 3454 488 3504 καὶ
515 3451 551 3504 τὰ
573 3450 625 3505 τοῦ
664 3469 711 3517 quc
728 3460 752 3505 et
766 3459 864 3504 notura
879 3464 967 3501 rerum
983 3455 1058 3512 otqtsc
1074 3452 1132 3512 ipsa
1146 3466 1191 3502 os·

97 3528 224 3593 atqctov
251 3524 441 3579 ἐπισπάσεται
458 3526 516 3579 κτλ,
549 3528 626 3592 Apud
663 3531 728 3581 titos
755 3526 883 3577 elurnobot
911 3525 1108 3586 quodamnodo,
1140 3538 1191 3574 nois

97 3604 206 3653 lucian.
228 3604 295 3655 Tim.
318 3602 360 3653 ot.
380 3600 554 3666 philosophus
577 3616 627 3666 pa·
660 3615 735 3666 posse
749 3601 855 3661 adduci,
872 3604 900 3649 ut
916 3599 983 3648 intes·
998 3610 1041 3647 sos
1055 3611 1109 3658 res,
1127 3610 1192 3659 quos

98 3679 172 3728 rasili
194 3679 288 3741 partes
312 3690 409 3740 egens:
436 3672 627 3747 προαρπάζων
664 3677 727 3727 Zeno
755 3679 928 3736 coaequaret,
957 3672 1020 3721 eiiii
1046 3673 1188 3733 tutorem

96 3746 196 3822 ὥσπερ
221 3753 330 3814 ἰκτῖνος
350 3746 386 3802 τὰ
408 3744 475 3815 ὄψα
494 3748 554 3801 κτλ.
595 3753 627 3803 Et
665 3763 735 3814 quae
752 3750 835 3801 verbe
852 3750 910 3812 ipsa
928 3748 1077 3797 antwrus
1091 3746 1191 3797 obver-

97 3827 172 3889 qnod
197 3828 242 3877 hic
267 3826 443 3890 significatur,
470 3827 550 3877 etiem
576 3828 627 3889 Sy·
664 3828 723 3876 sete
741 3837 801 3874 esse
818 3824 942 3887 opinetur
957 3823 1066 3885 poetae,
1095 3835 1190 3873 verum

98 3903 174 3952 nesio
196 3904 273 3952 Narr.
291 3904 355 3964 leg.
374 3914 401 3965 p.
426 3900 467 3951 32.
486 3900 566 3949 lirul).
585 3902 628 3949 est
664 3902 687 3951 is
704 3900 776 3951 huno
792 3898 940 3947 Stoicorum
962 3895 1051 3947 locum
1067 3908 1191 3946 commu-

97 3971 289 4038 ἀπαιδευσίας
310 3971 416 4026 κανών.
438 4002 465 4011 -
487 3976 536 4037 fids
558 3974 627 4023 anti-
665 3986 727 4024 nem
750 3985 815 4023 sene
838 3973 892 4021 iem
913 3971 1024 4021 Athenis
1040 3970 1191 4021 sescenties

98 4052 178 4113 quior
194 4050 280 4101 torma
297 4051 379 4101 dativi
396 4063 446 4114 pro
465 4049 531 4112 sido.
567 4048 624 4099 Vid.
664 4047 794 4097 audierat.
817 4074 843 4081 —
861 4046 986 4109 toborom]
1010 4038 1189 4114 «ἀποροῦσι,

98 4124 133 4173 ad
150 4124 199 4173 0d.
212 4124 244 4185 3,
263 4125 292 4185 7,
311 4123 335 4175 l.
357 4152 385 4161 -
404 4122 530 4187 specum}
543 4123 627 4172 Varro
666 4134 719 4173 non
747 4121 805 4172 sine
833 4120 950 4184 quadam
978 4118 1099 4171 molestie
1127 4132 1191 4168 sen-

100 4200 127 4248 t..
148 4200 176 4247 l..
195 4199 224 4259 ti,
244 4199 289 4249 to:
308 4198 490 4263 appellabatur
506 4202 529 4248 ct
548 4210 627 4259 pocu-
664 4196 745 4259 tiuni,
769 4208 851 4259 quam
868 4194 1001 4246 contraria
1018 4194 1052 4244 sit
1072 4193 1192 4256 ipsorum
