2925 4892
270 339 331 406 cei
632 339 998 394 uomnrurrsrcmauu

312 499 497 564 Manserunt
518 495 682 583 hodieque
705 505 836 562 manent
857 496 993 584 vestigia
1014 495 1109 561 ruris.
1297 495 1352 560 460

312 621 412 686 Serus
435 617 521 684 enim
544 616 676 684 Graecis
699 615 842 683 admovit
863 617 1012 683 acumina
1033 615 1165 692 chartis,

313 742 351 806 Et
371 749 445 828 post
466 739 586 806 Punica
607 736 693 804 bella
715 737 846 824 quietus
868 757 1028 825 quaerere
1050 737 1177 824 coepit,

313 860 400 942 Quid
421 859 598 948 Sophocles
620 869 652 926 et
673 858 809 945 Thespis
831 867 864 924 et
884 857 1065 946 Aeschylus
1087 855 1165 924 utile
1186 856 1317 925 terrent

313 982 457 1048 'lentavit
480 1001 611 1069 quoque
634 1000 717 1057 rem,
743 979 771 1046 si
794 978 891 1066 digne
912 988 1041 1046 vertere
1062 988 1189 1065 posset,

337 1217 392 1268 rsa.
413 1217 477 1268 Cod.
492 1230 506 1266 c
524 1227 635 1265 mancus
652 1217 694 1266 est
710 1214 772 1265 inde
788 1214 824 1265 ab
840 1215 893 1264 hec
908 1227 933 1263 v.
952 1225 1039 1276 usque
1056 1212 1090 1262 nd
1107 1227 1132 1262 u.
1145 1213 1204 1264 258.
1220 1241 1249 1250 ·-
1270 1213 1324 1264 idi.

303 1305 414 1354 qucqare,
431 1303 486 1340 rem
501 1291 521 1340 si
538 1289 701 1352 distinguunt
717 1289 776 1350 LtF,
795 1302 892 1351 quoqne
907 1301 961 1339 rem
977 1289 998 1337 si
1015 1291 1093 1338 caute
1110 1288 1172 1339 llis.

270 1517 322 1580 [usi
353 1517 442 1564 immer
468 1527 555 1563 ausser
581 1513 625 1563 der
650 1513 798 1576 Erruiima
834 1512 898 1563 dem
915 1515 1002 1563 aetate
1019 1510 1174 1576 explicanda
1186 1516 1251 1562 sunt
1262 1513 1359 1563 Horatii

270 1593 358 1656 findet,
385 1590 514 1640 emendare
535 1589 563 1637 in
586 1589 633 1638 den
649 1589 730 1638 liedes
745 1589 798 1638 und
834 1587 932 1647 verba,
959 1600 1012 1636 nan
1041 1587 1075 1637 de
1103 1585 1274 1651 temporibus
1301 1592 1360 1652 pust

271 1667 299 1716 ia
324 1667 371 1716 den
395 1665 552 1729 llesieuionen
577 1664 618 1713 der
637 1663 795 1713 ilistorikcrr.
834 1661 1021 1724 Karthaginem
1047 1659 1177 1722 deletam,
1204 1664 1269 1712 ante
1292 1675 1359 1726 qnae

273 1739 349 1800 Quod
367 1738 512 1790 discrimen
533 1737 576 1787 bic
593 1750 700 1800 quoque
718 1737 798 1787 statui
834 1739 951 1787 mortem
967 1735 1072 1787 obierat
1082 1734 1125 1785 vel
1142 1736 1199 1799 ipse
1211 1737 1359 1796 Terentius,

272 1817 373 1879 potest:
391 1813 554 1864 vermesca-
565 1812 648 1862 -sind
664 1810 797 1875 callicles,
834 1810 988 1862 dimidiatus
1010 1808 1052 1860 ille
1068 1809 1223 1862 Menander.
1244 1839 1273 1847 -
1291 1813 1361 1874 quie-

272 1891 302 1938 ut
317 1889 391 1953 apud
407 1889 526 1949 Tacitum
543 1889 610 1936 Anu.
626 1885 653 1946 4,
672 1885 718 1936 35;
738 1885 799 1934 Cre-
833 1885 881 1949 tus]
899 1881 1016 1956 εἰρήνην
1032 1878 1126 1951 ἄγων,
1145 1885 1224 1948 iunge
1242 1898 1308 1936 curm
1318 1899 1359 1934 vr.

271 1964 345 2013 martii
366 1963 441 2012 Cordi
466 1961 541 2010 libros
563 1974 610 2022 per
630 1960 721 2010 aclides
742 1972 799 2009 cre-
831 1965 889 2023 post
896 1961 993 2011 Punica
1009 1960 1084 2020 iaia,
1103 1972 1156 2009 non
1170 1973 1234 2010 cum
1245 1973 1273 2009 v.
1287 1973 1362 2022 quae

271 2038 378 2088 mandes
395 2039 625 2096 cmmerepatres:
643 2035 799 2083 redmansc-
834 2049 899 2085 rere.
919 2034 957 2086 Cl.
971 2048 997 2084 v.
1011 2034 1051 2085 93.
1068 2061 1095 2070 -·
1116 2034 1220 2098 mesae]
1234 2034 1275 2084 Cf.
1289 2039 1320 2084 Δ.
1333 2036 1359 2083 Ρ.

271 2116 333 2160 nint
344 2109 461 2159 occultati
472 2114 495 2158 et
506 2109 573 2158 edili.
592 2105 658 2158 Alibi
672 2121 736 2160 sune
748 2109 799 2158 hac
834 2110 936 2173 iidsq.
963 2107 1025 2160 ill.
1044 2108 1153 2158 honoris
1174 2121 1258 2158 causa
1275 2110 1362 2158 nomi-

273 2185 423 2235 differentia
435 2196 487 2233 non
499 2184 603 2232 servate
615 2185 710 2246 poetae
720 2183 799 2232 metri
835 2186 927 2245 natur,
945 2184 1037 2247 utpote
1052 2196 1134 2247 quem
1145 2195 1195 2246 pro
1206 2182 1361 2246 tragoediae

274 2257 463 2309 necessitatem
475 2257 560 2307 secuti
572 2258 642 2306 sunt.
661 2257 730 2320 virg.
742 2254 796 2306 Ecl.
835 2259 975 2308 inventore
993 2256 1105 2321 (olymp.
1119 2257 1160 2306 64.
1176 2271 1201 2306 a.
1215 2257 1280 2306 Chr.
1294 2255 1361 2316 536.)

274 2333 315 2394 40,
330 2331 375 2381 la:
394 2330 466 2380 illum
479 2333 604 2380 --elium
618 2331 800 2394 fleveremvri·
835 2332 968 2384 haberent
992 2331 1179 2390 Grammatici;
1209 2344 1264 2381 nun
1290 2330 1362 2395 quud

273 2418 319 2456 cae
334 2430 375 2442 --
392 2410 415 2455 ei
436 2405 512 2469 gelidi
526 2406 648 2470 fleverunt
663 2418 731 2454 sace
747 2405 799 2465 iy—
836 2408 894 2458 eius
919 2404 1023 2457 rabulas
1048 2406 1083 2468 (ai
1108 2418 1227 2468 unquam
1249 2407 1362 2455 Romam

273 2481 337 2531 caci.
354 2507 380 2515 —
399 2479 525 2542 iureque]
544 2479 687 2544 praecipue
705 2479 731 2528 in
744 2491 801 2528 ear·
835 2482 1029 2546 peruenerunt,
1048 2480 1082 2530 de
1099 2493 1153 2543 quc
1167 2481 1225 2544 ipso
1237 2478 1361 2530 dubitare

273 2555 390 2608 minibus
416 2554 584 2606 Fescenninis
611 2554 685 2604 etin
708 2553 799 2604 mimis
834 2556 904 2617 lieet)
922 2555 1015 2604 imitati
1032 2555 1085 2605 sint
1095 2554 1183 2604 Livius
1194 2553 1362 2604 Andronicus

273 2629 452 2693 Atellanisque
465 2645 471 2686 ;
484 2626 533 2678 sed
547 2627 681 2690 quaedam
692 2627 800 2677 Horatio
834 2630 1032 2694 posterioresve
1049 2629 1140 2692 tragici
1158 2628 1250 2678 latim.
1282 2629 1361 2679 Certe

274 2706 353 2757 nimia
379 2705 477 2754 rustica
502 2703 662 2753 videbantur
686 2702 799 2752 sortasse
835 2705 862 2754 in
887 2704 972 2754 Bothii
997 2704 1085 2753 Poetis
1109 2703 1222 2753 scenicis
1247 2715 1283 2752 ne
1309 2715 1360 2752 una

273 2779 316 2832 vel
333 2782 360 2830 in
378 2777 495 2837 Catullo,
515 2792 565 2828 nec
582 2780 683 2840 magni,
702 2780 732 2828 ut
745 2777 800 2841 opi·
835 2777 944 2842 quidem
969 2776 1059 2827 tabula
1083 2780 1262 2837 memoratur,
1290 2789 1360 2841 quae

213 2901 215 2906 ,
275 2867 338 2914 nor,
358 2851 472 2902 iaciebat
487 2853 600 2903 Novium
618 2851 800 2916 etPompuni-
835 2851 999 2916 respondeat
1014 2849 1091 2902 alicui
1109 2865 1142 2901 ex
1159 2849 1208 2901 illis
1224 2855 1359 2915 quattuor.
1449 2886 1450 2889 η

274 2941 321 2978 um
343 2927 519 2989 particulatim
542 2927 677 2989 elegantes,
710 2927 741 2975 ut
764 2927 800 2976 ait
836 2940 904 2990 quae
917 2926 1042 2990 Thespidi
1054 2925 1207 2976 nlbuuntur
1217 2926 1291 2988 apud
1303 2926 1361 2976 sui-
1449 2960 1450 2963 κ

275 3002 371 3051 Fronto
387 3012 415 3063 p.
435 3001 476 3049 70.
495 3000 539 3057 il..
563 2999 800 3050 insertiri-uati-
836 3001 914 3051 dam:
940 2996 1083 3063 Πενθεύς,
1106 2990 1192 3050 {dulia
1211 2994 1362 3064 Πελλουῆ

274 3075 362 3125 canis
387 3079 409 3123 ei
425 3071 579 3122 locutoribus
595 3077 618 3122 st
633 3073 798 3124 ridicularia.
836 3071 967 3145 Φόρβας,
982 3069 1091 3145 Ἱεριΐς,
1101 3067 1219 3124 'Hidros
1238 3074 1279 3125 Cl.
1290 3073 1362 3124 Wel-
1449 3072 1450 3125 i

278 3177 304 3185 -
323 3147 401 3211 rura]
420 3147 617 3197 «rusticium»
644 3146 737 3197 carun.
756 3151 798 3211 aa,
836 3152 899 3200 cuer
916 3151 961 3200 cr.
982 3150 1090 3214 naam.
1108 3150 1127 3199 ι.
1147 3163 1175 3213 p.
1195 3149 1236 3198 re.
1262 3147 1360 3199 caune
1449 3128 1450 3215 l

275 3221 316 3273 44.
330 3221 364 3271 de
376 3219 496 3270 Sulleno:
514 3220 583 3270 idem
596 3221 704 3284 infaceto
715 3228 751 3272 est
761 3225 799 3273 in-
835 3228 929 3275 autem
941 3224 1066 3287 Thespidi
1083 3222 1233 3286 tragoediae
1252 3222 1361 3273 nonnul·

273 3297 462 3361 sacellanum,
481 3294 562 3344 Simul
573 3297 695 3357 poenicea
705 3299 797 3363 attigit.
834 3299 874 3350 les
898 3301 1077 3362 supposuerat
1097 3295 1251 3348 Heraclides
1273 3300 1361 3348 Penii·
1449 3330 1450 3369 3

309 3370 430 3421 464-463.
441 3369 591 3420 sementim
599 3370 661 3434 cet]
680 3371 799 3424 «Etenim
836 3387 893 3425 cue.
919 3373 985 3423 Vide
1000 3372 1172 3424 Welclrerum
1183 3374 1225 3423 111.
1244 3386 1275 3436 p.
1288 3373 1359 3423 reas.
1449 3378 1450 3441 i

275 3446 418 3506 Romanus,
436 3445 509 3508 prius
521 3442 615 3494 litteris
627 3445 734 3496 Graecis
746 3459 799 3497 non
838 3475 866 3484 -
883 3447 1023 3510 Ausinius]
1042 3447 1081 3498 Cl.
1099 3451 1129 3498 Α.
1147 3450 1175 3496 P.
1195 3447 1244 3497 278
1256 3460 1318 3510 sqq.
1332 3475 1357 3482 -
1449 3462 1450 3505 i

275 3519 404 3580 initiatus,
432 3519 541 3569 demum
561 3520 622 3583 post
637 3521 756 3584 primum
773 3524 801 3572 et
835 3521 903 3586 utile]
922 3523 1065 3586 «dignum,
1083 3521 1358 3586 quodimitarentur.·
1449 3512 1450 3557 l

275 3594 424 3646 secundum
446 3595 574 3645 Punicum
597 3593 709 3657 bellum,
736 3609 800 3646 cum
1449 3576 1450 3599 ¹

276 3669 364 3719 omnia
389 3668 528 3732 tranquilla
557 3672 660 3730 essent.
691 3673 800 3721 acutum
870 3671 1008 3723 464-467.
1043 3672 1166 3737 rennuit]
1190 3669 1359 3722 «Periculum

275 3755 355 3792 suurn
371 3743 506 3805 ingenium
526 3743 560 3792 ad
580 3744 730 3794 accuratius
742 3746 800 3794 stu·
836 3745 911 3807 lecit,
939 3748 1056 3799 incertus
1081 3748 1245 3807 etiamtunc,
1273 3749 1359 3796 uirum

276 3815 350 3865 dium
369 3818 517 3880 sellamque
538 3817 710 3869 imitationem
730 3824 799 3882 pce·
834 3833 998 3884 prosperum
1030 3834 1188 3872 successum
1222 3820 1360 3871 habiturus

275 3892 363 3941 terum
379 3892 542 3941 Graecorum
559 3893 714 3942 convertit.»
732 3895 799 3942 Por·
835 3895 904 3945 leret
915 3909 1027 3946 necne·
1045 3899 1125 3959 lunge
1137 3898 1240 3946 autem:
1260 3896 1360 3946 mavit

276 3965 333 4016 cius
358 3965 463 4016 Licinus
491 3965 562 4030 apud
588 3965 650 4017 Geli.
678 3967 722 4028 li,
749 3968 796 4027 at,
833 3983 900 4030 rem,
916 3971 1096 4034 «inceptum‚n
1112 3975 1358 4029 nontuerterem,

275 4039 324 4092 lii:
343 4041 445 4090 Poenico
460 4039 521 4089 ledo
537 4042 727 4092 sewndolltuu
740 4043 799 4104 pirr-
835 4044 861 4094 id
879 4046 935 4104 est,
952 4047 983 4094 ιιι
998 4043 1101 4106 volunt,
1126 4057 1211 4108 «quae
1232 4047 1297 4096 unc
1312 4045 1358 4093 irr-

275 4121 335 4166 nato
358 4117 442 4180 gradu
466 4115 551 4165 Intulit
573 4129 598 4166 ae
614 4117 756 4167 bellicorum
772 4118 799 4168 in
834 4118 937 4169 hebent
953 4119 1103 4182 tragoedias
1116 4121 1259 4171 Graecas·
1278 4119 1357 4171 (14.4.
1449 4164 1450 4167 ,

275 4191 372 4242 innuli
387 4190 583 4256 contemtorem.
604 4191 689 4255 Atque
704 4191 739 4244 de
751 4205 799 4243 ea-
835 4195 863 4244 P.
876 4193 925 4244 285
936 4206 1014 4257 seqq.
1036 4222 1062 4231 -
1081 4194 1189 4258 crure]
1214 4192 1356 4246 avertendo
