2925 4892
271 368 333 433 534
629 364 758 417 uomru
775 362 996 417 summutas!

314 526 434 593 Cautus
455 524 541 589 enim
563 522 677 589 metuit
696 521 824 587 foveam
845 518 941 607 lupus
963 518 1183 605 accipiterque
1328 520 1370 580 50

315 648 491 731 Suspectus
512 642 650 729 laqueos
672 651 705 709 et
726 650 876 728 opertum
898 638 1017 707 miluus
1038 638 1179 705 hamum.

315 764 463 833 Oderunt
485 782 624 851 peecare
644 762 722 829 boni
744 761 869 827 virtutis
891 780 1022 838 emore3

317 888 363 953 Tu
385 886 461 953 nibil
484 884 634 953 admittes
656 884 690 949 in
711 893 744 949 te
765 880 936 948 formidine
958 902 1102 969 poenae:

318 1010 365 1075 Sit
387 1028 463 1095 spes
485 1005 633 1084 saliendi,
657 1002 810 1071 miscebis
832 1022 926 1069 sacre
948 1002 1108 1089 proianis;

315 1132 394 1195 Nam
417 1128 458 1195 de
481 1126 566 1195 mille
588 1126 681 1193 [abac
704 1123 820 1191 modiis
842 1144 918 1190 cum
939 1122 1076 1210 surripis
1098 1144 1213 1197 uuum,
1327 1126 1369 1189 55

317 1250 475 1315 Damnum
499 1258 561 1325 est,
585 1246 810 1321 musacium,
833 1243 912 1310 mibi
933 1254 1029 1331 pecto
1050 1243 1156 1311 leuius
1178 1244 1251 1310 isto.

300 1396 307 1409 '
340 1411 381 1460 et.
399 1414 423 1459 et
438 1408 560 1472 opertaen]
578 1410 727 1470 adopts-tim
744 1405 828 1457 codd.
842 1404 903 1469 aliq.
917 1406 999 1465 Fene,
1016 1409 1046 1453 ot
1055 1408 1170 1467 opertior
1178 1416 1250 1454 unus
1262 1405 1338 1454 etus-

308 1483 372 1533 dem
390 1485 417 1533 et
432 1484 534 1533 Veneto
552 1480 625 1533 4484.
645 1483 686 1545 (Ut
697 1494 760 1541 nos,
777 1480 871 1542 bSEe.)
891 1506 918 1515 -
936 1480 1039 1528 mdiuus
1054 1479 1089 1539 Ε,
1107 1479 1208 1528 uribiut
1224 1479 1287 1528 bct.
1305 1504 1331 1517 -·

309 1560 371 1609 Post
386 1571 412 1607 v.
425 1559 467 1608 52.
480 1557 606 1607 Schmidii
625 1555 691 1606 Cod.
704 1556 807 1620 primus
817 1554 910 1605 inserit
920 1554 1007 1603 bunc:
1026 1553 1138 1603 otim
1151 1564 1259 1615 more
1274 1553 1337 1601 mut

309 1633 443 1693 formidine
464 1644 568 1693 poenae.
590 1658 617 1667 -
636 1632 677 1680 55.
696 1630 770 1692 cum]
787 1630 810 1677 si
825 1642 852 1691 p.
873 1654 900 1665 -
919 1628 961 1678 so.
982 1632 1058 1689 poete
1073 1628 1136 1676 mitt
1154 1642 1171 1676 ν
1188 1638 1267 1675 «cum
1284 1627 1339 1675 Ex·

310 1706 410 1770 cerptis
427 1707 452 1755 in
470 1704 633 1755 Bibliotheca
650 1702 819 1763 bodleiana»
837 1702 968 1767 probante
984 1702 1113 1753 Bentleio.
1143 1701 1198 1765 (Est
1214 1702 1339 1750 Murem

310 1780 388 1830 4ου4ω
403 1780 476 1841 mibi,
494 1792 546 1829 noe
560 1778 661 1841 [omnus
677 1783 777 1826 tamem
796 1782 846 1826 esto
863 1790 896 1826 ex
911 1777 1039 1827 Aecus-sio
1053 1778 1087 1838 L,
1105 1778 1235 1827 Dotem
1244 1780 1281 1825 est
1291 1775 1339 1824 tor

278 1900 338 1969 eist'd
360 1910 417 1967 τῶν
437 1918 545 1983 γονέων
567 1912 806 1986 προσαγορεοθῆ-
841 1920 903 1964 nott
918 1940 959 1951 --
975 1928 1076 1973 macra·
1102 1917 1131 1964 tu
1156 1916 1265 1972 οοοῑτο,
1290 1915 1371 1963 sicuti

280 2007 337 2043 ναι.
356 1991 419 2043 Piiu.
434 1994 464 2041 44.
476 1993 507 2041 N.
518 1992 543 2053 3,
556 1993 596 2051 ta,
608 1991 647 2041 47.
666 1990 807 2054 Reperitur
842 1988 976 2052 plerique,
1003 2001 1107 2051 poem
1125 1988 1264 2039 demumr
1280 1986 1374 2038 formi-

278 2068 331 2117 boc
352 2077 449 2115 nomen
473 2065 528 2115 iere
549 2064 621 2129 apud
641 2067 750 2129 poetes,
777 2064 808 2113 ut
843 2064 905 2113 dinc
931 2076 947 2111 u
969 2060 1073 2113 delictis
1093 2060 1141 2112 tibi
1158 2074 1248 2111 caves.
1281 2064 1373 2125 Atque

280 2141 350 2201 virg.
364 2142 410 2188 Ge.
424 2139 452 2199 t,
472 2140 532 2187 ⁴67:
556 2140 655 2189 Marsos
667 2138 807 2200 putentque
843 2139 995 2201 propterea,
1011 2134 1101 2187 sttobs
1110 2136 1191 2187 bomo
1199 2138 1293 2199 speret
1300 2135 1374 2187 ciem

282 2214 415 2263 Suedium.
436 2214 473 2261 De
486 2211 807 2263 Sabinorumantembo—
843 2210 900 2261 iore
918 2209 1093 2271 maleficium,
1113 2210 1238 2275 pessimis
1255 2210 1373 2273 quibus—

282 2285 441 2337 nestissimis
466 2285 586 2336 moribus
608 2298 640 2335 uo
659 2278 807 2355 παῤῥηοίᾳ
843 2296 897 2346 que
922 2282 1085 2333 iecinoribus
1109 2294 1140 2333 se
1163 2281 1371 2344 consociet-ubit,

280 2361 312 2411 ci.
326 2360 382 2410 Cic.
396 2359 430 2409 ed
443 2360 514 2409 Fam.
528 2360 572 2419 444,
589 2360 629 2419 ²⁰,
644 2360 682 2419 i.;
709 2358 744 2409 de
762 2373 807 2410 eo-
844 2360 925 2415 etiam
935 2354 1101 2419 saerdegio.»
1119 2358 1152 2408 u.
1166 2357 1316 2407 Antoninus
1327 2359 1371 2417 44,

280 2447 340 2485 rum
357 2433 452 2484 duritie
471 2435 498 2484 et
518 2433 671 2485 tortitudine
689 2434 752 2484 vide
771 2436 807 2486 ed
845 2432 885 2482 ⁴8:
904 2428 934 2481 ei
940 2446 1025 2481 τινων
1035 2424 1254 2501 ἁμαρτημάτων
1262 2426 1371 2503 ἀπέχῃ,

280 2508 328 2559 Od.
342 2508 367 2569 3,
381 2508 405 2569 b,
419 2508 459 2558 ³8.
843 2498 917 2555 ἀλλὰ
933 2502 988 2570 τήν
1003 2520 1037 2572 ys
1048 2498 1108 2568 ἕξιν
1118 2500 1273 2570 ποιητικὴν
1282 2500 1371 2569 ἔχοις,

311 2581 400 2633 sii-ob
429 2583 522 2632 Cautus
539 2583 601 2647 oet]
623 2582 706 2633 «Telis
724 2584 806 2632 bomo
844 2582 871 2630 si
892 2580 943 2630 καὶ
962 2577 1011 2630 διὰ
1032 2576 1140 2630 δειλίαν
1156 2572 1178 2643 ἢ
1193 2575 1373 2643 δοξοκοπίαν

280 2659 355 2708 metu
372 2656 510 2707 dumtaxat
521 2668 639 2719 poenae,
659 2670 712 2707 non
724 2657 807 2721 ipsius
844 2648 866 2719 ἢ
889 2650 1007 2705 τοιοῦτό
1031 2669 1060 2705 τι
1083 2648 1177 2704 κακὸν
1197 2647 1295 2725 ἀπέχῃ
1313 2654 1373 2705 τῶν

280 2732 383 2783 virtutis
405 2744 512 2790 amore,
538 2734 648 2794 peccata
670 2732 750 2793 vitat,
778 2733 808 2780 ut
844 2722 1193 2801 ὁμοίωνοὶμαρτημάτον.
1208 2728 1371 2789 dicantem,

281 2807 353 2856 ierac
370 2808 450 2868 atque
468 2818 549 2865 eves,
568 2807 615 2856 ubi
631 2804 715 2857 semel
733 2820 749 2855 e
766 2806 807 2855 io·
844 2806 890 2857 ubi
912 2808 1020 2857 omnino
1043 2806 1162 2856 Stoicum
1178 2804 1246 2868 agit,
1272 2804 1372 2855 borum

281 2894 330 2929 ven
348 2878 484 2941 laqueisve
507 2892 537 2929 se
555 2881 731 2941 extricarunt,
759 2893 807 2929 ex-
844 2881 1033 2944 preeceptum,
1053 2881 1163 2931 «omnia
1180 2881 1293 2943 peecata
1309 2892 1372 2930 esse

280 2953 409 3016 perientin
419 2950 530 3003 edoctae
540 2952 807 3005 talesinsidiuscuute
844 2954 1002 3018 aequaiia‚»
1019 2955 1093 3018 quod
1109 2954 1228 3005 irriserat
1237 2954 1292 3003 Sat.
1306 2955 1332 3014 4,
1345 2954 1370 3013 3,

281 3026 375 3083 vitent,
394 3024 482 3087 pisces
500 3023 593 3074 itidem
609 3040 709 3088 escam,
724 3040 807 3091 quam
844 3028 898 3087 ss,
916 3029 974 3092 ipse
986 3040 1094 3093 quoque
1105 3038 1185 3079 mum
1196 3028 1267 3078 iacit.
1281 3052 1311 3063 —
1323 3028 1373 3076 ού-

282 3097 333 3147 sibi
350 3097 529 3160 perniciosum
547 3096 604 3147 iore
622 3100 721 3160 sciunt,
745 3102 808 3161 quie
844 3104 921 3154 metis
935 3104 1143 3168 reemprosoeir]
1162 3101 1244 3154 Piuut.
1256 3103 1329 3151 Trin.
1342 3102 1369 3161 2,

282 3171 333 3221 sub
351 3183 382 3219 eu
398 3168 463 3220 latet
485 3172 607 3220 bamus.»
629 3198 657 3207 -
683 3174 806 3237 ορονωοι]
844 3178 912 3237 M:
939 3180 1049 3229 suenum
1066 3180 1217 3241 ονοϊοοω,
1241 3177 1372 3239 puplicam

283 3257 362 3296 «esea
383 3242 578 3306 occultatum»
602 3247 631 3295 ut
649 3246 713 3310 Epp.
734 3248 764 3308 4,
781 3248 806 3308 ’4,
841 3252 972 3312 pisum
987 3252 1091 3312 mouit,
1108 3252 1193 3303 tiutco
1207 3264 1276 3316 pseu
1302 3253 1371 3300 con·

282 3318 328 3369 ii:
348 3318 644 3369 oneum-emtum.
659 3346 687 3357 -
704 3320 806 3385 mauro]
845 3328 885 3375 tra
902 3328 932 3376 Α.
951 3327 979 3376 P.
999 3326 1061 3377 396:
1089 3327 1148 3376 Ferit
1169 3328 1231 3377 boec
1246 3326 1371 3387 matio

282 3394 362 3457 piscis
387 3404 470 3457 rapax
493 3404 526 3443 ex
542 3393 674 3444 doredum
697 3406 806 3457 genere,
845 3402 986 3461 quondan,
1004 3401 1369 3464 cumprimum.

282 3482 336 3519 non
354 3468 474 3519 eiusdem
493 3470 608 3520 nominis
626 3472 694 3531 uvis,
714 3482 809 3533 quam-
845 3486 921 3523 soere
932 3474 1058 3537 prom.

282 3556 363 3605 quam
379 3544 448 3595 Voss
464 3544 544 3593 vertit
559 3545 605 3594 der
616 3546 700 3606 weit,
719 3544 809 3596 sedet
877 3550 917 3598 445.
931 3550 972 3599 56.
997 3548 1085 3613 oum]
1103 3548 1288 3611 Coningbumii
1305 3560 1372 3597 con-

283 3617 350 3667 duus
362 3630 425 3667 oves
437 3630 590 3669 memorare
603 3617 665 3669 nibil
678 3620 809 3670 attinebat
846 3622 947 3671 iectura
963 3636 1044 3672 meon
1060 3621 1167 3685 (iubam)
1184 3634 1239 3672 non
1256 3623 1314 3673 tarn
1330 3624 1372 3672 in-

283 3702 371 3752 neque
382 3692 522 3742 bemobae
533 3694 682 3756 capiuntur.
696 3696 736 3744 De
748 3707 810 3759 pro·
845 3697 953 3759 geniosu
971 3700 1013 3746 est
1029 3708 1111 3760 quum
1134 3698 1244 3760 prepter
1260 3697 1371 3747 nimium

282 3764 445 3815 nuntiatione
462 3768 606 3829 antiquitus
624 3767 760 3831 trisyllaba
772 3769 806 3819 ci.
846 3772 1075 3833 exaggerationem
1104 3768 1222 3821 ridicule.
1258 3773 1373 3822 Prorsus

283 3836 364 3899 Epod.
380 3838 424 3899 ⁴6,
439 3839 481 3889 ³2.
510 3842 695 3893 Lachmannus
708 3844 742 3893 ad
755 3846 808 3893 bu·
845 3843 946 3894 nullum
971 3846 1043 3895 enim
1064 3845 1193 3895 damnum
1214 3848 1258 3895 est
1274 3847 1302 3895 in
1320 3858 1372 3895 une

283 3912 348 3960 uret.
368 3922 427 3974 pug.
446 3912 502 3963 ³79.
525 3938 552 3951 -
574 3916 609 3965 Tu
634 3916 697 3980 cet]
720 3918 808 3967 Geue-
845 3918 907 3969 iube
923 3932 956 3968 ex
973 3917 1045 3969 mille
1062 3918 1173 3977 modiis,
1191 3918 1241 3968 sed
1257 3920 1312 3968 iam
1330 3918 1373 3968 vei

281 3985 358 4035 ratim
376 3986 501 4037 dicuntur
517 3990 585 4041 boec
601 3992 690 4041 omniu
707 4004 750 4040 vv.
761 3993 808 4042 52-
845 3994 872 4043 in
888 4006 943 4043 uno
960 3993 1050 4043 modio
1067 3996 1201 4059 surrepto.
1226 3994 1259 4042 Et
1272 3994 1321 4044 etr.
1336 3992 1375 4043 4ο

282 4060 334 4119 544,
353 4059 383 4108 ut
398 4072 479 4124 saepe
497 4064 523 4112 in
538 4065 687 4117 Stoicorum
703 4063 809 4136 dmrpo-
846 4080 907 4118 eum
925 4068 1062 4131 Augusbni
1078 4068 1113 4117 de
1131 4066 1255 4117 mendac.
1274 4068 1317 4127 tu,
1331 4068 1373 4118 ts.

281 4132 362 4196 βατς,
390 4146 443 4184 non
467 4138 496 4185 ut
515 4137 548 4187 ud
564 4138 701 4199 Quintium
719 4142 807 4205 ipsum
846 4142 917 4205 apud
936 4142 1116 4193 Scbmidium:
1145 4143 1217 4192 eide
1232 4142 1377 4193 istm

282 4208 440 4259 referentur.
458 4210 715 4265 Transitusbioest:
732 4216 810 4267 «Ode-
844 4216 943 4267 mittor
967 4216 1150 4279 montom
1173 4217 1275 4266 mint
1292 4230 1376 4267 rmum
