2925 4892
274 376 336 440 336
654 374 981 427 noasrnsnrrnaaust

316 534 538 620 Quaecunque
560 530 687 619 excepit
707 529 864 619 turgentis
885 528 1025 597 verbam
1045 528 1186 604 caudae,

316 652 470 721 Clunibus
492 662 547 719 aut
568 651 698 739 agitavit
719 672 840 739 equum
861 649 982 717 lasciva
1004 651 1170 739 supinum,
1323 652 1363 714 50

316 774 447 840 Dimittit
469 794 578 860 neque
600 772 757 839 lamosum
778 792 886 860 neque
910 770 1097 849 sollicitum,
1121 792 1163 837 ne

315 895 418 962 Ditior
438 904 493 961 aut
514 894 634 960 lormae
658 890 801 958 melioris
821 893 921 958 meiat
941 892 1067 959 eodem.

316 1018 377 1093 Tu,
401 1037 474 1083 cum
497 1014 650 1103 proiectis
673 1011 866 1099 insignibus,
890 1012 987 1081 anulo
1009 1014 1154 1101 equestri

315 1141 525 1222 Romanoque
547 1134 672 1211 habitu,
696 1132 808 1220 prodis
832 1154 872 1199 en
893 1133 1001 1200 iudice
1024 1135 1124 1199 Dama

316 1258 444 1346 Turpis,
468 1255 638 1322 odoratum
660 1263 757 1341 caput
781 1252 975 1320 obscurante
998 1252 1142 1331 lacerna,
1323 1259 1365 1319 55

337 1445 379 1498 lo.
398 1446 491 1507 ancipit
507 1444 618 1509 orrentia
634 1456 659 1493 se
674 1443 780 1494 corbem
796 1444 851 1494 tres
868 1442 987 1494 Blandin.
1007 1443 1127 1507 Cruquli.

272 1624 385 1674 moecha
403 1626 430 1673 et
447 1620 540 1673 cultior
556 1621 692 1681 libertina,
711 1633 796 1671 exue·
832 1619 895 1669 dem
912 1620 1055 1669 meretrice
1067 1632 1127 1670 rem
1145 1620 1255 1681 babeat;
1276 1628 1365 1675 omni·

272 1700 313 1748 rit.
343 1725 370 1735 —
394 1698 500 1748 corbem
523 1696 627 1760 camos]
654 1698 744 1746 luven.
764 1695 794 1752 6,
832 1694 885 1745 bns
899 1694 971 1745 enim
988 1707 1074 1757 aeque
1091 1698 1217 1758 prostat...
1233 1701 1363 1769 -mmq

273 1773 337 1822 tto:
364 1774 396 1822 lt't
417 1773 538 1835 resupina
560 1774 643 1821 iocaris
658 1770 796 1819 multonem
832 1767 968 1819 verniliter
995 1766 1118 1832 loquitur.
1159 1767 1258 1820 Placuit
1286 1772 1364 1824 idenr

271 1846 398 1895 absorbuit
414 1848 485 1896 ictus.
521 1842 731 1909 lamSophoclss
744 1837 796 1893 ori-
833 1844 924 1893 Persio
941 1844 970 1903 6,
989 1844 1033 1892 il:
1060 1845 1090 1893 or
1106 1849 1164 1893 tutes
1179 1846 1225 1894 iate
1240 1860 1366 1908 napos--

271 1915 325 1987 ρὰν
342 1920 406 1969 dlxii
424 1916 456 1969 τὸ
479 1918 605 1979 αἰδοῖον,
632 1921 701 1969 teste
725 1918 796 1967 Pho·
832 1917 956 1966 Patriciae
972 1916 1189 1967 imnreiotoolous.
1220 1920 1297 1969 Conl.
1312 1922 1366 1971 Ca·

272 1994 307 2043 lio
319 1996 381 2043 Lex.
395 2007 421 2057 p.
435 1994 497 2054 sot,
517 1994 556 2042 to.
585 1993 670 2041 sensu
687 1992 796 2055 proprio
833 1989 946 2051 tollet,
965 1991 1014 2041 30:
1043 1992 1092 2053 Qui
1108 1993 1158 2053 ipsc
1173 1993 1214 2041 sui
1229 1996 1366 2045 nalt'mt'rt·

270 2067 371 2117 vobere
381 2068 479 2117 caudae
490 2064 551 2128 (ital.
561 2064 663 2129 puisse)
672 2064 706 2114 de
718 2076 796 2114 scaro
831 2066 899 2113 merit
915 2066 942 2112 iu
952 2065 1076 2127 prorutum
1088 2068 1158 2128 (iqui
1170 2080 1266 2117 nurum
1280 2081 1364 2120 suam

271 2140 335 2191 dicit
343 2138 798 2191 Pseudovid.llalieul.l3.-Cluui·
832 2132 1025 2201 stupraverint.
1040 2138 1258 2201 stertente.
1277 2143 1366 2204 (Eius-

271 2216 316 2266 luss
327 2214 389 2278 cet]
407 2214 514 2264 veneris
531 2213 629 2275 ligura,
650 2213 747 2262 lamina
759 2211 797 2260 vi-
832 2212 895 2262 dem
913 2213 1001 2276 stirpis
1019 2217 1062 2263 est
1076 2212 1197 2278 μοιχός,
1221 2217 1364 2281 mumius.)

271 2302 331 2340 rum
343 2288 467 2352 supinum
484 2286 657 2337 inscendeute
670 2290 697 2335 et
708 2286 796 2335 conim
864 2286 953 2335 53-57.
974 2287 1010 2335 Tu
1025 2300 1082 2337 cum
1093 2289 1155 2353 cet]
1169 2290 1222 2339 «Tu
1236 2303 1301 2340 cam
1313 2292 1365 2342 de-

271 2363 351 2415 voluti
369 2374 468 2425 equum
485 2362 613 2423 agitante,
631 2358 794 2426 κελητίζειν.
832 2360 918 2424 posito
934 2359 1013 2409 anulo
1024 2363 1142 2424 equestri
1158 2365 1187 2411 et
1202 2366 1264 2425 toga
1275 2366 1364 2417 domo

271 2437 345 2488 Ouid.
358 2439 388 2489 ll.
406 2438 435 2487 l.
452 2436 481 2497 3,
500 2436 563 2485 778:
590 2438 674 2487 Poruu
690 2436 797 2484 orimur
832 2434 923 2499 prodis
941 2447 973 2483 ex
990 2434 1076 2484 iudice
1093 2434 1193 2486 selecto
1207 2438 1267 2499 [Sat.
1282 2441 1312 2497 l.
1333 2440 1361 2500 i,

270 2524 347 2572 equo:
364 2514 492 2573 quoderat
501 2510 656 2573 loupirtimc,
666 2522 796 2571 nuuquom
833 2508 909 2571 trel,
928 2520 982 2571 quo
999 2521 1111 2559 munere
1123 2514 1259 2573 tamquam
1272 2526 1363 2575 eques

273 2585 797 2649 lbcbuisllndromachclllectoreouopto
833 2585 878 2633 lto.
903 2583 1035 2645 lungerls,
1062 2584 1148 2635 lactas
1172 2587 1271 2645 Darna,
1300 2588 1363 2639 ritis

270 2663 360 2713 rmcdit
371 2674 440 2723 equo.
461 2662 557 2710 Contra
569 2658 793 2719 llartial.ll‚lt)l,
832 2670 940 2716 servus,
969 2655 1078 2707 lacerna
1104 2672 1195 2709 crassa
1220 2672 1283 2709 cum
1309 2674 1364 2711 cu-

271 2736 314 2788 tt:
343 2738 461 2787 Hectoreo
486 2736 580 2797 quoties
603 2736 701 2784 sederat
725 2747 794 2783 onor
832 2729 900 2779 oullo
918 2729 1039 2793 (militum
1057 2734 1085 2781 et
1105 2744 1247 2782 servorum
1269 2734 1361 2797 pallio)

270 2826 341 2874 aqum.
383 2810 516 2873 aristoph.
540 2809 702 2873 Thesmoph.
727 2808 792 2857 toa:
832 2808 987 2868 coopertus,
1006 2818 1039 2855 ne
1057 2819 1229 2868 agnoscaris.»
1263 2810 1360 2860 laren.

203 2900 211 2909 ‘
270 2880 385 2935 Οὐκοῦν
402 2882 567 2947 κελητίζεις,
587 2874 658 2933 ὅταν
670 2880 795 2951 Φαίδραν
831 2880 861 2939 8,
881 2878 945 2929 ttl:
974 2880 995 2927 si
1016 2886 1153 2931 nocturnus
1169 2882 1268 2931 odada
1286 2884 1362 2933 lern-

161 3011 164 3023 ,
270 2956 369 3028 ιιοιῇς,Ι
387 2956 559 3019 Asclepiades
576 2958 654 3006 Anth.
669 2955 721 3005 Pal.
735 2958 792 3019 l,p.
829 2964 895 3014 pora
919 2953 1054 3002 Scotorum
1075 2955 1144 3003 vetus
1165 2957 1289 3017 adoperta
1310 2972 1361 3007 cu-

270 3032 332 3083 tlt:
362 3028 504 3094 Λυσιδίκη
520 3055 560 3067 --
576 3026 666 3079 τολὺν
693 3022 794 3079 ὕπτιον
830 3028 903 3078 cudo.
942 3026 1117 3079 Difficillimus
1140 3029 1224 3081 lactus
1247 3033 1288 3081 est
1313 3033 1361 3084 bic

270 3106 358 3157 lituos
384 3102 553 3171 ἐγύμνασεν.
592 3105 692 3154 Seneca
711 3105 792 3168 Epist.
830 3101 917 3162 locus,
936 3115 969 3151 ex
986 3115 1040 3165 quo
1057 3103 1359 3170 Wielandiuseumque

269 3182 319 3231 ot:
350 3179 461 3231 Libidine
476 3192 535 3227 vcro
547 3178 677 3241 (laminae)
695 3192 725 3227 ιιι
736 3192 794 3228 mc-
830 3180 946 3230 secutus·
956 3180 985 3228 (ἱ.
1000 3179 1027 3228 Ε.
1041 3178 1142 3229 Weber
1163 3181 1190 3231 in
1207 3182 1272 3231 labu
1288 3184 1362 3235 Naue

269 3254 339 3305 ribus
353 3254 454 3315 ‘quidem
470 3254 574 3310 cedrium
593 3254 649 3314 pati
664 3257 742 3302 cums
758 3253 794 3315 (di
828 3252 927 3302 lairbb.
940 3253 982 3302 lll.
999 3254 1118 3314 Suppllrd.
1133 3256 1157 3303 l.
1170 3268 1198 3319 p.
1210 3256 1251 3305 eo.
1264 3260 1361 3320 opina·

269 3330 326 3380 illua
348 3330 458 3390 deaeque
478 3326 545 3377 mole
565 3326 705 3390 perducti)
731 3328 793 3377 adeo
830 3328 926 3377 tusest
942 3326 1080 3376 lloratlum
1096 3330 1237 3379 manifesto
1247 3329 1361 3383 sibimet

267 3416 413 3469 perversum
429 3406 580 3452 cornmectce
590 3414 668 3463 penus
683 3402 794 3462 impudi—
830 3403 879 3464 ipsi
897 3400 1015 3450 tribuere
1033 3402 1133 3453 ordinis
1145 3406 1277 3467 equestris
1295 3407 1361 3458 insi-

268 3480 357 3539 citiuc,
375 3479 444 3527 viror
455 3478 548 3527 ineunt.
576 3475 628 3524 Clr.
643 3474 745 3525 llubnk.
759 3474 793 3523 ad
830 3475 887 3537 guia
900 3473 1022 3535 adeoque
1041 3474 1122 3525 luisse
1140 3489 1221 3526 unuin
1238 3492 1270 3527 er
1289 3480 1360 3529 iudi-

268 3552 345 3605 ltutil.
364 3552 473 3615 pido,
500 3549 542 3599 cui
568 3550 657 3598 tamen
681 3548 792 3598 credere
830 3547 906 3597 cibus
922 3546 1041 3606 selectim
1061 3550 1086 3599 id
1103 3550 1175 3613 quod
1190 3564 1303 3614 prorsus
1319 3556 1360 3604 in·

269 3624 349 3675 nolim
367 3623 552 3688 Asclepiadem
570 3620 603 3671 ab
623 3623 727 3671 lloratio
746 3636 793 3672 ex·
830 3622 958 3673 credibile
976 3625 1025 3673 est.
1061 3623 1142 3674 ldulto
1159 3627 1258 3675 rectius
1274 3628 1359 3677 Laru-

268 3710 392 3761 pressum
411 3711 483 3747 esse:
510 3697 609 3747 etenim
626 3697 693 3746 haec
710 3698 793 3758 supini
830 3697 923 3747 binus:
955 3699 1027 3746 :Non
1045 3701 1108 3747 sunt
1132 3698 1200 3749 baec
1224 3702 1260 3748 ita
1283 3704 1360 3752 acci-

268 3772 325 3832 eoul
341 3771 374 3820 de
392 3770 506 3833 pendula
524 3782 623 3819 venera
641 3770 728 3831 imago
741 3771 793 3820 triti
829 3773 942 3837 pienda,
972 3774 1046 3836 quasi
1078 3774 1201 3824 lloratius
1225 3777 1359 3837 significet

268 3856 393 3894 sermone
428 3842 561 3906 proverbii
596 3842 654 3893 loco
687 3844 793 3893 uidetur
828 3860 858 3899 se
885 3848 1003 3909 equitem
1030 3859 1090 3895 esse
1116 3848 1278 3909 Romanurn,
1306 3854 1357 3902 sed

269 3918 359 3967 luisse.
386 3944 414 3954 -
438 3916 547 3967 Dimittit
568 3918 630 3981 cet]
653 3920 737 3968 «Cum
759 3932 792 3967 eu
829 3934 862 3969 eo
893 3920 1017 3969 dicuntur
1045 3924 1162 3981 tantum,
1194 3936 1248 3985 quo
1278 3925 1360 3975 intel-

268 3991 367 4040 loruicc
386 3990 509 4051 discedo,
533 3990 601 4040 nulla
620 4004 676 4051 ma,
699 3995 791 4055 utpote
829 3988 953 4055 ligamus,
973 3993 1114 4057 plerosque
1131 3995 1255 4047 dominos
1269 4002 1359 4051 servis

268 4064 313 4129 qui
330 4076 424 4114 sersus
441 4064 505 4122 sim,
528 4062 595 4113 mala
613 4064 682 4114 lama
699 4067 792 4129 sequi·
829 4067 884 4116 suis
906 4080 965 4117 esse
988 4068 1137 4118 deteriores
1156 4073 1184 4118 et
1201 4072 1356 4133 nequiores.

268 4144 324 4199 tur,
347 4150 435 4201 neque
453 4137 599 4200 quidquam
617 4150 694 4197 curo,
718 4141 790 4204 qaod
829 4142 900 4191 llaec
930 4141 1007 4202 igitur
1037 4140 1120 4191 verba
1153 4145 1288 4207 pertinent
1321 4149 1357 4197 ad

268 4212 333 4263 alius
352 4212 429 4262 ditior
446 4214 491 4262 aut
508 4211 648 4261 lormosior
665 4226 727 4263 cum
743 4226 791 4263 ea·
828 4226 922 4265 omnes
946 4215 1068 4265 dominos
1094 4216 1197 4268 nobiles
1221 4222 1248 4268 et
1273 4219 1359 4270 hono
