2925 4892
271 362 333 428 48⁰
519 372 529 393 x
627 358 756 409 666666
773 355 996 408 6666666666
1080 414 1090 425 ,

311 522 396 597 Non,
420 518 476 605 qui
499 514 632 583 Sidonio
655 511 853 579 contendere
874 510 1011 579 callidus
1032 520 1122 575 ostro

312 640 421 707 Nescit
442 638 632 726 Aquinatem
654 636 796 722 potantia
818 631 938 701 vellera
960 631 1086 706 lucum,

313 763 440 830 Certius
462 758 599 846 accipiet
621 756 774 823 damnum
796 756 972 843 propiusve
993 752 1155 827 medullis,

312 886 417 964 Quam
438 882 494 969 qui
520 900 582 947 non
603 874 721 965 poterit
742 888 821 938 vero
842 867 1041 954 distinguere
1063 866 1187 933 laisum

313 1004 418 1085 Quem
441 1022 494 1069 res
519 1000 591 1089 plus
613 998 711 1065 nimio
737 992 941 1061 delectavere
964 989 1143 1065 secundae,
1324 996 1363 1058 3⁰
1442 1079 1443 1082 Ἴ

314 1127 452 1191 Mutatae
475 1122 628 1210 quatient.
673 1118 706 1185 si
730 1112 811 1205 quid
832 1110 1009 1188 mirabere,
1032 1130 1134 1199 pones

313 1246 444 1313 invitus.
488 1246 577 1329 Fuge
599 1259 730 1327 magna3
759 1236 836 1303 licet
856 1232 917 1300 sub
940 1253 1086 1319 paupere
1108 1244 1193 1299 tecto

338 1444 379 1493 tt.
398 1454 484 1491 666666
501 1437 587 1490 codd.
600 1435 661 1499 aliq.
688 1436 727 1498 (ot
744 1445 809 1494 nos,
828 1430 929 1492 nostri.)
950 1455 977 1465 -
994 1429 1037 1480 tt.
1055 1430 1164 1492 desipiat
1179 1430 1207 1479 d.
1224 1458 1252 1467 -
1267 1446 1334 1494 pm.

302 1518 392 1581 piaton
402 1517 447 1577 cE,
464 1514 524 1575 tet,
541 1510 689 1571 Redderes,
703 1510 755 1560 FO:
771 1506 926 1570 propiusque
942 1516 1077 1567 superser.
1089 1518 1120 1554 ce
1130 1506 1161 1566 S,
1177 1507 1334 1571 propiusque

305 1590 387 1651 bddl.
417 1588 519 1653 (codici
536 1588 556 1637 E
574 1583 640 1636 lalso
659 1582 821 1635 Kirchnerus
840 1579 932 1629 tribuit
948 1576 1090 1629 lectionem
1106 1578 1281 1643 propiorque.)
1303 1610 1330 1619 .-

305 1666 346 1717 69.
362 1663 445 1727 pontit
461 1662 488 1713 d.
510 1686 536 1697 —
549 1673 638 1710 comm
654 1658 806 1721 disticpnere
821 1654 887 1718 sotto
904 1650 988 1703 Codd.
1008 1652 1078 1719 apud
1096 1655 1185 1704 Feam.

306 1830 391 1883 6669.
404 1832 471 1892 Nos,
482 1830 525 1891 oui
536 1828 599 1893 cet]
611 1824 800 1878 iFelsnantem
836 1827 948 1873 ostem
962 1820 1040 1870 iudeo
1056 1826 1081 1870 ct
1094 1820 1210 1871 mittes.
1230 1848 1259 1859 -—
1274 1829 1367 1885 potar-

273 1905 315 1957 illa
341 1904 374 1955 de
400 1904 498 1955 fluibus
527 1903 660 1953 bonorum
689 1899 799 1959 iudicio,
838 1896 882 1962 tio]
923 1896 1060 1958 Frequens
1096 1895 1184 1958 imago
1222 1898 1364 1949 tinchrree.

273 1978 361 2044 qualia
393 1976 552 2042 plerumque
580 1978 643 2027 eunt
674 1974 800 2033 divitum,
838 1968 913 2021 Ouid.
930 1970 992 2020 liet.
1013 1969 1044 2030 6,,
1069 1969 1100 2019 9;
1124 1970 1245 2021 Picentes
1266 1971 1368 2021 6666666

273 2052 357 2105 mullo
377 2052 461 2115 magis
478 2052 555 2101 noxie
568 2052 630 2101 sunt
641 2062 672 2098 66
685 2047 802 2099 beatitu-
837 2043 947 2108 tiapelct
961 2044 1057 2095 mwice
1072 2043 1155 2094 66666.
1176 2072 1203 2083 -
1222 2046 1319 2109 lem]
1337 2046 1367 2097 li-

274 2129 328 2179 dini
345 2126 492 2186 iniustiore,
511 2136 593 2187 quam
610 2123 749 2175 inscientia
760 2135 802 2171 re·
839 2119 1038 2181 chenisgenus,
1051 2115 1160 2182 φῦκος,
1171 2120 1366 2181 crememus

273 2214 334 2253 rum
352 2202 522 2251 externarum
546 2196 642 2249 nullius
658 2197 800 2262 ponderis,
838 2206 904 2244 suco
920 2190 963 2243 vel
980 2192 1151 2244 medicnbsnt
1170 2192 1261 2247 lanam
1281 2199 1366 2247 muri-

273 2278 305 2327 ut
326 2286 389 2325 oum
412 2285 460 2323 nos
486 2271 592 2322 deridet
613 2270 701 2331 dives,
728 2269 800 2335 quod
839 2270 877 2319 cis
894 2280 959 2319 suco
970 2269 1065 2331 postea
1081 2268 1236 2332 tingendam
1247 2270 1292 2321 vel
1308 2274 1366 2322 sine

274 2360 422 2416 purpuram
437 2344 800 2409 adulterinamldquioetem)
838 2340 906 2394 illius
929 2341 1060 2405 conchylii
1085 2356 1152 2394 suco
1177 2342 1364 2395 adulterinam.

275 2438 290 2477 6
307 2424 411 2475 sincera
430 2419 552 2485 (Sidonio)
570 2420 732 2484 distinguere
752 2432 802 2471 ne·
839 2416 914 2467 Ovid.
932 2417 1007 2467 Rem.
1027 2419 1085 2469 Am.
1098 2419 1161 2468 tot:
1182 2419 1273 2483 00ssoe
1288 2420 1366 2481 Amp-

275 2498 392 2550 sciamus
409 2498 488 2559 atque
505 2493 539 2545 ab
552 2496 639 2545 astuto
651 2496 802 2545 mercatore
838 2490 914 2541 ctaets
928 2491 1080 2541 mentientem
1093 2492 1172 2542 celtus
1181 2494 1254 2543 6666
1267 2495 1367 2543 uenies

275 2571 468 2636 decipiemur.»
495 2596 522 2605 -
549 2568 660 2632 stoacio]
685 2570 804 2631 666666-
839 2578 897 2613 eum
914 2564 1001 2626 66666,-
1019 2566 1256 2629 tepeuittettcit.
1286 2568 1367 2628 Quin-

275 2646 386 2699 nultima
403 2644 482 2703 huius
499 2642 551 2693 adi.
565 2642 645 2694 modo
657 2642 747 2693 brevis
762 2642 804 2694 est
840 2637 876 2689 til.
891 2639 935 2701 ts,
955 2640 999 2701 tu,
1018 2641 1063 2690 tt:
1090 2642 1121 2691 lit
1135 2641 1199 2691 loeo
1214 2642 1295 2691 tincta
1308 2644 1366 2704 [tec

276 2720 368 2785 (Epod.
384 2720 429 2780 te,
443 2718 488 2769 tt:
514 2716 630 2769 Noctoc
641 2717 801 2767 Sidoniicet.
839 2714 906 2763 eitra
923 2726 1054 2776 purpura
1075 2714 1141 2777 (sine
1163 2716 1272 2765 muricis
1291 2718 1366 2777 succi

275 2790 467 2859 Vlrg.Aen.l‚
486 2792 550 2844 tte:
569 2790 804 2842 Sidoniocicerlte
836 2787 936 2849 placen
953 2793 982 2838 ot
996 2790 1019 2837 si
1035 2790 1169 2839 contuletit
1186 2790 1367 2851 Malaca·-

275 2869 384 2931 recotlt.)
403 2868 431 2917 et
449 2867 476 2915 in
501 2880 596 2917 versus
621 2866 694 2917 initio
719 2866 802 2929 (virg.
840 2875 898 2921 666,
919 2869 1050 2925 conspectu
1064 2864 1323 2928 moritolium,
1340 2872 1368 2915 et

275 2940 430 3002 Aen.l‚‘ltt:
446 2940 725 3002 Sidoniasqueostentct
736 2951 802 3001 opes.
841 2936 944 2986 066666
967 2937 1014 2987 ait.
1037 2964 1065 2974 -
1084 2938 1220 3000 propium
1243 2940 1367 3004 muttit]

277 3015 338 3066 tet:
356 3014 669 3075 Sidoniam-chlmydem.
683 3012 744 3062 683:
765 3012 806 3061 Si·
841 3010 963 3061 tinlimcs
980 3012 1061 3063 animi
1083 3024 1179 3063 sensus
1196 3014 1281 3076 mogh
1303 3026 1368 3077 per-

276 3088 363 3137 docios
375 3086 491 3149 patres).
510 3087 540 3145 6,
558 3087 622 3136 stt:
649 3086 753 3136 8666666
769 3090 805 3135 ost
840 3082 965 3135 cellens.»

275 3163 387 3213 66666666
403 3158 497 3223 equod,
516 3158 597 3209 modo
615 3158 706 3223 longa,
729 3162 761 3209 ut
776 3160 803 3209 iu
873 3157 962 3209 eu-ee.
983 3161 1062 3221 06666
1076 3173 1117 3211 res
1132 3162 1195 3223 cet]
1212 3162 1269 3212 lam
1287 3175 1369 3213 enar·

276 3234 425 3287 hexametri
442 3232 573 3284 clausula:
601 3234 706 3285 Sidonio
726 3234 802 3284 Dido.
839 3233 882 3283 rat
908 3233 1078 3283 incommoda
1103 3236 1132 3285 et
1155 3234 1268 3297 666666,
1297 3248 1367 3301 quae

278 3311 356 3374 (virg.
369 3310 435 3361 Aen.
449 3308 547 3371 t,tt6.
560 3308 617 3359 663.
637 3309 664 3369 9,
682 3309 742 3359 666.
761 3308 802 3369 ll,
839 3308 914 3360 nesci
931 3306 1035 3359 soleant
1050 3322 1084 3359 ex
1104 3306 1175 3359 falsis
1192 3308 1368 3361 multitudinis

277 3385 328 3449 il.)
342 3413 370 3422 -
383 3384 529 3435 6666666666
539 3410 554 3421 -
565 3409 580 3421 -
591 3382 667 3446 ostro]
687 3382 802 3443 dativus;
839 3382 944 3434 iudiciis
962 3382 996 3432 de
1013 3383 1059 3443 lis,
1078 3396 1195 3447 quaere
1211 3395 1278 3433 vera
1296 3382 1367 3435 bone

277 3460 418 3511 «accurate
439 3470 597 3523 comparere
620 3470 682 3507 cum
702 3469 804 3521 put-pu·
840 3459 887 3507 aut
906 3456 977 3507 mala
998 3459 1068 3507 sunt.
1102 3458 1260 3509 «Hominem
1276 3457 1368 3523 volga-

277 3545 333 3583 66.»
358 3534 401 3584 Sic
419 3532 532 3583 Lucilius
543 3533 573 3593 7,
592 3532 607 3581 6
626 3530 678 3595 (ed.
692 3530 762 3581 Gerl.
775 3543 802 3594 p.
840 3544 900 3581 rem
921 3530 955 3581 de
977 3543 1026 3581 suo
1045 3532 1116 3581 statu
1132 3532 1261 3582 deliciunt
1284 3532 1368 3583 loetu-

277 3606 340 3668 tet:
357 3608 469 3657 61666666
482 3620 527 3670 epo
542 3605 804 3669 mcuenttpoctntto
839 3618 891 3655 nee
907 3604 1111 3657 vicissitudines.
1142 3607 1273 3666 Quocirca
1288 3610 1319 3657 tu
1333 3606 1368 3658 nil

277 3680 412 3741 66666666,
428 3682 624 3742 corticipotentis
634 3680 736 3731 Deliciis
746 3694 805 3729 eon·
840 3678 986 3740 admirare,
1004 3692 1052 3742 ne,
1070 3680 1118 3731 ulti
1134 3680 1181 3731 tibi
1197 3679 1302 3731 6666666
1319 3694 1368 3733 er-

278 3751 362 3803 toccli?
381 3778 408 3789 -
427 3753 539 3817 collides]
558 3752 667 3805 «sollers
685 3751 804 3817 (chcer)
840 3758 947 3805 ternum
964 3755 1088 3818 eripitur,
1116 3755 1250 3807 infelicem
1274 3760 1302 3807 te
1329 3756 1367 3805 to-

242 3823 245 3831 ’
278 3826 304 3875 in
330 3824 514 3887 distinguenda
539 3839 657 3891 purpura
683 3829 802 3888 sincera,
840 3830 913 3878 ctum
929 3827 1030 3879 doleas.
1059 3830 1131 3893 Fuge
1142 3830 1271 3891 honores,
1288 3843 1366 3895 opes,

278 3911 348 3963 quae
370 3912 403 3949 ex
424 3900 555 3949 Phoenice
574 3901 744 3964 importetur,
767 3900 802 3951 ab
838 3904 997 3967 potentiam:
1023 3904 1104 3955 heato
1125 3903 1188 3955 licet
1207 3918 1270 3956 esse
1287 3906 1367 3957 etiem

279 3971 438 4033 adulterino,
465 3973 600 4037 quemad
626 3972 693 4025 illius
716 3975 803 4023 imita·
839 3978 965 4041 pauperi,
990 3979 1013 4027 si
1033 3977 1102 4029 liber
1123 3982 1165 4029 est
1181 3992 1197 4029 6
1214 3980 1368 4044 cupiditati-

279 4050 379 4099 tiouem
400 4048 545 4109 Aquinates
569 4050 595 4098 tn
619 4061 682 4112 egro
707 4047 803 4099 Volsco
839 4050 903 4112 bus,
921 4054 1031 4115 propter
1048 4065 1116 4115 ques
1133 4052 1259 4116 permulti
1277 4054 1367 4105 homi·

280 4123 341 4174 inco
365 4123 480 4185 lingtrnt,
510 4125 540 4172 ut
566 4124 702 4186 imperitos
728 4122 803 4173 dect-
839 4137 904 4175 num
915 4125 1026 4177 divitum
1037 4140 1070 4177 ac
1080 4128 1229 4191 potentium
1246 4126 1367 4177 tarcum

280 4198 378 4262 piant.»
407 4195 554 4257 cesatt,
573 4197 601 4258 t,
621 4198 683 4246 lot:
702 4197 804 4248 Subtitis
839 4198 942 4249 ambire
960 4198 1027 4251 soliti
1045 4203 1139 4261 suntp·
1156 4201 1228 4264 qnod
1240 4198 1367 4273 repete
