2925 4892
511 375 571 426 ua.
590 377 621 426 u.
656 377 726 428 sir.
744 375 786 428 ur.
1137 377 1200 444 253

150 535 262 599 Dones
284 529 447 618 quidquid
467 529 587 606 babes,
611 552 653 596 au
674 553 840 619 nunquam
862 541 954 600 utare
978 534 1120 622 paratis?

152 654 288 720 Servius
310 651 472 740 Oppidius
495 651 614 718 Canusi
636 650 704 718 duo
725 651 877 740 praedia,
901 653 994 722 dives

153 775 294 862 Antiqua
316 793 434 850 oensu,
457 772 561 860 gnatia
583 771 704 838 divisae
726 772 856 840 duobus

154 898 270 961 Fertur
291 905 325 960 et
346 893 410 960 boo
431 894 573 960 moriens
595 894 707 981 pueris
728 893 851 961 dixisse
872 897 995 963 voeatis
1139 899 1199 966 170

154 1016 202 1081 ,id
223 1015 360 1081 laetum:
385 1016 559 1102 Postquam
582 1024 614 1080 ta
640 1013 736 1092 talos,
760 1013 854 1091 Aule,
879 1037 1046 1105 nucesque

153 1139 253 1203 Ferre
275 1137 348 1202 sinu
370 1133 458 1213 laxo,
481 1136 605 1202 donare
626 1133 794 1202 alludere
816 1135 897 1214 vidi,

143 1317 239 1366 latrari
254 1318 344 1365 Acron
361 1314 447 1375 itai,
465 1313 518 1364 duo
535 1313 706 1373 Bersmanni,
725 1313 751 1364 F.
773 1315 812 1376 (Ut
828 1327 889 1375 noa,
908 1317 991 1366 nostri
1009 1319 1036 1368 et
1052 1319 1168 1369 Pottierii

144 1401 255 1448 omnes,
275 1389 340 1438 item
357 1389 461 1440 Comm.
481 1389 573 1452 cinq.)
587 1417 615 1426 -
633 1389 692 1439 iai.
703 1389 816 1438 Deamer
833 1389 945 1451 (servata
963 1391 1075 1444 lectione
1093 1394 1169 1444 liora·

143 1464 243 1527 mone)
261 1462 341 1513 dubia
358 1461 468 1513 Bentleii
486 1463 611 1526 suspicio.
627 1490 654 1499 —
674 1464 731 1514 168.
750 1465 879 1526 Oppimiar
897 1466 951 1528 (sio)
969 1466 996 1516 b.
1012 1496 1040 1504 -
1055 1470 1111 1520 170.
1124 1471 1169 1520 lioc

144 1539 212 1603 bSp,
231 1538 348 1588 l’ottieiii
365 1549 475 1599 omnes,
494 1540 518 1599 t,
538 1549 616 1587 reum
633 1536 793 1589 editionibus
810 1540 921 1590 vetustis
938 1543 965 1590 et
982 1546 1168 1609 manuscriptis

143 1613 201 1664 iere
220 1611 360 1662 omnibus»
378 1611 525 1662 Bentleiua:
544 1613 606 1662 boae
621 1613 743 1672 amelii.
764 1641 792 1650 -·
813 1614 868 1664 iii.
887 1619 910 1664 et
927 1616 1021 1666 maora
1036 1617 1064 1668 b.
1086 1645 1111 1656 -
1131 1621 1169 1668 lii·

143 1689 212 1750 dere]
227 1687 334 1750 perdere
349 1685 485 1738 Bentleiua
502 1687 571 1736 coni.

111 1849 186 1906 erat,
217 1844 353 1909 piaculum
378 1845 465 1896 boetii
489 1844 636 1907 caedebat,
675 1849 783 1910 parato,
802 1849 878 1911 quasi
896 1861 960 1900 varo
975 1849 1009 1900 de
1027 1851 1201 1904 nimloaurae

111 1933 165 1971 non
193 1923 287 1970 mmeu
318 1919 441 1980 laribus,
476 1921 555 1983 puto,
589 1919 639 1971 aed
675 1921 812 1986 popularis
835 1923 923 1974 studio
945 1925 988 1975 bio
1010 1928 1148 1988 ageretur,
1174 1925 1201 1977 id

111 1993 271 2058 aoeeubpio
302 1992 393 2044 aliisve
420 1993 461 2044 dis
482 1993 637 2046 maioribus.
677 1995 750 2059 quod
768 2009 801 2046 ne
818 2011 872 2048 uno
885 1997 994 2062 quidem
1006 1999 1090 2050 verbo
1101 2001 1202 2064 signill-

113 2071 205 2133 (Plani.
215 2071 420 2130 Menaechmi,
432 2071 458 2130 i,
471 2071 522 2133 15.)
539 2071 640 2121 Varum
677 2072 720 2119 oat
737 2073 830 2134 poeta;
849 2085 899 2122 nec
916 2075 990 2124 recte
1003 2072 1044 2123 alii
1062 2074 1200 2136 balatroae,

112 2144 324 2206 bieoloredieit,
339 2145 538 2208 nonperiurum
551 2158 640 2210 neque
678 2147 783 2194 «utrum
807 2147 837 2196 ut
857 2145 974 2207 balatro,
1002 2147 1131 2210 nebulone
1158 2149 1201 2200 alii

113 2219 252 2272 sordidum
269 2232 325 2270 non
341 2219 466 2269 munire.
488 2246 516 2256 -·
534 2221 642 2284 Naoipet
676 2218 816 2282 botatroai,
834 2219 877 2272 vel
888 2221 1078 2284 significatione
1092 2225 1199 2288 propria

112 2294 269 2356 Διεὲιννωι]
294 2291 512 2343 «adalunaram
529 2307 642 2345 aumen-
678 2305 804 2344 «souma
821 2292 898 2344 alicui
920 2296 1045 2360 inepto»,
1070 2295 1112 2346 vel
1137 2311 1202 2362 ipo-

114 2369 206 2419 dnm.»
225 2366 295 2418 cela.
309 2367 340 2428 3,
359 2367 404 2417 ia:
422 2367 642 2432 latiatitieime-
676 2366 739 2430 pulo
759 2369 893 2430 llomano,
920 2367 1064 2420 balatronis
1090 2370 1199 2434 simili»,

116 2441 256 2504 lanebolia)
269 2443 373 2506 aionem
387 2448 520 2492 oeratm
530 2443 643 2493 Martio-
676 2442 765 2505 legero
782 2441 941 2492 maluerunt.
961 2471 988 2480 —
1002 2445 1057 2494 Ser.
1071 2443 1199 2509 Oppidiia]

114 2519 263 2576 misceam,
290 2516 318 2565 ia
340 2515 469 2566 hilaritate
489 2517 560 2578 (oum
585 2517 642 2567 risu
678 2529 762 2579 aquea
779 2517 944 2566 liovidetur
961 2516 1054 2576 luisse,
1074 2517 1202 2569 cuiusui-

115 2591 311 2654 desipientium)
324 2589 409 2639 aiom
420 2591 455 2639 ad
467 2591 642 2642 eorummet·
678 2593 758 2640 timae
776 2590 988 2650 exhortationes,
1013 2590 1110 2654 quibus
1134 2590 1202 2643 illios

115 2666 244 2715 diuam
259 2663 405 2714 dammi
424 2663 498 2714 coni.
514 2677 541 2713 v.
555 2665 639 2727 susq.
678 2678 695 2714 a
716 2665 769 2713 vita
791 2675 918 2726 perversa
939 2676 1067 2714 ravooara
1091 2668 1203 2716 conatus

147 2739 271 2790 ita-⁴69.
302 2739 368 2798 oeae
387 2738 454 2788 eaba
473 2739 557 2801 differt
578 2739 640 2802 cet]
679 2741 748 2798 erat,
769 2738 889 2797 lloratio,
909 2737 966 2788 eius
983 2738 1084 2800 vicino,
1104 2742 1131 2789 et
1148 2739 1203 2789 lor-

117 2812 198 2863 ·llssiil
222 2813 295 2862 enim
318 2811 406 2862 umeri
429 2813 463 2864 ad
494 2813 641 2872 insaniam,
678 2814 750 2861 urae
779 2823 811 2860 ex
839 2811 937 2860 llorutii
965 2812 1116 2862 narratione
1150 2814 1203 2864 iam

116 2889 142 2937 in
166 2889 255 2936 utram
280 2888 386 2949 partem
410 2884 505 2949 aliquis
529 2887 642 2938 madum
678 2883 798 2951 pluribus
819 2885 996 2936 innotuerant.
1031 2884 1137 2937 Talibus
1154 2899 1203 2936 au-

117 2961 238 3018 ucenae
250 2973 339 3023 aeque
351 2961 461 3012 insanus
472 2963 515 3012 est
525 2963 571 3025 qui
581 2973 642 3012 rem
679 2963 735 3010 tem
751 2958 953 3010 narratiunculis
964 2961 1043 3010 stoici
1056 2960 1202 3012 exhilarare

117 3034 252 3100 prolundit
278 3037 360 3097 atque
388 3035 434 3098 qui
461 3035 559 3099 opibus
586 3036 642 3086 suia
679 3034 808 3084 tristiores
830 3045 893 3084 suas
916 3033 1107 3098 disputationes
1129 3035 1203 3088 sola-

118 3121 254 3172 nunquam
265 3108 374 3157 utitur.»
402 3108 643 3160 Ambitionaette·
679 3108 753 3158 bant.
779 3135 806 3143 -
831 3107 932 3171 waler]
956 3109 1029 3160 Cant.
1049 3111 1101 3162 Sat.
1121 3113 1148 3172 l,
1171 3114 1202 3174 o,

118 3183 643 3248 meritate,quaevitiasuperioraversu
679 3185 720 3234 91.
743 3209 766 3220 -
793 3182 901 3244 Antiqua
925 3185 1007 3249 ceusu]
1035 3186 1103 3235 uiam
1128 3189 1204 3249 pater

118 3258 255 3322 tetigerat,
291 3255 390 3308 relictis
423 3271 473 3321 per
505 3259 643 3322 proximos
679 3258 849 3320 maioresque
867 3259 925 3309 eius
942 3271 974 3308 ex
991 3271 1075 3309 censu
1096 3259 1203 3323 publico

119 3333 260 3382 duodecim
278 3344 374 3382 versus
395 3332 498 3396 Oppidii
520 3333 644 3383 verbisa
681 3333 776 3382 divites
793 3331 987 3382 habebantur.»
1016 3331 1098 3383 Aliter
1119 3333 1204 3397 expli-

118 3406 285 3470 prudigentia
298 3419 386 3469 aeque
400 3405 644 3471 dehortaturatque
681 3408 834 3468 calderon,
848 3419 930 3470 quom
942 3407 1063 3470 sequitur
1075 3408 1202 3456 litinlzer:

119 3480 152 3530 ab
167 3480 294 3538 avaritia3
321 3481 379 3530 tum
406 3480 440 3543 (v.
462 3481 529 3543 179.)
547 3481 645 3532 eodem
682 3482 764 3542 «Quia
782 3482 804 3531 si
821 3482 881 3544 quis
897 3481 1042 3544 antiquitus
1059 3480 1112 3530 duo
1128 3492 1206 3543 praa·

119 3556 230 3620 oppidio
247 3555 317 3605 duce
329 3555 399 3605 redit
414 3554 449 3604 ad
470 3555 645 3606 ambitionem
681 3556 724 3606 dia
750 3552 880 3616 babebat,
908 3554 983 3606 dives
1008 3552 1203 3613 censebaturi;

119 3629 310 3694 oeaugmdam
335 3653 363 3664 —
386 3629 546 3692 ὑανωὴνοοιο]
565 3643 646 3694 «pro-
681 3633 711 3680 ut
721 3631 768 3680 sit:
789 3628 893 3690 «dives,
907 3631 936 3679 ut
947 3629 1020 3678 carte
1032 3629 1147 3678 maiores
1160 3640 1206 3678 nu-

118 3705 214 3755 lundae
224 3717 257 3753 ac
270 3704 372 3753 taetrae
384 3703 512 3765 voragini,
525 3703 551 3754 in
564 3717 646 3768 quam
681 3705 729 3755 stri
745 3702 867 3753 arbitrari
885 3702 1032 3754 solebant.»
1056 3729 1084 3738 -
1107 3703 1205 3765 dauri]

118 3793 187 3842 quae
198 3778 361 3830 deiieiuntur
372 3779 400 3826 in
411 3780 573 3842 perpetuum
585 3791 646 3828 eva·
681 3778 801 3843 populari
812 3775 916 3828 licentia
928 3790 977 3841 pro
993 3777 1110 3827 daune.
1145 3777 1204 3827 Vid.

118 3856 259 3904 amount.»
294 3851 432 3915 (Boram
455 3853 551 3902 donam
571 3855 646 3903 lilin-
683 3853 717 3903 ad
735 3854 788 3902 Sat.
803 3853 831 3912 l,
851 3851 879 3912 9,
898 3851 938 3901 73.

119 3931 191 3977 tzere
209 3940 243 3977 ex
259 3925 405 3990 proverbio
422 3925 524 3977 dicium
540 3927 646 3977 videtur
715 3926 832 3976 iii-tis.
851 3924 987 3988 siaalaao]
1002 3923 1134 3976 «Nuoibus
1144 3937 1206 3975 cum

118 4015 167 4065 pro
186 4000 370 4066 propendere.)
414 4002 501 4052 llinus
525 4003 645 4065 apposita
682 3999 775 4052 ludera
800 3997 880 4050 vellet
903 3996 1000 4059 Aulus,
1033 4011 1079 4049 eas
1104 3997 1208 4048 ierebat

120 4073 162 4124 alii
178 4075 347 4140 explicarunt
362 4074 406 4125 vel
418 4075 453 4126 de
465 4078 557 4126 ventre
568 4088 591 4126 s.
604 4076 647 4125 in·
683 4075 743 4124 sinu
759 4072 819 4124 laxo
836 4085 859 4124 e.
879 4073 970 4134 saisita,
994 4074 1024 4122 ut
1040 4074 1076 4122 ait
1097 4073 1158 4122 sen.
1172 4071 1206 4122 da

121 4149 221 4212 glarie,
240 4148 284 4200 vel
301 4149 336 4199 de
347 4149 574 4214 populollomano
585 4151 647 4200 uni·
683 4147 773 4200 Benei.
791 4147 821 4210 i,
839 4147 892 4210 ii,
919 4161 953 4200 ex
970 4160 1023 4212 quo
1040 4145 1115 4197 laclia
1133 4146 1208 4196 exei-

121 4236 276 4274 versooum
293 4223 424 4275 immensa
437 4225 648 4290 varapneeom·
684 4223 749 4274 dere
767 4223 903 4288 poterent,
930 4222 1003 4286 quod
1021 4223 1107 4285 ipsum
1125 4216 1208 4281 negli-
