2925 4892
533 394 593 443 aas
614 394 760 445 Publica.
1135 395 1196 460 745

147 549 210 613 Aut
232 546 397 613 immunda
419 557 553 634 crepent
575 548 854 637 ignominiosaque
876 552 976 633 diota,

148 667 367 734 Ostenduntur
388 668 490 745 enim,
514 668 634 756 quibus
656 679 706 735 est
726 692 833 758 equus
855 682 888 739 et
909 684 1001 760 pater
1022 684 1055 741 et
1077 696 1144 753 rea,

147 790 228 864 Nec,
245 790 280 854 ‘si
303 789 383 875 quid
405 789 485 856 fricti
507 790 623 857 ciceris
645 792 761 877 probat
782 801 814 859 et
836 793 927 861 nucis
949 805 1090 883 emptor,

147 910 270 996 Aequis
291 909 454 997 accipiunt
474 910 588 976 animis
610 910 771 979 donantve
794 934 923 981 corona.
1133 920 1194 986 250

151 1030 284 1118 Syllaba
306 1030 401 1117 longa
423 1030 514 1097 bravi
536 1030 683 1099 subiecta
703 1043 838 1101 vocatur
859 1035 998 1113 iambus,

171 1236 228 1287 stt.
248 1237 371 1285 inmunda
387 1236 434 1286 Td.
451 1264 477 1273 -
491 1238 566 1301 data]
584 1238 661 1289 uerba
678 1240 793 1303 Excepta
814 1240 986 1305 Frisingensia
1004 1246 1031 1294 et
1048 1245 1095 1295 Ed.
1109 1246 1163 1297 ble-

138 1310 201 1361 diol.
222 1310 294 1361 ll'iii.
319 1338 347 1347 -
368 1309 425 1361 aia.
447 1311 523 1373 fracti
540 1313 595 1373 BT,
623 1314 688 1363 item
704 1326 773 1363 corr.
792 1312 854 1364 bcd.
880 1342 906 1351 -
931 1316 988 1367 25⁰.
1007 1318 1101 1369 doum
1119 1334 1163 1370 cn-

137 1400 206 1435 rona
222 1387 251 1444 a,
270 1386 412 1445 donantque
428 1399 523 1435 corona
539 1399 582 1449 cp.
598 1415 623 1422 -
637 1388 695 1437 ast.
714 1389 807 1451 mapa]
829 1404 900 1440 uana
912 1393 945 1450 B,
965 1406 1017 1443 non
1034 1408 1115 1453 unua,
1133 1400 1163 1446 ut

139 1456 294 1509 lluutlmlius
312 1461 409 1508 narrat.
431 1486 458 1494 -
477 1458 607 1510 Mancia
624 1460 651 1509 T.

104 1636 159 1688 sibi
175 1638 300 1695 caveant,
320 1649 353 1685 ne
371 1637 585 1698 autiweaeatur,
604 1638 631 1688 id
670 1637 779 1701 gulatim
801 1654 952 1693 memorare
975 1644 1037 1694 nihil
1056 1645 1192 1697 attinebat.

103 1715 161 1772 est,
183 1712 260 1760 acuta
278 1713 305 1760 et
328 1710 421 1761 festiva
437 1710 507 1760 dicta
525 1713 632 1763 secten—
671 1738 699 1748 -
709 1714 794 1779 pater]
808 1716 865 1766 sine
878 1720 953 1781 patre
966 1719 1020 1767 nati
1036 1718 1194 1772 dicebantur

103 1792 165 1844 tur,
183 1785 343 1849 praesertim
359 1785 387 1834 ia
404 1784 543 1846 omnibus,
561 1798 631 1849 quae
669 1789 740 1837 servi
751 1787 895 1851 acliberti;
913 1792 1131 1856 significatigltur
1142 1796 1195 1845 «in-

103 1862 199 1924 agunt,
217 1858 308 1909 verbis
325 1860 433 1908 utantur
449 1859 528 1908 nimis
545 1857 632 1909 molli·
669 1874 828 1924 gennesa·
842 1864 890 1929 res]
905 1866 1136 1928 «patrimonium»
1148 1868 1194 1919 ills

102 1936 159 1985 bus
174 1946 208 1983 ac
223 1931 358 1991 delicatis;
384 1936 431 1982 aut
446 1933 521 1983 rrrdis
537 1932 633 1998 plebe·
668 1934 755 1987 tribus
780 1938 869 1988 entem
890 1938 977 1990 modis
1000 1940 1129 2005 significat
1144 1942 1195 1992 ho-

103 2008 182 2060 culae
208 2009 291 2058 instar
317 2008 491 2071 ignominiose
516 2008 542 2057 ln
567 2006 632 2059 alios
670 2010 756 2061 mines
774 2009 859 2061 cultos
876 2014 903 2061 et
919 2011 1023 2077 politos.
1039 2042 1066 2051 -
1081 2016 1195 2078 trictici-

102 2085 187 2145 atque
205 2093 302 2146 spurce
318 2079 474 2144 loquantum
493 2083 519 2131 in
530 2084 632 2133 utrovis
669 2085 733 2134 ceris
749 2084 810 2149 cet]
833 2082 927 2151 δῆμος
946 2084 1118 2159 κυαμοτρὼξ
1135 2093 1195 2141 Ari-

104 2158 180 2207 enim
198 2168 284 2219 aeque
301 2154 418 2205 aberunt
433 2156 468 2205 ab
480 2158 577 2219 agresti
589 2154 632 2207 illu
669 2160 757 2223 stoph.
772 2160 857 2223 Equit.
871 2160 924 2221 ta,
943 2163 1049 2215 intimus
1063 2163 1193 2230 popellus,

103 2230 232 2295 quidem,
259 2230 309 2279 sed
334 2231 422 2279 nativa
448 2230 630 2294 simplicitate,
670 2232 716 2294 qui
741 2245 791 2296 per
815 2232 918 2297 plateas
940 2234 1001 2285 talia
1024 2238 1194 2303 amittisque

103 2318 176 2369 quae
201 2317 249 2354 eos
269 2305 347 2353 unice
364 2303 469 2353 dccet.»
495 2304 557 2354 Aliis
574 2303 633 2368 pla·
670 2307 788 2369 qnotidie
800 2310 926 2359 vescitur.
946 2310 1192 2375 assutaque.

103 2380 178 2431 cebit
200 2376 251 2428 loci
270 2379 362 2441 utique
380 2375 532 2429 difficilioris
549 2379 632 2429 inter·
669 2382 751 2430 Nuces
768 2381 981 2445 complectuntur
998 2386 1078 2435 etiam
1095 2386 1195 2437 avellu-

103 2454 221 2519 pretalio
237 2450 468 2502 allitscberliebio
485 2453 630 2516 proposita,
670 2468 719 2505 nas
730 2457 758 2504 et
769 2458 917 2507 castaneas.
941 2456 1023 2508 Plaut.
1036 2461 1117 2510 Poan.
1131 2463 1154 2523 l,
1168 2463 1192 2523 4,

103 2542 188 2591 quam
219 2529 362 2591 propterea
390 2526 577 2577 exhibebimus
606 2528 632 2576 in
671 2530 731 2577 lili:
750 2530 819 2577 Niliil
835 2531 883 2579 atsi
899 2530 1045 2594 laterculos,
1063 2534 1195 2585 Sesamos

102 2605 225 2653 Excursu
237 2602 301 2651 Vlll.
321 2602 399 2651 Munlr
415 2600 450 2651 de
461 2599 537 2651 Atell.
552 2614 579 2665 p.
589 2602 630 2651 aa.
666 2614 883 2665 papaaaeruque,
897 2605 1007 2654 triticeum
1018 2612 1041 2656 et
1050 2608 1139 2669 frictas
1149 2623 1195 2659 uu-

103 2692 147 2726 vr.
162 2675 221 2726 aaa.
235 2677 263 2724 et
277 2675 334 2726 aaa.
353 2675 387 2724 ad
405 2677 515 2736 mimos,
534 2689 559 2724 v.
573 2675 630 2726 244.
670 2688 716 2725 cea.
736 2674 846 2726 Martini.
860 2678 889 2738 l,
907 2676 970 2739 tot,
990 2679 1039 2727 to:
1057 2679 1115 2731 Asse
1130 2682 1195 2732 cicer

103 2752 139 2802 ad
152 2749 286 2801 Atellanas
297 2749 387 2799 relect.
409 2753 466 2800 Non
477 2750 587 2800 accedo.
603 2777 630 2785 -
670 2750 780 2811 tepidam
793 2749 859 2813 (oleo
872 2750 985 2814 lrictuml
1001 2758 1097 2803 emutat
1107 2760 1130 2805 et
1141 2770 1196 2806 asse

102 2824 262 2889 iweneittur]
279 2825 360 2875 Nobis
377 2838 448 2875 nunc
465 2816 544 2888 ἅπαξ
555 2820 633 2890 leyd-
669 2838 754 2874 aeuus.
790 2826 878 2875 Lectio
902 2826 979 2887 fracti
1003 2828 1090 2877 ciceris
1114 2842 1195 2880 sensu

103 2914 198 2965 μενον
206 2899 350 2949 tormatnm
359 2898 563 2950 adGraeeorum
571 2912 633 2948 aaa
670 2897 796 2948 destituta
809 2900 857 2949 est.
874 2926 900 2935 -
912 2900 1024 2962 Aequis-
1034 2902 1134 2964 manu]
1146 2904 1195 2954 lti-

103 2969 633 3044 utadcadacetpccpamadaedac,«nune
671 2986 721 3023 uus
740 2974 820 3024 etiam
837 2974 1066 3039 accipiantaaimo
1076 2978 1196 3041 qaudeati

103 3050 220 3110 lascivo,
237 3062 307 3100 nunc
319 3050 397 3099 nimis
409 3052 502 3099 tenero
513 3048 595 3098 modo
606 3052 634 3098 ct
670 3061 702 3096 ac
717 3047 815 3109 abaci,
835 3061 916 3112 quem
929 3063 1009 3111 aequo
1021 3052 1196 3115 quodamma-

104 3137 170 3174 cnm
196 3124 288 3173 nescio
314 3136 367 3186 qua
388 3122 486 3186 leporis
510 3123 633 3186 perpetui
671 3122 706 3172 do
723 3125 833 3186 opponit
850 3125 943 3175 Cicero
961 3125 995 3176 ad
1012 3129 1062 3176 aa.
1076 3127 1105 3187 2,
1122 3126 1151 3187 4,
1169 3130 1193 3178 2.

104 3198 275 3249 dilectatione
298 3200 367 3247 inter
387 3210 417 3247 se
437 3195 583 3260 colloqui,»
604 3198 634 3246 ut

105 3274 243 3325 iaciebant
253 3273 390 3323 Ciceronis
403 3271 437 3322 illi
449 3270 581 3322 barbatuli
592 3272 633 3320 iu·
702 3272 825 3323 tat-att.
849 3273 953 3334 samba
969 3274 1031 3338 cet]
1049 3276 1119 3325 Loco
1136 3288 1196 3326 tna-

104 3361 204 3406 venes,
232 3345 350 3406 Caelius,
377 3345 499 3406 Clodius,
522 3344 631 3405 similes,
670 3346 741 3394 xime
765 3347 827 3409 apto
846 3347 987 3411 praecepta
1005 3346 1038 3396 de
1056 3350 1195 3399 versiliac-

105 3434 169 3472 cum
188 3421 275 3471 iorum
294 3421 321 3470 et
337 3422 454 3484 porticus
466 3418 634 3485 perambula·
671 3420 742 3468 tione
760 3418 839 3468 tradit
857 3432 898 3469 vu.
912 3419 1034 3471 aar-att.
1048 3420 1195 3483 etquidem

104 3496 180 3547 bant.
194 3522 221 3531 -
232 3495 372 3560 manuam]
386 3495 536 3545 «obscoena
545 3496 634 3545 ettur-
671 3492 705 3542 de
722 3491 812 3542 iambo
830 3493 1028 3553 tantummodo;
1047 3507 1108 3545 nam
1121 3498 1196 3546 cete-

105 3572 165 3636 pia,
184 3570 271 3633 magis
288 3572 350 3634 apta
368 3570 457 3621 mimis
469 3582 551 3633 quem
562 3572 635 3631 saty-
671 3578 716 3617 ros
738 3579 864 3617 numeros
886 3569 1000 3617 uacare
1022 3568 1049 3619 in
1070 3568 1121 3618 hac
1138 3570 1196 3634 epi-

104 3643 633 3708 ris.»Acno.-quibusesteqtuu]«equi·
671 3640 737 3691 stola
755 3641 877 3705 putidum
895 3642 996 3692 luisset.
1023 3642 1196 3695 Verumcum

105 3724 148 3770 tes
166 3718 304 3769 Romania
333 3719 379 3769 llis
399 3732 441 3769 vv.
460 3718 633 3781 designantur
672 3715 706 3765 de
731 3714 835 3778 legibus
857 3714 939 3765 iambi
960 3729 977 3765 a
996 3718 1082 3780 poetis
1099 3720 1197 3771 Latinis

105 3794 218 3843 omnino
235 3793 322 3853 cives,
347 3794 393 3855 qui
411 3806 494 3843 censu
514 3792 633 3855 equestri
672 3788 846 3853 negligentius
857 3789 986 3841 elaborati
995 3794 1103 3843 acturus
1113 3798 1195 3856 asset,

105 3869 184 3918 erant
200 3866 342 3917 minimum
354 3868 450 3918 CCCC.
464 3867 518 3917 mil.
532 3868 634 3918 sestar-
672 3864 745 3913 vaire
772 3865 870 3929 incepit
894 3878 909 3914 a
931 3865 1024 3929 primis
1046 3863 1195 3930 elementis,

104 3939 188 4000 tidm;
202 3938 635 4005 equorumigiturparentibusli-
672 3941 810 4002 tamquam
828 3952 919 3989 merus
937 3953 968 3989 ac
980 3939 1093 4004 simplex
1111 3954 1198 4004 gram·
1262 3932 1267 3941 “

105 4013 230 4065 beralem
239 4014 472 4065 lisinstitutionem
481 4018 560 4078 atque
570 4013 634 4063 edu·
672 4014 794 4063 malicus.
814 4015 852 4063 De
865 4014 1016 4077 praeceptis
1027 4015 1091 4078 ipsis
1103 4015 1136 4064 cl.
1150 4016 1199 4065 Te-

106 4090 242 4139 cationem
258 4091 429 4151 procuratam
442 4102 503 4139 esse
515 4090 571 4139 inre
586 4102 634 4137 ex·
673 4089 823 4138 rentianum
837 4090 959 4138 Maurum
974 4089 1080 4139 Lachm.
1095 4102 1120 4138 v.
1131 4090 1196 4139 4482

106 4164 224 4227 spectari
236 4164 349 4225 poterat,
370 4191 396 4199 -
415 4164 492 4213 Viros
509 4164 634 4214 senatorii
672 4175 744 4226 sqq,
763 4162 874 4212 Marium
887 4161 999 4213 Plotium
1011 4162 1088 4213 Gaisl.
1100 4176 1126 4227 p.
1137 4164 1195 4213 468.

107 4238 212 4289 ordinis
222 4249 275 4286 una
288 4235 487 4302 complectitur,
500 4250 569 4300 quos
582 4238 634 4288 sin·
672 4236 829 4287 Diomedem
840 4236 874 4287 de
886 4236 1000 4301 pedibus
1010 4236 1087 4288 Gaisl.
1102 4250 1127 4301 p,
1138 4236 1194 4288 449.
