2925 4892
526 362 586 413 ure.
606 364 636 413 n.
673 365 740 413 sir.
762 365 801 413 vr.
1155 366 1219 428 ³25

172 519 276 606 Carpe
303 518 401 595 riam,
426 517 639 597 mihicrede,
664 539 789 599 oomes;
813 521 977 587 terrestria
998 520 1129 608 quando

175 639 327 707 Mortales
350 640 472 707 animas
495 640 605 707 vivunt
627 641 754 717 sortite,
778 662 886 728 neque
909 640 973 707 ulle
994 652 1045 709 est

171 766 234 827 Aut
257 782 373 849 magno
396 770 451 828 eut
471 782 573 849 parvo
595 760 649 829 leti
671 761 762 849 fuge:
786 783 869 850 quo,
893 762 994 837 bone,
1019 764 1120 840 circe,
1178 765 1220 829 95

172 884 258 948 Dum
281 881 370 958 lieet,
395 884 426 947 in
449 881 548 949 rebus
571 883 720 949 iucundis
744 884 815 949 vise
837 883 969 961 boatus,

171 1005 252 1070 Vive
273 1024 412 1081 memor,
437 1024 535 1091 quem
556 1004 602 1071 sis
624 1005 694 1070 oevi
716 1004 835 1071 brevis.
881 1006 969 1073 llaec
990 1004 1044 1071 ubi
1066 1006 1152 1073 dicte

174 1128 342 1211 Agrestem
364 1124 537 1212 pepulere,
563 1126 660 1191 dorne
683 1126 764 1193 levis
786 1126 906 1205 exsilit,
936 1127 1010 1193 inde

172 1246 278 1312 Ambo
302 1246 504 1334 propositum
525 1257 684 1335 peragunt
707 1248 782 1323 iter,
806 1247 896 1314 urbis
919 1259 1051 1315 aventes

173 1368 302 1435 bloenie
324 1368 471 1435 nocturni
494 1366 683 1455 subrepere.
729 1370 862 1457 lemque
885 1370 1015 1437 tenebat
1158 1370 1220 1437 too

173 1492 245 1555 Nox
270 1489 413 1556 medium
435 1488 516 1555 eueli
539 1490 695 1577 spatium,
719 1512 793 1557 curn
816 1491 905 1576 ponit
927 1502 1064 1580 uterque

174 1614 211 1675 ln
234 1610 396 1699 locuplete
419 1609 516 1678 domo
538 1612 689 1699 vestigia,
714 1610 813 1677 rubro
836 1611 891 1678 ubi
914 1632 1014 1678 cocco

198 1810 238 1861 et.
258 1810 379 1859 Mortales
396 1822 530 1873 superscr.
549 1811 559 1858 i
575 1810 600 1859 S.
622 1836 648 1845 -
668 1808 708 1859 33.
727 1809 787 1859 leue
805 1808 854 1869 E,t.
876 1834 903 1845 -
922 1810 962 1859 96.
980 1810 1044 1858 uicis
1061 1810 1088 1859 Ε.
1105 1838 1131 1846 -
1144 1812 1185 1861 et.

161 1898 242 1947 quum
258 1886 296 1933 uis
312 1896 445 1948 superscr.
465 1884 498 1933 sis
514 1882 541 1933 b.
563 1911 589 1920 -
609 1884 649 1933 98.
668 1885 744 1933 οοοιο
762 1884 786 1933 4’.

127 2064 192 2125 pede
213 2076 357 2125 pauperem
379 2062 496 2113 tolentes
518 2066 660 2127 lupumque
696 2063 793 2125 Species
804 2063 919 2111 utilitatis
930 2064 1044 2112 culmum
1052 2064 1147 2124 pepulit
1157 2064 1218 2115 eius.

129 2144 222 2187 turres.
259 2138 466 2197 edessae:
491 2138 659 2199 sequautur
697 2137 911 2187 cleronome
929 2138 1025 2197 Liui,
1045 2138 1085 2189 30.
1106 2154 1221 2191 -aueu-

129 2214 241 2275 Pauperi
255 2212 393 2261 recluditur
409 2213 549 2275 ltepumque
562 2213 656 2275 pueris.
696 2216 756 2261 tes-
772 2211 940 2275 -sulrepere]
968 2214 1139 2276 supplentes,
1166 2227 1220 2277 quo

130 2286 240 2351 lippi,
255 2287 284 2345 4,
303 2286 347 2335 78:
366 2288 435 2335 metit
453 2286 531 2335 Orcus
543 2286 659 2337 Grandia
696 2291 817 2350 ternpore
835 2298 916 2335 nemo
934 2299 981 2336 eos
995 2286 1221 2337 animadverteret

130 2374 189 2409 cren
204 2361 306 2422 ponis,
324 2374 375 2409 noo
391 2360 610 2410 enerabilisouro.
624 2386 654 2409 .-
696 2374 747 2411 nec
764 2358 942 2421 disturbaret,
969 2361 1088 2423 rependo
1114 2363 1220 2411 moenia

132 2436 200 2485 Dum
217 2436 283 2496 licet]
302 2434 401 2485 Eodem
420 2434 531 2485 lormule
549 2437 590 2485 est
608 2435 656 2485 Od.
695 2433 786 2485 subire
804 2446 836 2482 ec
859 2447 908 2497 per
930 2439 1082 2497 operturum
1103 2434 1220 2498 aliquem

132 2510 157 2567 2,
172 2510 213 2569 ll,
228 2510 269 2559 46.
283 2509 307 2569 4,
322 2511 361 2571 li,
375 2510 416 2559 46.
435 2512 500 2574 Epp.
513 2511 536 2569 l,
551 2511 590 2571 ll,
604 2511 656 2569 204
695 2506 845 2558 clanculum
867 2508 993 2557 intrare.»
1025 2510 1090 2557 Stet.
1107 2508 1169 2559 Silv.
1190 2511 1218 2570 4,

133 2582 237 2649 plenior
255 2584 302 2634 Od.
320 2584 349 2643 4,
372 2584 399 2643 3,
425 2586 468 2633 43ε
496 2585 563 2633 Duru
579 2598 618 2633 res
635 2588 659 2633 et
695 2583 725 2643 4,
745 2583 791 2632 56:
818 2582 938 2643 subrepsit
960 2583 987 2631 iu
1004 2588 1077 2631 ortus
1097 2583 1221 2633 insidioso

133 2664 234 2707 oeteset
245 2672 361 2707 sorereun
369 2658 424 2708 Filo
436 2658 514 2707 trium
523 2658 657 2719 potiuntur
694 2657 772 2717 quies.
807 2653 928 2703 Nonnulli
948 2655 1035 2705 minus
1063 2659 1136 2704 recte
1155 2670 1221 2706 cou-

133 2739 200 2783 otro.
223 2758 250 2769 ·-
271 2732 381 2783 Videtur
398 2732 506 2798 perodle
526 2732 657 2797 Euripidis
695 2732 814 2781 struunt:
833 2731 965 2778 «nocturni
981 2730 1114 2792 subrepere
1130 2728 1221 2791 (leien-

133 2807 230 2859 Alcesl.
248 2808 311 2857 782:
341 2806 462 2877 Βροτοῖς
479 2800 571 2857 ἅπασι
588 2821 657 2856 κατ·
696 2809 737 2855 ter
754 2806 835 2854 noctu
851 2804 946 2855 subter
962 2805 1068 2855 moenie
1085 2804 1219 2867 arrepere)

133 2882 234 2932 θανεῖν
258 2876 413 2943 ὀφείλεται.
432 2908 474 2921 --
494 2878 577 2931 Ταῦτ’
604 2872 657 2931 οὖν
696 2881 857 2943 coeperunt,
890 2884 990 2929 oocutes
1012 2880 1114 2929 moenio
1138 2878 1219 2939 urbis,

133 2950 265 3018 ἀκούσας
282 2956 331 3005 καὶ
350 2952 456 3021 μαθών
476 2952 549 3020 ἐμοῦ
568 2952 655 3026 πάρα,
696 2968 759 3005 curn
783 2966 830 3003 cos
854 2953 950 3003 urbem
975 2953 1092 3004 adeundi
1117 2952 1221 3004 subiret

134 3026 280 3101 Eir'cppatue
297 3026 416 3088 σαυτόν,
435 3034 507 3091 πῖνε,
527 3026 577 3080 τὸν
590 3030 656 3080 καθ’
696 3028 856 3092 cupidites;·
875 3029 951 3091 quest
968 3042 1032 3079 vero
1043 3029 1171 3079 infinitivo
1182 3028 1222 3079 bi-

135 3102 244 3177 rjpepar
261 3106 331 3156 Rieu
348 3105 461 3173 λογίζου
485 3102 554 3167 σόν,
581 3102 616 3156 τὰ
633 3104 656 3155 d'
696 3104 795 3153 elorico
812 3102 855 3153 bie
872 3101 947 3153 loeus
965 3106 1050 3164 esset,
1073 3107 1119 3153 eut
1136 3104 1220 3153 llore-

133 3175 207 3231 ἄλλα
231 3178 285 3247 τῆς
310 3178 408 3247 τύχης.
430 3209 457 3217 -
483 3182 540 3232 Vive
563 3196 660 3232 memor
696 3180 748 3228 tius
765 3190 884 3241 unquam
902 3178 1021 3228 dicturus
1045 3177 1138 3229 luisset
1158 3192 1220 3228 aueo

134 3258 196 3319 cet]
214 3256 262 3305 «Ei
279 3255 389 3319 quidem
401 3256 436 3305 ite
447 3256 520 3317 vive,
539 3259 568 3306 ut
579 3255 659 3306 decet
696 3253 803 3303 noenu.
824 3280 852 3288 —
869 3252 994 3316 necturus]
1013 3252 1065 3302 Cir.
1079 3250 1163 3317 Epod.
1178 3254 1218 3312 46,

134 3345 210 3392 eum,
229 3332 275 3395 qui
294 3331 374 3380 uitem
392 3328 503 3379 brevem
516 3344 577 3381 esse
589 3343 659 3381 sem-
697 3328 738 3377 tt.
768 3328 821 3376 Set.
836 3329 865 3389 t,
884 3327 913 3387 3,
935 3328 990 3377 447,

134 3420 181 3470 per
192 3404 372 3455 meminerit.»
390 3406 464 3455 Pers.
478 3406 506 3465 ὃ,
521 3406 580 3455 tlte:
603 3406 660 3455 l'iue
730 3401 852 3451 teo-405,
869 3400 1078 3461 Iouteueteuebut
1089 3400 1152 3460 cet]
1170 3402 1220 3449 Po-

133 3492 229 3529 memor
254 3479 313 3540 leti,
341 3478 406 3543 sepit
430 3479 501 3528 lore.
545 3480 657 3529 Nimium
697 3475 771 3525 rodie
790 3477 880 3540 opica,
898 3475 1041 3533 utSetl,
1060 3476 1090 3533 44,
1110 3474 1136 3522 9;
1165 3473 1221 3523 loru

136 3548 265 3619 ἔμφασιν
276 3551 363 3603 intulit
373 3552 496 3615 VossiuS,
515 3553 554 3603 sie
565 3552 659 3603 distin-
696 3564 749 3599 noe
765 3551 882 3600 iuducere
898 3549 972 3598 terris
991 3548 1094 3597 Umbros
1110 3552 1134 3597 et
1150 3548 1220 3597 caelo

135 3642 231 3692 fluens:
254 3628 326 3677 lieet
341 3640 449 3687 merrom
468 3627 497 3676 ut
514 3627 547 3678 sit
564 3628 658 3691 prioris
696 3625 836 3687 diffindere
854 3624 929 3687 sipuo
948 3622 1071 3685 paroeat.
1104 3648 1131 3657 -
1161 3623 1221 3673 Noe

134 3705 194 3769 tice,
212 3702 346 3767 repetitio:
377 3703 490 3752 ul'ruere
516 3702 569 3751 uile
594 3715 657 3751 vere
696 3701 747 3751 dee
769 3698 873 3749 caelum
893 3710 975 3748 curru
996 3696 1164 3761 pervehitur,
1192 3698 1221 3746 ut

135 3775 236 3837 s·iteli,»
254 3772 315 3846 χρῶ
333 3771 371 3841 τῷ
388 3773 457 3842 βίῳ,
473 3771 599 3841 μνήμων
618 3768 659 3824 diu
697 3776 798 3825 Aurora
816 3776 843 3823 et
859 3772 910 3822 Sol.
931 3798 960 3809 -
979 3785 1037 3821 cum
1056 3771 1138 3833 ponit]
1165 3772 1218 3821 Set.

135 3849 192 3899 κτλ.
229 3850 483 3915 (Ιοοιροτοιθά.3,
503 3852 531 3912 3,
551 3851 656 3910 lits,
697 3850 724 3910 l,
747 3850 777 3907 5,
802 3848 851 3897 2⁰:
881 3848 984 3909 lemque
1008 3846 1059 3896 dies
1082 3847 1186 3905 Meet,
1207 3872 1222 3883 -

135 3924 180 3975 ubi
196 3920 370 3995 ἐπαναφορὰ
386 3924 461 3989 lyrici
482 3928 523 3975 est
540 3924 656 3988 spiritum
696 3936 754 3972 cum
764 3948 778 3959 ·
790 3948 805 3959 ·
815 3921 947 3971 Smtinm.
969 3948 997 3957 -
1009 3921 1083 3983 pouit
1093 3945 1107 3956 -
1120 3946 1135 3957 -
1145 3921 1221 3969 uesti-

138 4000 180 4050 bic
198 3998 367 4063 tranquillum
385 4000 595 4050 exhortationem
607 3998 658 4049 mi·
695 3997 749 4061 pia]
772 3996 958 4060 «ingreditur»
996 3997 1061 4046 Nos:
1089 3996 1137 4044 deri
1161 3994 1222 4043 Fuu

136 4086 184 4125 nus
207 4074 295 4131 decet
323 4100 352 4111 -
374 4072 500 4137 pepulere]
528 4072 658 4139 simpule-
695 4076 785 4123 selaeu.
816 4070 891 4121 conl.
904 4071 1010 4135 lippi,
1029 4070 1074 4131 te,
1092 4070 1134 4119 44.
1165 4069 1219 4119 Cic.

136 4152 210 4207 runt,
243 4150 477 4199 commoverunt.»
520 4149 606 4199 Etiam
631 4150 657 4198 in
695 4146 807 4211 Philipp.
821 4146 852 4207 3,
866 4146 971 4206 teet:
989 4144 1223 4206 ubicunqueposuit

136 4234 215 4285 prose
231 4224 297 4273 oret.
312 4223 366 4274 Cic.
381 4222 414 4275 de
432 4222 521 4284 oles,
542 4223 587 4285 444,
606 4221 655 4273 ll:
695 4221 834 4285 vestipium.
864 4248 891 4255 -
924 4220 1009 4284 cocco]
1036 4218 1219 4279 scarletto,
