2925 4892
508 376 567 427 ΗΒ.
586 378 606 427 l.
641 376 740 427 Esus.
757 378 811 429 XV.

161 530 235 605 llic,
259 530 316 596 ubi
340 529 503 617 nequitiae
525 530 703 598 fautoribus
725 541 758 599 et
778 532 898 598 timidis
920 532 964 598 nil

159 652 221 717 Aut
242 649 373 737 paulum
396 649 583 729 absnrlerat,
608 652 734 739 patinas
754 653 913 720 coenabat
933 655 1050 731 omasi,

160 770 236 837 Vilis
258 781 291 838 et
312 772 464 858 agninae,
490 772 591 839 tribus
612 774 698 839 ursis
720 774 811 861 quod
831 775 910 841 satis
932 787 1035 855 asset;
1163 777 1205 843 35

160 889 290 959 Scilicet
310 902 346 957 ut
367 902 498 960 ventres
520 892 626 960 lamna
648 894 807 961 candente
828 905 984 983 nepotum

159 1014 289 1081 Diceret
308 1014 467 1091 urendos,
495 1024 660 1081 corrector
680 1015 817 1081 Bestius.
861 1014 952 1083 ldem

183 1181 225 1231 33.
251 1182 353 1233 imonis
369 1182 439 1247 pud
458 1184 486 1234 41
510 1184 618 1247 Cruquii
639 1196 738 1247 operae
756 1184 828 1235 isat.
849 1212 877 1221 -
895 1184 936 1237 34.
963 1186 1043 1236 omasi
1061 1187 1133 1250 44444,
1150 1194 1174 1239 st

148 1257 259 1320 4444444
277 1258 302 1307 F.
329 1286 357 1294 —
382 1258 422 1310 35.
445 1258 690 1323 44444484441144
709 1256 784 1322 bdp).
810 1284 837 1293 -
862 1257 903 1309 31.
927 1264 1053 1309 correctus
1067 1260 1171 1311 4444444.

147 1330 392 1467 ffpggqsgsich'
414 1338 546 1384 4444444444.
568 1330 683 1383 14444444
702 1332 768 1381 44444
783 1333 823 1392 bt,
842 1337 979 1395 4444444144.
996 1334 1093 1385 14444444
1107 1334 1173 1385 idom

116 1566 162 1616 444
178 1554 278 1616 ammos
296 1554 342 1604 444
361 1556 410 1605 4444
431 1556 458 1604 io
477 1554 640 1615 4444444444,
678 1555 807 1605 4444444444
821 1556 1026 1607 mabuntur.
1055 1559 1102 1619 (De
1119 1557 1204 1609 lorms

116 1627 215 1687 idest,
237 1628 279 1677 «in
296 1630 418 1678 ventrem
436 1628 640 1679 insatiabilem·
679 1629 767 1678 tsmso
783 1628 836 1678 vid.
856 1629 904 1679 Ori.
923 1630 952 1690 4,
975 1631 1006 1690 4,
1023 1632 1059 1694 4.)
1088 1630 1203 1682 Galeam

117 1728 143 1737 -
160 1701 270 1765 44444444]
288 1701 334 1752 4114
351 1702 477 1763 obsonia,
504 1704 593 1767 pisces
615 1705 642 1753 44
679 1702 712 1751 de
730 1703 855 1766 llippocr.
869 1705 897 1753 et
911 1702 975 1755 Plat.
988 1704 1083 1766 114441.
1095 1704 1121 1753 o.
1134 1708 1202 1755 eutr.

115 1786 177 1825 caro
194 1774 330 1825 venibant.
354 1776 498 1827 Ciuilem.
518 1777 546 1827 L.
564 1778 592 1827 1..
608 1778 639 1838 s,
677 1774 735 1825 Vol.
753 1777 785 1826 V.
803 1790 830 1839 p.
849 1776 906 1826 sss.
920 1776 1012 1825 Kilbu:
1039 1770 1116 1827 osso
1132 1774 1204 1843 γοῦν

116 1848 170 1899 4441.
677 1843 800 1898 chiniaci
819 1850 870 1899 sat
890 1846 944 1900 vais
966 1854 1059 1899 1444414
1080 1850 1113 1899 44
1134 1846 1204 1913 τοὺς

144 1922 237 1973 :ts-at.
264 1926 389 1987 neqssttios
410 1924 559 1989 [4444444444]
578 1926 638 1987 «its,
676 1916 899 1994 ἁμαρτάνοντας
914 1924 1029 1986 οἰκέτας
1045 1922 1203 1974 444444444-

116 2000 159 2061 qui
172 2004 287 2063 propter
296 1998 510 2063 qualemcunque
519 2012 638 2060 causam,
676 2000 786 2060 ζοντας,
811 1995 868 2047 τῶν
892 1996 947 2063 μὲν
971 1992 1204 2069 ἀποδιδρασκόν-

115 2072 228 2123 lortasse
247 2074 351 2123 nonnisi
368 2075 457 2124 iocum
468 2074 639 2137 quaerentes,
677 2084 734 2120 zoa
760 2067 797 2121 τὰ
824 2069 913 2138 σκέλη
942 2074 1075 2136 manag
1100 2075 1203 2123 441441

113 2145 242 2196 lsvebant
258 2146 373 2207 14441144,
401 2147 501 2197 homini
523 2160 640 2211 nequam
676 2143 1129 2210 κπασχάζοηεςκαὶπαλοπες,
1142 2146 1202 2197 rasis

113 2222 233 2293 eiusque¹
253 2219 385 2271 similibus
409 2222 535 2272 sciuris·
563 2248 591 2259 -
617 2226 641 2271 st
676 2216 706 2269 44
717 2216 897 2270 κλεπτόντων
907 2217 960 2284 τὰς
970 2225 1085 2292 χεῖρας,
1103 2216 1201 2293 dossa

113 2296 215 2359 44444444)
242 2308 292 2344 uns
317 2295 343 2344 in
366 2296 439 2359 ipsos
461 2308 568 2359 quoque
590 2309 640 2361 op-
677 2306 709 2359 ys
724 2291 1203 2367 καὶτῶνγαστριμάργωντὴνγα-

115 2368 224 2434 probris
244 2369 381 2433 lingeret·
396 2398 422 2407 -
433 2372 537 2433 patinos
547 2384 640 2421 44444-
677 2369 778 2439 44444,
796 2370 846 2419 noi
861 2368 919 2419 τῶν
931 2368 1138 2441 φλυαρούντων
1149 2367 1203 2436 τὴν

113 2443 153 2493 tot
175 2444 258 2493 444444
282 2443 344 2505 cet]
365 2444 403 2493 De
420 2442 498 2493 simili
523 2444 640 2507 parasito
675 2440 813 2508 γλῶτταν.
833 2472 862 2479 -
880 2444 1013 2495 044444444
1029 2458 1091 2495 cum
1108 2447 1201 2497 conis·

113 2516 236 2568 similiter
258 2518 417 2581 Pomponius
437 2518 539 2568 Bouou.
554 2519 640 2569 Bothii
677 2518 760 2567 uisset
775 2516 934 2578 Lambinus,
953 2521 1062 2582 postea,
1080 2521 1110 2567 ut
1125 2517 1199 2579 dicit,

113 2604 172 2655 pag.
184 2592 230 2641 444
243 2605 249 2641 z
263 2592 370 2641 42444444
382 2592 516 2654 quaeritat.
529 2593 557 2641 St
568 2606 640 2643 serm
676 2590 702 2639 in
720 2589 805 2639 Codri.
825 2590 964 2654 antiquiss.
977 2592 1109 2655 repperit;
1126 2604 1203 2642 rece·

112 2676 168 2714 4444
187 2665 278 2727 Vocat,
296 2666 400 2715 reuertit
415 2671 524 2716 44444444
540 2668 640 2715 441444-
675 2662 714 2726 pit
730 2661 872 2713 Bentlclus.
900 2665 939 2714 Ac
955 2665 978 2713 si
994 2664 1022 2713 in
1037 2664 1202 2715 codicenon

113 2753 173 2789 4444
183 2740 270 2789 miser.
291 2738 343 2789 Cir.
358 2740 453 2789 1144411
469 2739 503 2789 de
514 2739 639 2791 Atellanis
677 2736 778 2786 invenit
797 2735 956 2798 Lambinus,
978 2738 1054 2788 culus
1075 2737 1157 2787 iidem
1175 2740 1202 2789 in

112 2826 137 2878 p,
157 2814 217 2864 447,
249 2815 336 2863 ιτυῃο
360 2813 451 2876 igitur,
479 2814 501 2863 si
522 2816 640 2867 nummis
677 2808 773 2860 talibus
790 2824 844 2860 non
862 2814 935 2861 41444
952 2823 1062 2861 omnem
1072 2812 1202 2876 suspicio-

113 2886 236 2947 carebat,
266 2889 333 2937 totas
354 2887 458 2951 patinas
480 2890 572 2950 444444,
596 2890 639 2939 ln·
676 2897 740 2936 nem
755 2887 872 2949 positam
893 2888 973 2950 puto,
999 2888 1090 2937 441444
1111 2900 1201 2938 44444-

114 2963 202 3013 testini
220 2960 314 3011 bubuli
332 2962 373 3025 (41.
395 2964 448 3012 Sat.
469 2964 500 3023 4,
523 2965 552 3025 s,
570 2963 637 3026 444),
675 2966 841 3012 4444444441
863 2964 915 3011 est.
946 2960 994 3023 (Ci.
1012 2974 1068 3011 var.
1086 2960 1147 3011 1444.
1164 2962 1200 3013 ad

113 3039 140 3087 et
155 3036 246 3086 caruis
263 3037 374 3099 agninae
387 3036 546 3097 devorabai;
566 3038 639 3101 quod
676 3036 728 3083 Sat.
741 3035 770 3095 4,
789 3036 817 3096 4,
837 3034 887 3098 43.)
915 3035 1007 3097 ipsum
1028 3036 1118 3085 4444111
1135 3048 1196 3086 444.

113 3123 174 3161 uum
198 3110 313 3171 laceret,
339 3110 373 3161 de
395 3109 491 3161 vilibus
513 3112 580 3163 cibis
602 3114 638 3163 ita
674 3110 758 3160 habet
773 3111 865 3160 nascio
882 3109 947 3173 quid
962 3109 1083 3160 invidiosi
1101 3109 1202 3173 (sctit-

113 3198 141 3237 se
153 3184 358 3245 consolabatur,
377 3187 407 3235 ut
424 3188 561 3249 tamquam
572 3185 640 3237 altar
675 3182 862 3248 4444444444),
875 3185 905 3232 44
914 3183 986 3247 apud
997 3184 1103 3233 Terent.
1112 3184 1162 3233 Ad.
1173 3184 1198 3246 4,

113 3261 222 3319 Bestius,
240 3259 338 3319 bomo,
355 3260 518 3321 utvidetur,
542 3273 638 3313 avarus
676 3260 705 3321 7,
723 3260 770 3309 431
797 3261 841 3312 su.
860 3260 1053 3308 --441441444
1072 3261 1197 3322 44444444.

112 3330 247 3395 simulque
264 3329 545 3395 maledicentissimus,
564 3336 639 3387 cuius
675 3333 723 3382 Dr.
743 3334 889 3383 0444444444
915 3334 1009 3394 Neruis
1028 3337 1075 3381 444
1090 3338 1146 3383 orte
1159 3334 1201 3383 44-

113 3418 228 3471 psrsoua
254 3406 366 3457 iortasse
393 3407 484 3457 itidem
506 3407 639 3459 Lucilians
675 3406 739 3469 44444
760 3406 845 3455 miuus
858 3431 873 3441 -
888 3432 903 3443 -
922 3406 1029 3466 4444444.
1063 3406 1118 3455 Cic.
1138 3406 1201 3454 Pisi·

114 3480 259 3540 (Wsicbert
278 3482 307 3529 Ρ.
330 3482 357 3530 L.
379 3494 405 3545 p.
427 3480 496 3545 440.)
514 3494 580 3533 4444
598 3487 640 3535 444
677 3477 741 3543 lipp.
757 3480 788 3539 4,
813 3480 859 3537 41,
883 3477 930 3529 434
956 3480 1012 3528 loro
1031 3479 1110 3539 44444,
1136 3492 1200 3539 quo-

113 3555 195 3603 stiam
218 3554 322 3604 Persius
340 3554 370 3614 6,
389 3554 441 3615 31.,
465 3556 491 3605 14
512 3555 639 3619 prodigus
676 3554 748 3603 44444
767 3551 912 3601 4444444444
928 3553 982 3602 sius
998 3553 1060 3601 44444
1074 3554 1200 3614 respondi,

113 3638 143 3677 ac
168 3626 319 3677 luxuriosos
345 3628 444 3677 4444441·
468 3628 640 3680 inveberetur
677 3629 706 3678 414
722 3628 776 3690 ipso
791 3627 950 3676 mandatora
965 3639 996 3675 44
1006 3632 1146 3677 4444441444
1156 3640 1202 3677 so·

113 3714 214 3767 sosque
246 3700 387 3751 servilibus
420 3702 513 3765 poenis
546 3703 639 3767 dignos
676 3706 728 3751 stro
751 3702 876 3763 44444444
900 3700 1006 3750 (14444414
1028 3706 1094 3750 susat.
1127 3702 1198 3751 Orat.

113 3775 240 3825 11144444.»
274 3777 305 3827 114
322 3776 445 3826 Horatius
458 3778 563 3837 4444444
582 3790 641 3827 cos-
677 3775 723 3837 446,
751 3776 814 3825 4904
843 3774 883 3823 liic
901 3780 1028 3825 corrector
1049 3776 1077 3824 44
1098 3788 1127 3825 44
1147 3777 1202 3838 ipso

112 3848 384 3909 mactarent,
402 3848 452 3899 at:
471 3850 640 3913 0444444444
676 3850 742 3910 loco,
770 3862 819 3911 qao
843 3849 1202 3912 4444444444μ-4444444444

112 3928 203 3985 septem
219 3929 312 3973 secrato
328 3926 443 3974 44444441
465 3924 546 3975 auru?
572 3927 639 3976 Tum
676 3925 821 3987 4444444444
844 3926 896 3987 ipss
920 3924 1057 3973 4444444414.
1095 3924 1201 3975 144444-

112 4002 189 4063 iunge
200 3998 259 4047 44444
268 4003 293 4047 44
303 3999 425 4063 4444444,
444 4012 497 4049 non
513 4000 641 4049 44444444-
678 4012 742 4049 4441
752 4004 878 4049 4444444444
887 3998 991 4048 suso.
1006 3998 1074 4048 14444
1084 3999 1201 4049 1444114444

112 4074 156 4135 ris,
179 4072 206 4123 id
224 4072 297 4137 quod
314 4085 364 4136 per
380 4086 410 4123 se
428 4072 589 4137 intelligitur.
611 4100 639 4111 -
679 4077 706 4123 et
722 4072 854 4124 Obbsrius
872 4072 939 4135 (4411.
952 4073 1005 4122 Sat.
1017 4072 1047 4132 4,
1060 4073 1089 4132 a,
1102 4074 1135 4121 ss
1147 4074 1200 4134 sq.)

113 4148 209 4209 444444]
227 4148 281 4197 Cic.
295 4148 373 4199 Verr.
386 4148 450 4197 Aac.
463 4149 492 4209 s,
512 4147 558 4209 43,
578 4146 639 4197 4631
679 4146 827 4211 explicant:
843 4146 1017 4209 «corrigendo
1032 4147 1118 4197 lactus
1134 4144 1202 4193 alter

113 4221 179 4284 44444
194 4222 375 4284 maenaque
391 4222 641 4283 assumamque
677 4222 791 4283 Bestias,
805 4221 885 4272 bomo
895 4233 1005 4283 avarus,
1024 4223 1051 4272 iu
1062 4216 1201 4271 helluones
