2925 4892
479 386 539 437 ΗΒ.
559 387 577 435 l.
613 386 711 437 El’lS'l'.
730 386 807 439 xvia,

144 542 232 609 Alter
253 560 454 629 purpureum
476 560 540 607 non
563 542 764 628 exspectabit
783 543 949 617 amictum

144 662 311 743 Quidlibet
331 660 461 729 indutus
483 660 693 729 celeberrima
716 682 777 748 per
796 661 869 729 loca
889 662 1001 739 vadet,

142 787 388 869 Personamquc
410 782 492 849 ierat
513 802 576 847 non
601 782 811 849 inconcinnus
834 793 1021 870 utramquc;

142 904 231 971 Alter
252 901 347 970 llileti
370 912 489 969 textam
512 922 592 969 caue
618 903 713 990 peius
735 913 769 969 et
790 904 887 990 angui
1148 906 1191 970 30

142 1024 261 1093 vitabit
282 1022 501 1113 chlamydem,
525 1024 680 1091 morietur
701 1024 836 1110 frigore.
860 1025 887 1091 si
910 1045 974 1090 nou

166 1196 208 1246 ³⁰.
229 1208 312 1259 capno
328 1194 376 1253 od.
403 1192 512 1258 «scripti
530 1195 558 1243 et
574 1194 664 1243 excusi
682 1206 806 1244 omues.»
824 1195 915 1244 ilem.
944 1195 983 1255 (Ut
999 1208 1062 1255 nos,
1090 1194 1157 1257 hsta,

134 1266 177 1321 alii
194 1272 224 1319 et
240 1269 389 1320 Priscianus
406 1268 475 1330 7‚l3,
493 1266 544 1329 68.)

103 1420 148 1469 tia
156 1418 265 1483 [rigoris
271 1418 354 1481 pedes.
373 1418 404 1467 V.
415 1418 508 1480 dssplioi
520 1415 573 1468 noli
584 1431 629 1468 ex·
665 1414 791 1482 μάζοοσι
807 1409 859 1466 τὸν
870 1412 1064 1487 Σωκρατικόν,
1083 1408 1128 1469 ὅτι
1141 1418 1192 1471 καὶ

102 1492 339 1557 pimanensem,
354 1491 427 1552 silio
446 1492 488 1543 cul
501 1492 629 1555 interpre-
666 1490 783 1562 τρίβωνι
799 1488 866 1557 λιτῷ
883 1490 1072 1559 mannate
1082 1490 1193 1558 χλαμύ-

102 1568 192 1618 ιούοοί
209 1566 299 1617 obstat
310 1567 433 1628 Diogenis
446 1566 541 1615 Laertli
552 1567 629 1615 testi-
666 1564 693 1616 ύι
704 1562 854 1635 χρώμενος
864 1561 899 1614 δι’
912 1559 1086 1637 ἀμφοτέρων
1097 1565 1192 1638 ἐτήρει

102 1644 233 1693 monium.
254 1664 281 1679 -·
310 1640 426 1690 Mirubor
450 1640 513 1704 cet]
541 1641 628 1690 «Cum
666 1635 700 1689 τὸ
717 1634 876 1704 εὔσχημον.
893 1667 920 1676 -
935 1640 1192 1707 Pormoeogaeceti

102 1718 220 1779 Cynicus
232 1717 314 1765 vitem
332 1718 385 1764 tam
398 1724 522 1777 asperam
535 1727 567 1763 ac
578 1712 630 1763 du·
666 1714 743 1765 Teles
751 1714 823 1778 apud
833 1711 973 1773 stende,
984 1707 1194 1786 ύἸεΔετύοτιρ

102 1802 160 1841 rum
178 1790 344 1847 affectasset,
364 1789 404 1837 vix
420 1787 498 1839 aliter
509 1788 566 1837 lieri
583 1800 630 1851 po·
666 1784 717 1838 ιὸν
734 1780 849 1853 syuodo
866 1781 1039 1856 ὑποκριτήν,
1057 1782 1076 1837 ὅ
1086 1783 1193 1838 sadud

103 1868 184 1923 terat,
214 1874 294 1927 quam
320 1866 362 1919 ut.
390 1862 411 1913 si
436 1860 564 1913 voluisset
581 1859 630 1911 ali-
667 1858 904 1932 ιιοιητὴςιτεριύῄ
917 1858 1086 1931 πρόσωπον,
1104 1860 1193 1914 τοῦτο

103 1936 226 2001 quaudo,
239 1939 309 1985 vitae
322 1936 440 1987 instituto
452 1948 562 1999 prorsus
572 1947 630 1985 mu·
666 1931 859 2003 ἀγωνίζεσθαι
869 1933 978 1998 καλῶς·
994 1929 1071 1986 orico
1082 1937 1131 1986 zat
1142 1934 1194 1989 niv

103 2015 170 2069 teto,
195 2024 229 2061 ne
247 2012 335 2061 dicam
353 2011 450 2061 nitidus
467 2008 628 2073 elegansque
667 2006 781 2077 ἀγαθὸν
797 2004 900 2083 ἄνδρα,
918 2004 937 2061 ὅ
953 2024 981 2061 τι
996 2006 1036 2061 ἂν
1052 2010 1156 2085 περιύῇ
1174 2007 1193 2077 ἦ

102 2085 201 2143 sideri,
221 2085 270 2134 sad
288 2082 382 2135 saltem
400 2085 434 2133 ita
450 2096 479 2134 se
492 2096 585 2147 gerere
598 2097 629 2134 ac
667 2084 752 2152 τύχη.

102 2162 217 2219 vestire,
244 2160 274 2208 nt
293 2158 380 2208 solent
405 2158 526 2207 homines
545 2158 630 2207 hone·
700 2160 805 2212 30-32.
833 2160 913 2211 Mileti
929 2159 1033 2223 ιιαιαια]
1056 2162 1193 2227 Purpurea

102 2238 159 2285 stae
178 2233 342 2283 condicionis
360 2246 410 2281 nec
422 2234 511 2281 umen
524 2230 629 2293 divites,
668 2234 784 2287 Milesiae
796 2233 991 2298 propterlanee
1002 2237 1194 2297 praestantiam

102 2309 172 2357 risus
189 2308 310 2357 omnium
323 2308 443 2355 moveret
459 2308 570 2368 propter
581 2318 630 2355 ue·
667 2312 737 2361 iuter
747 2310 1047 2374 pretiosissimeserant.
1063 2310 1134 2372 virg.
1145 2312 1191 2360 Ge.

102 2384 157 2431 scio
175 2392 258 2443 quam
276 2380 432 2429 inscitiam.»
461 2380 579 2441 (etliror,
608 2380 630 2428 si
668 2385 692 2443 3,
706 2385 769 2434 306:
789 2385 904 2447 qaum
920 2383 1019 2433 llilesto
1033 2396 1129 2447 mopso
1143 2384 1196 2434 Val-

102 2454 212 2505 decebit
223 2453 350 2517 splendor
358 2454 495 2503 hominem
505 2451 630 2503 sordibus
667 2458 722 2507 tora
738 2463 867 2507 mutantur
878 2457 964 2517 ipa-ios
974 2458 1073 2506 tucceta
1081 2457 1194 2507 ιτιύοιοι.

102 2532 268 2579 assuetum.»
287 2528 375 2589 Acro.)
669 2558 696 2566 -
716 2543 780 2580 cone
794 2530 998 2593 petasatcogui]
1016 2530 1125 2580 Locutio
1135 2544 1197 2595 pro·

133 2602 632 2665 sa-aa.atterpmperaanoet.]·ln-
667 2601 793 2653 verbialis
813 2602 848 2653 de
868 2600 961 2663 rebus,
988 2601 1119 2665 equibus
1135 2616 1196 2653 ma·

101 2677 207 2739 stippus
219 2676 325 2735 contre,
344 2673 559 2738 utinpublicum
572 2687 632 2738 pro·
668 2678 738 2726 xime
774 2674 952 2725 abhorremus
982 2688 1104 2740 quasque
1132 2676 1196 2727 mali

101 2750 179 2809 deut,
193 2761 246 2799 nou
259 2748 433 2812 exspectabit,
451 2748 538 2799 donec
550 2762 565 2797 a
577 2748 632 2798 lau·
669 2751 765 2801 ominis
782 2762 843 2800 esse
860 2747 992 2799 ducimus.
1015 2747 1098 2802 Plaut.
1112 2750 1193 2800 llere.

101 2830 160 2873 tore
179 2821 270 2885 aliquo
287 2836 452 2887 purpureum
464 2822 573 2887 pallium
585 2822 632 2873 do-
668 2822 693 2885 i,
707 2824 732 2884 l,
746 2825 792 2873 20:
811 2836 889 2885 quem
906 2821 1036 2886 (uxorem)
1053 2824 1198 2874 dadreudi·

101 2911 135 2948 uo
145 2897 274 2962 accipiat,
288 2896 336 2947 sed
349 2896 543 2961 simplicissime
556 2900 631 2948 veste
649 2910 652 2932 ²
669 2912 748 2949 αιται
766 2898 797 2947 Τα
812 2898 892 2947 odisse
907 2910 986 2959 aegas
997 2903 1074 2959 utque
1089 2910 1194 2963 αιιριιιι.

100 2972 226 3031 indutus,
245 2971 302 3021 sine
315 2969 380 3020 laiso
392 2970 507 3034 pudore,
527 2972 632 3035 aequis·
669 2974 708 3023 De
725 2970 857 3022 locutione
872 2973 944 3034 potsse
958 2972 1041 3021 uitare
1060 2972 1094 3022 cl.
1107 2971 1155 3022 Od.
1168 2971 1193 3035 l,

100 3048 171 3097 simo
189 3045 280 3095 auimo
297 3056 346 3108 per
364 3045 482 3094 medium
495 3044 581 3095 iorum
594 3046 632 3095 iu·
669 3047 693 3107 9,
707 3047 754 3095 ύθε
772 3047 892 3108 samque
907 3046 955 3096 teto
973 3048 1100 3111 ύαρύιαοι
1116 3047 1194 3097 liutet

101 3120 196 3181 cedet,
225 3131 310 3181 aeque
334 3121 394 3183 apte
417 3121 445 3169 et
462 3120 588 3183 pauperis
606 3122 632 3169 et
672 3146 695 3159 -
720 3121 812 3170 Vitatis
830 3121 986 3182 cilmnpdam
1006 3121 1069 3185 cet]
1090 3123 1194 3173 Arriau.

100 3196 191 3247 divitis
213 3196 303 3256 partes
325 3204 433 3255 agens.»
459 3192 533 3255 Diog.
552 3193 580 3242 L.
599 3194 630 3253 i,
669 3194 753 3258 Epiet.
770 3194 794 3254 l,
814 3193 861 3255 at,
880 3195 910 3243 7:
940 3193 1076 3260 Διογένης
1092 3190 1127 3245 τὸ
1143 3211 1196 3262 yv-

100 3270 147 3321 67:
176 3263 224 3317 ύιό
251 3280 320 3316 ποτε
345 3264 514 3353 Στράτωνα,
546 3267 578 3315 οἱ
600 3264 631 3317 tt
668 3266 744 3332 pedu
755 3263 829 3317 sivae
839 3265 914 3332 λέγει
929 3262 974 3316 ὅτι
984 3264 1121 3337 κρεῖσσόν
1132 3268 1195 3320 ἐστι

99 3340 259 3398 Πλάτωνα,
276 3337 348 3409 πρὸς
360 3336 450 3391 αυτὸν
462 3342 560 3399 εἰπεῖν,
578 3340 631 3390 Σοὶ
669 3338 766 3406 πάσης
789 3337 1015 3411 ααριπορφύροο.
1051 3342 1194 3393 Historiam

99 3414 184 3482 μόνῳ
210 3411 325 3465 δέδοται
347 3418 395 3464 καὶ
418 3412 553 3480 χλαμύδα
575 3430 632 3477 φο·
669 3416 783 3466 fortusse
801 3428 834 3464 ax
851 3416 928 3477 ipsis,
947 3414 1196 3465 utlacobsiovide·

99 3497 161 3563 ρεῖν
186 3490 238 3539 καὶ
256 3484 354 3559 ῥάκος.
383 3488 488 3551 «Plato,
507 3502 569 3539 cum
590 3490 631 3539 in·
669 3493 725 3549 tur,
754 3489 852 3537 Horatii
869 3485 960 3536 verbis
982 3487 1112 3548 edictum,
1141 3500 1194 3539 nou

99 3566 224 3616 venisset
235 3566 396 3628 Aristippum
409 3564 564 3626 naulragum
578 3562 632 3612 vili·
669 3576 702 3612 ex
722 3560 774 3612 alio
798 3561 926 3624 scriptore
944 3560 1128 3625 desumptam,
1156 3563 1196 3613 sic

100 3654 155 3703 que
178 3638 301 3688 indutum
322 3638 494 3697 vestimento,
516 3635 632 3687 laudavit
669 3637 760 3686 narrat
776 3636 978 3685 commentator
994 3636 1111 3698 cruquii:
1138 3638 1195 3687 «A.

101 3728 165 3767 eum
185 3713 279 3763 dicens
292 3724 323 3761 ea
341 3713 451 3762 scientie
469 3711 630 3776 praeditum,
669 3712 726 3761 iuni
735 3711 898 3775 Aristippum
911 3709 1020 3759 invitato
1030 3711 1147 3773 Diogene
1160 3710 1195 3761 ad

100 3792 132 3839 ut
149 3800 238 3851 aeque
255 3788 336 3837 sciret
352 3786 388 3836 uti
406 3790 508 3849 magnis
524 3800 556 3837 ac
573 3799 633 3850 pau-
667 3782 779 3834 balneas
796 3783 905 3835 dedisse
916 3796 1040 3848 operam,
1058 3786 1088 3834 ut
1099 3796 1194 3837 omnes

99 3864 169 3912 vis·
189 3866 269 3911 Αοιο.
296 3862 363 3911 ilex.
378 3862 439 3923 Tyr.
452 3862 477 3922 7,
491 3862 514 3911 9,
534 3862 629 3924 ptid.
668 3860 743 3922 prius
760 3858 966 3921 egrederentur,
989 3860 1078 3923 ipsum
1096 3860 1195 3923 liloge·

100 3938 148 3986 m:
173 3930 204 3985 ‘0
227 3929 407 4005 Ἀριστιαπος
429 3934 539 3997 ἐκεῖνος
560 3948 631 4004 τιαρ-
668 3935 709 3983 nis
721 3932 829 3996 pallium
839 3933 957 3984 induisse
967 3934 1046 3995 eique
1054 3932 1195 3997 reliquisse

100 4006 203 4079 φαρύύι
220 4002 442 4073 ἀμπισχόμενος
461 4010 510 4058 καὶ
527 4006 631 4077 μύροις
668 4020 849 4071 purpureum;
868 4007 941 4071 quod
953 4008 1085 4070 Diogenes
1102 4007 1195 4058 indue·

101 4080 259 4153 χριόμενος
277 4077 332 4142 cdx
355 4097 443 4147 ητιοα
459 4079 512 4133 τού
530 4082 631 4149 Διογέ-
668 4094 697 4131 re
711 4094 774 4131 cum
785 4080 878 4142 nollet,
896 4094 976 4132 auum
988 4082 1100 4145 repetiit.
1119 4082 1193 4131 Tuno

99 4172 172 4219 ιοας
190 4155 360 4227 ἐσωφρόνει.
389 4156 454 4207 Plut.
474 4157 508 4207 de
526 4157 586 4207 fort.
604 4159 631 4206 st
668 4156 818 4220 Aristippus
843 4157 975 4220 increpuit
1000 4156 1131 4219 Cynicum
1153 4154 1194 4204 la·

100 4234 162 4283 virt.
175 4230 251 4281 Alex.
265 4233 294 4292 t,
311 4230 340 4281 8:
358 4226 539 4302 Ἀρίστιππον
554 4231 631 4285 datv-
669 4242 729 4282 ntae
747 4231 923 4291 servientem,
941 4231 987 4293 qui
1003 4227 1091 4292 algere
1103 4226 1194 4281 mallet

159 4322 253 4369 nour.
270 4332 324 4369 τοι.
341 4322 368 4369 11.
394 4333 434 4369 ιο.
450 4332 502 4369 τοι.
518 4321 555 4367 ill.
964 4320 992 4367 ³⁵
