2925 4892
291 341 353 408 tto
668 342 996 397 uomrussrrmauu

333 496 400 567 Sed
421 497 560 587 fulgente
581 498 677 565 trabit
697 496 888 565 constrictos
912 495 1019 563 Gloria
1042 516 1140 565 curru

332 622 403 687 Non
425 620 533 685 minus
553 619 680 706 ignotos
702 618 880 705 generosis.
924 618 997 699 Quo
1019 618 1090 695 tibi,
1114 616 1199 695 Tilli,

333 742 470 809 Sumere
491 740 676 828 depositum
695 738 823 806 clavum
845 738 983 827 fierique
1006 738 1156 806 tribuno?
1339 744 1384 809 25

333 861 456 929 invidia
477 860 633 936 accrevit,
657 860 782 948 privato
804 880 890 948 quae
912 860 1017 925 minor
1038 870 1136 927 esset.

333 985 413 1051 Nam
426 992 462 1048 ut
474 981 615 1070 quisque
627 980 761 1047 insonus
776 981 877 1068 nigris
899 980 1043 1047 medium
1065 980 1212 1069 impediit
1232 1003 1308 1049 erus

333 1102 475 1170 Pellibus
497 1112 531 1168 et
551 1100 650 1167 latum
672 1100 802 1167 demisit
822 1111 954 1189 pectore
977 1100 1122 1179 olavum,

333 1223 430 1290 Audit
450 1223 617 1291 continuo:
641 1222 722 1302 Quis
745 1222 842 1288 homo
863 1222 916 1290 bie
931 1222 1004 1290 est?
1024 1244 1091 1311 quo
1106 1232 1197 1311 patre
1215 1224 1332 1291 natus?

355 1430 398 1481 ιθ.
416 1430 503 1480 catut
519 1442 655 1493 superscr.
673 1429 683 1477 i
699 1429 724 1477 s.
752 1456 779 1465 -
798 1428 839 1480 et.
861 1428 933 1478 Tullii
949 1440 990 1493 pr.
1009 1427 1042 1489 d,
1063 1428 1127 1477 riuti·
1143 1440 1213 1478 corr.
1232 1428 1264 1489 d,
1284 1430 1349 1481 ratis

324 1518 394 1555 corr.
414 1506 445 1565 S,
466 1506 528 1555 Lct.
564 1505 605 1566 (Ut
620 1516 682 1563 nos,
701 1503 806 1566 heppo
823 1504 849 1552 et
866 1516 906 1567 pr.
925 1504 961 1565 S.)
991 1528 1018 1538 —
1046 1502 1088 1552 st.
1107 1502 1235 1553 taimen
1253 1516 1294 1567 pr.
1313 1504 1348 1563 d,

323 1590 371 1629 sex
388 1578 512 1630 Pottierii.
537 1578 577 1641 (Ut
593 1591 655 1638 nos,
674 1590 743 1627 corr.
763 1576 795 1637 d,
814 1576 897 1626 ceteri
913 1576 1029 1627 Pottierii
1048 1578 1074 1627 et
1091 1578 1192 1639 nostri.)
1207 1604 1235 1613 —
1247 1578 1288 1628 26.
1301 1580 1351 1628 mi-

323 1666 372 1701 nor
388 1665 526 1717 superser.
543 1653 628 1703 minus
643 1653 669 1701 S.
690 1678 718 1688 -
737 1651 776 1701 27.
796 1652 911 1712 impediet
927 1652 978 1714 Sep
996 1651 1024 1700 et
1038 1664 1080 1715 pr.
1099 1650 1118 1700 d
1136 1652 1196 1715 (non
1207 1650 1226 1701 b
1239 1654 1266 1701 at
1277 1666 1349 1703 corr.

324 1726 362 1791 di.
382 1754 411 1763 -
429 1727 471 1777 29.
489 1728 529 1777 bie
545 1726 600 1778 est?
616 1725 670 1789 'quo
683 1731 761 1789 patre
776 1724 869 1775 aaut?
886 1726 902 1773 S
921 1724 974 1789 (qui
990 1724 1074 1774 habet
1089 1726 1184 1790 natust)
1202 1725 1264 1787 bcd,
1283 1730 1350 1778 Pot-

324 1802 393 1851 tierii
410 1800 545 1865 plerique,
564 1802 630 1853 oet:
649 1800 701 1862 bie,
719 1805 766 1849 out
782 1804 1011 1862 proponebatur
1028 1812 1043 1848 e
1060 1798 1145 1850 Codd.
1164 1814 1198 1850 κτ
1214 1799 1351 1853 Bentleius

325 1878 353 1927 et
368 1876 407 1939 44,
425 1875 484 1925 bic?
499 1881 524 1925 et
540 1889 589 1938 pcc
603 1880 679 1937 patre
694 1880 770 1925 setus
785 1888 813 1939 p,
832 1876 892 1924 octo
909 1873 1025 1924 Pottierii
1042 1875 1070 1925 et
1086 1888 1119 1925 ex
1134 1873 1190 1926 aliis
1202 1876 1228 1937 F,
1247 1876 1311 1927 item
1322 1876 1348 1927 J.

292 2031 370 2095 orsa,
388 2035 431 2083 est
446 2032 630 2096 interpretatio
641 2044 727 2095 nuper
739 2044 817 2095 prae·
853 2029 1006 2095 exemplum
1022 2030 1136 2095 praebet
1146 2030 1235 2083 Tillius
1253 2032 1295 2083 ille
1308 2038 1384 2086 cet.»

291 2110 372 2158 eunte
386 2105 437 2157 ulio
453 2105 558 2157 Scholia
570 2119 663 2157 rursus
675 2118 816 2156 commen-
855 2131 883 2141 -
898 2106 937 2155 De
950 2106 1052 2157 Gloriae
1062 2120 1143 2157 caetu
1153 2106 1206 2157 vid.
1219 2107 1253 2158 ad
1265 2108 1335 2173 Epp.
1350 2110 1383 2170 2,

291 2180 366 2231 data:
393 2180 478 2231 «Cum
494 2180 638 2244 antiquitus
654 2181 682 2230 in
703 2179 815 2231 lautiore
854 2180 882 2240 l,
908 2179 966 2229 447.

292 2252 455 2317 supellectile
477 2254 644 2305 haberentur
665 2254 749 2304 lectuli
766 2256 817 2304 Pe-
886 2252 975 2303 st-ur.
1003 2254 1065 2319 Tillt]
1093 2254 1196 2307 «Tillius
1219 2256 1264 2306 hie
1286 2260 1385 2307 senatu

291 2330 378 2379 aucei
393 2329 506 2380 hoedinis
518 2329 641 2393 pelliculis
656 2329 730 2379 recti
751 2329 814 2392 (Cic.
854 2328 941 2378 motus
964 2331 1006 2379 est
1026 2342 1041 2379 a
1064 2330 1180 2381 Caesare
1199 2330 1276 2395 quasi
1298 2332 1386 2382 Pom-

290 2416 341 2469 pro
365 2405 475 2455 Murena
499 2404 547 2466 36,
565 2404 627 2466 iti),
651 2402 749 2467 quibus
775 2404 817 2453 te-
853 2401 980 2464 pennus,
1006 2404 1095 2455 occiso
1119 2418 1184 2456 vcro
1202 2407 1316 2456 Caesare
1337 2420 1385 2457 re—

291 2479 393 2529 nuioris
419 2480 499 2531 sortis
526 2479 650 2529 homines
675 2479 814 2539 carerent,
853 2477 925 2540 cepit
941 2476 1263 2541 latumiterumelavum,
1282 2477 1309 2527 id
1329 2484 1384 2541 est,

291 2566 357 2605 usus
384 2553 511 2617 loquendi
536 2567 552 2605 a
577 2552 657 2618 plebe
680 2552 817 2616 proiectus
854 2552 1015 2603 senatoriam
1028 2552 1195 2616 dignitatem,
1214 2556 1242 2604 et
1257 2552 1387 2605 tibanus

292 2630 389 2690 tenuit,
408 2630 450 2690 ut,
468 2628 566 2692 quibus
582 2626 666 2693 pelles
684 2626 816 2679 eiusmodi
854 2624 968 2676 militum
981 2626 1042 2688 (non
1055 2626 1181 2691 «plebis»,
1200 2630 1230 2678 ιιι
1241 2628 1276 2677 sit
1291 2626 1384 2679 schol.

291 2716 345 2754 non
361 2706 558 2765 sternerentur,
584 2704 612 2753 hi
634 2704 661 2754 in
677 2716 726 2753 sua
744 2700 815 2766 pelle
855 2698 1032 2764 Guelferbyt.)
1067 2702 1152 2753 lactus
1181 2704 1251 2753 ast.»
1294 2703 1384 2753 Corra.

291 2777 392 2828 cubare
418 2777 605 2839 dicerentur»)
637 2804 664 2813 -
693 2776 743 2826 Sed
764 2775 817 2838 titl-
854 2775 933 2831 Cruo-
946 2774 1037 2825 Frater
1048 2774 1096 2826 luit
1107 2776 1220 2827 tortasse
1232 2773 1297 2826 Tillii
1308 2778 1386 2828 Cim-

290 2858 362 2917 peius
373 2852 436 2915 cet]
448 2853 563 2901 «versus
573 2850 708 2910 heroicus,
723 2847 817 2912 quales
853 2850 909 2909 bri,
929 2850 1050 2901 Caesaris
1062 2851 1248 2903 interfectoris.
1278 2852 1386 2903 menas

291 2924 427 2976 interdum
443 2922 553 2987 reliquis
568 2937 585 2973 a
600 2924 679 2987 poeta
693 2923 818 2972 inserun-
854 2926 945 2975 autem
969 2926 1077 2977 milities
1105 2932 1215 2989 quatuor
1241 2926 1386 2989 lapionibus

291 3002 345 3050 tur.
374 2997 516 3050 Conlsat.
537 2999 562 3058 4,
584 2998 608 3057 4,
629 2996 670 3046 68.
696 2998 722 3056 2,
740 2997 763 3057 4,
786 2996 817 3046 43
853 3000 946 3061 primis
968 3002 1079 3064 (Frapm.
1100 2999 1165 3065 legis
1187 2999 1311 3051 Serviliae
1338 3001 1384 3051 ed.

290 3086 379 3138 seqq,
398 3073 423 3132 2,
437 3072 461 3130 3,
473 3070 532 3122 223.
551 3068 725 3121 oraculorum
738 3073 819 3121 etva-
855 3073 951 3125 Klenza
963 3088 989 3139 p.
1003 3075 1018 3124 3
1031 3076 1058 3125 et
1070 3076 1109 3125 44.
1140 3076 1195 3126 Cic.
1208 3088 1258 3139 pro
1275 3072 1383 3125 cluent.

291 3146 443 3197 ticiniomm
453 3146 585 3196 rationem
596 3146 815 3195 secutusestSat.
854 3146 901 3209 st,
921 3148 986 3210 tte.)
1009 3146 1147 3199 habebant
1170 3150 1211 3200 ius
1233 3147 1277 3199 lati
1301 3146 1383 3199 clari.

292 3222 317 3281 4,
329 3220 353 3281 9,
366 3219 395 3269 34
410 3232 487 3283 seqq.
513 3219 635 3282 Denique
651 3218 713 3269 vide
727 3219 817 3283 ipsum
855 3224 921 3273 ilinc
943 3224 1051 3273 Sueten.
1071 3222 1168 3274 Domit.
1193 3223 1240 3272 to:
1267 3222 1387 3273 mounes

290 3296 399 3360 poetam
410 3294 464 3343 Sat.
478 3295 503 3355 4,
516 3292 541 3356 4,
554 3293 595 3344 so.
608 3292 818 3345 suosabheroi-
853 3298 1004 3349 ιιιιιειαυιιιι.
1039 3297 1186 3361 opponitur
1207 3296 1310 3347 tunicae
1331 3310 1383 3346 an-

291 3368 465 3421 cisversibus
479 3368 704 3419 disoemantam.»
734 3369 817 3417 Furn-
853 3370 1037 3435 mumanae,
1064 3366 1251 3436 στενοσήμῳ,
1281 3368 1385 3420 laticla-

291 3442 818 3506 mma.uonauteminntsseopapeite
853 3446 910 3506 via,
930 3439 1128 3509 πλατύσημος.
1163 3445 1227 3495 Titlii
1242 3446 1335 3495 autem
1357 3448 1384 3494 et

290 3520 342 3570 cet.
361 3520 431 3570 inest
453 3519 545 3569 nescio
567 3530 637 3581 quae
653 3516 818 3582 praeceden·
855 3519 1038 3584 uelitumque
1051 3518 1261 3581 contunduntur,
1274 3521 1303 3569 ut
1315 3520 1384 3569 Sue-

290 3593 325 3643 tls
348 3593 499 3643 sententiae
520 3591 644 3642 refutatio
667 3590 815 3654 (dinumero,
854 3596 908 3645 ton.
928 3595 1004 3645 Caes.
1024 3594 1064 3643 82.
1084 3606 1180 3645 omnes
1201 3592 1383 3658 Oudendorpii

291 3678 360 3729 quae
378 3666 528 3729 requireret
547 3666 636 3728 potius
657 3664 816 3730 particulam
853 3667 938 3719 codd.
957 3668 1054 3719 diodor
1073 3668 1177 3729 Τιιιιιιιι,
1204 3666 1278 3731 quod
1298 3668 1384 3717 Criti-

289 3744 326 3787 at.
358 3738 412 3790 sed
428 3738 575 3801 quotidiani
592 3740 724 3789 sermonis
737 3752 816 3791 usum
853 3756 901 3793 cus
927 3744 1041 3793 Batavus
1069 3744 1096 3795 in
1123 3744 1249 3794 contextu
1274 3742 1384 3793 retinuit

290 3814 400 3863 secutus
440 3812 476 3862 ita
516 3811 673 3877 simpliciter
712 3814 813 3878 pergit:
853 3816 902 3867 etsi
919 3816 1086 3881 perspiciens
1102 3816 1203 3881 requiri
1218 3829 1317 3868 nomen
1336 3817 1385 3867 Tit-

291 3887 487 3948 «Quemquam,
521 3899 618 3937 verum
651 3887 681 3936 ut
713 3887 813 3947 latear,
852 3891 908 3941 lius.
930 3918 957 3927 -
975 3890 1012 3955 at]
1035 3904 1083 3941 nex
1101 3904 1155 3956 quo
1177 3894 1315 3957 tempore,
1344 3893 1384 3942 si-

291 3961 426 4011 communi
449 3962 581 4012 humanae
602 3963 713 4013 naturae
737 3962 815 4027 culpa
852 3963 967 4017 mulae·
988 3990 1016 4002 -·
1033 3966 1115 4029 criptis
1130 3991 1142 4002 -
1157 3992 1169 4003 ·
1184 3965 1295 4030 Ροιιιιιιι]
1314 3978 1380 4017 cor-

290 4037 320 4085 et
334 4032 463 4098 ignobiles
474 4038 503 4085 et
517 4037 639 4099 generosi
653 4049 741 4101 aeque
761 4036 815 4101 gla-
851 4039 922 4103 rigiis
934 4041 1070 4103 quattuor,
1090 4053 1123 4089 ex
1135 4040 1208 4105 nigra
1219 4040 1304 4101 aluta,
1317 4040 1384 4103 qui—

290 4110 346 4160 riae
371 4110 501 4161 inservire
526 4108 625 4173 solent,
652 4113 728 4163 cuius
754 4113 814 4176 qui-
851 4112 903 4164 bus
920 4112 1010 4165 medio
1027 4114 1054 4163 in
1071 4126 1149 4165 crure
1161 4113 1232 4177 ligati
1244 4116 1320 4165 erant
1331 4127 1381 4165 se-

290 4185 355 4235 dem
378 4186 464 4239 inanis
486 4186 566 4239 studii
590 4187 813 4240 ostendiculum
851 4190 975 4239 natorum
992 4186 1075 4239 calcei
1091 4187 1145 4239 albi
1163 4188 1204 4240 val
1228 4189 1376 4254 purpurei,
