2925 4892
514 376 573 427 nin.
594 374 623 425 ιι.
659 374 726 427 sir.
746 372 789 426 ιιι.
1133 380 1196 445 273

155 534 302 602 absentis
324 552 422 599 ranae
445 530 541 619 pullis
562 530 651 598 vituli
674 530 760 619 pede
781 534 919 620 pressis,

153 658 241 726 [lnus
262 654 320 722 ubi
342 652 468 741 effugit,
491 652 584 719 matri
604 651 771 730 denarrat,
794 663 830 721 ut
851 654 965 741 ingens
1132 660 1195 725 3l5

154 776 253 844 Belua
275 784 430 864 cognatos
452 773 582 842 eliserit.
626 772 684 841 llla
705 794 836 861 rogare:

155 896 349 979 Quantane‘i
369 917 447 961 num
469 904 606 971 antam,
630 892 763 962 sufflans
784 916 835 974 se,
859 916 975 983 magna
996 897 1132 967 luisset?

155 1020 255 1086 llaior
276 1016 420 1085 dimidio.
464 1018 547 1085 Num
570 1014 716 1083 tantum?
739 1016 820 1084 Cum
841 1018 945 1105 magis
966 1028 1064 1107 atque

156 1142 199 1207 Se
220 1138 324 1227 magis
346 1137 489 1217 inflaret,
512 1138 597 1214 Non,
621 1137 648 1203 si
671 1147 702 1204 te
725 1138 868 1225 ruperis,
892 1138 1008 1227 inquit,

155 1265 217 1329 Par
239 1262 315 1329 eris.
359 1260 448 1326 Haeo
471 1278 489 1324 a
510 1267 542 1325 te
565 1278 629 1339 non
650 1256 786 1324 multum
808 1258 932 1325 abludit
952 1260 1068 1349 imago.
1135 1264 1198 1329 320

157 1382 247 1450 Adde
270 1388 420 1470 poemata
442 1398 541 1457 nunc,
566 1378 627 1447 hoc
650 1390 712 1456 est,
736 1378 845 1446 oleum
866 1380 951 1447 adde
968 1384 1111 1465 camio03

177 1562 236 1613 ali.
255 1562 356 1611 taudem
371 1560 456 1624 bscp.
484 1561 603 1623 quinque
620 1560 749 1621 Pottierii,
773 1560 831 1610 etr.
847 1560 956 1623 (mian
972 1564 1168 1617 vetustissimus

146 1637 299 1689 Blandinins
316 1649 377 1686 cum
395 1637 531 1697 Tonsano,
554 1650 592 1697 φ,
610 1632 730 1699 plerique
748 1634 879 1694 Pottierii‚
902 1634 942 1694 C.)
965 1662 992 1671 -
1012 1648 1038 1685 aa
1058 1632 1183 1701 inponas

143 1714 180 1763 ate
197 1725 294 1775 maana
311 1711 369 1761 LtF.
396 1711 436 1773 [tlt
456 1722 518 1769 nos,
541 1719 636 1759 omnes
654 1709 736 1759 noatn'
757 1721 790 1759 ac
806 1708 941 1769 Pottierii.)
963 1735 993 1746 -
1016 1710 1073 1763 348.
1091 1714 1168 1763 dent-

145 1788 201 1852 dio]
223 1786 349 1849 pentano
372 1782 483 1835 Bentleii
509 1782 589 1833 dubia
614 1784 740 1847 auspicio.
761 1810 789 1820 -
807 1788 879 1833 tuoto
899 1782 1039 1848 bscpdti'.
1058 1786 1168 1850 (tantun

147 1862 300 1925 eutonius,
316 1874 372 1925 γφ,
390 1856 524 1910 Bentleius
542 1860 569 1909 et
585 1858 629 1921 ld.)

114 2001 232 2063 dimidio,
251 2012 334 2063 quam
350 2002 388 2061 tu,
407 1996 455 2050 luit
472 1996 553 2049 belua
569 1996 638 2050 illan
676 1998 769 2063 gavitl:
793 1999 861 2052 Nun
883 2004 946 2063 eet,
964 2016 1017 2067 qua
1037 2004 1065 2055 in
1081 2007 1200 2070 ratione,

115 2076 187 2139 {Pulli
212 2078 303 2126 autem
328 2088 488 2139 responsum
517 2078 566 2127 etsi
587 2076 639 2127 mi·
676 2076 706 2123 ut
722 2075 779 2123 iure
791 2076 891 2139 optimo
909 2078 1025 2128 anuer
1035 2081 1200 2143 significavit,

113 2164 172 2202 rum
189 2150 310 2211 videtur,
332 2148 443 2201 tabellae
459 2152 590 2217 Aesopias
607 2149 640 2201 li·
677 2148 788 2199 nimium
805 2152 935 2212 quantum
954 2150 1018 2215 pulli
1040 2168 1200 2219 responsum

114 2230 217 2279 cantiae
243 2226 323 2276 tribui
348 2224 445 2286 debet;
477 2224 639 2277 ranunculus
676 2236 786 2288 prorsus
804 2227 987 2275 necessarium
1005 2228 1200 2282 desideramus.

113 2305 185 2355 enim
195 2302 284 2354 omnis
293 2314 435 2352 mensurae
446 2314 557 2365 prorsus
568 2302 641 2364 igna-
676 2297 841 2359 ingeniosius
850 2298 962 2350 tortasse
974 2302 1088 2354 latinius:
1102 2304 1200 2356 Pullus:

112 2390 156 2428 rus
181 2378 250 2428 satis
274 2374 358 2426 habet
381 2376 433 2427 hoc
457 2376 637 2440 respondere:
675 2372 769 2421 linior.
804 2370 901 2423 tiator:
925 2374 1055 2426 Dentato?
1071 2376 1202 2430 lloxma·

111 2454 198 2502 tiator
222 2450 325 2500 dimidio
351 2450 399 2500 luit
427 2447 515 2499 belua.
563 2448 638 2499 conl.
677 2446 716 2508 gis
733 2447 814 2497 etiarn
830 2459 861 2497 se
878 2448 1004 2500 auinaue:
1027 2452 1097 2503 Nisa
1112 2452 1203 2504 moto?

112 2529 193 2577 etiam
212 2526 268 2575 Cic.
286 2537 313 2587 p.
327 2522 418 2573 liacoo
430 2524 475 2585 20,
494 2523 542 2574 tt:
561 2520 641 2573 ilabe-
676 2533 727 2570 nec
746 2521 834 2570 ῑιιιιιειι
852 2534 932 2583 vere,
956 2536 1020 2574 nam
1036 2528 1144 2589 praeter
1161 2528 1204 2578 ol·

111 2600 153 2650 tat
167 2602 257 2650 rhetor
278 2600 324 2647 iste
340 2598 503 2648 umescere
519 2598 640 2659 qiwsdcm
677 2593 838 2654 tensionem,
870 2608 939 2659 quac
966 2598 1009 2647 est
1037 2599 1064 2649 in
1089 2598 1202 2651 lectione

111 2675 257 2737 locupletes,
274 2685 335 2735 quoa
345 2672 448 2721 d'anidio
458 2672 571 2722 redderet
580 2670 640 2721 atat
676 2671 761 2726 moto,
787 2680 830 2716 vv.
850 2669 938 2717 Maior
958 2670 1061 2720 dimidio
1083 2673 1127 2722 vix
1149 2671 1203 2723 ullo

110 2750 202 2809 turea,
220 2760 299 2807 quem
310 2746 461 2810 meent.)
489 2746 572 2796 Mater
583 2758 640 2795 rur-
676 2742 788 2792 artificio
805 2742 840 2792 ita
859 2742 946 2793 divelli
969 2748 1091 2808 possunt.
1122 2748 1204 2797 Cete-

110 2838 157 2874 sus
181 2836 214 2873 se
236 2820 348 2873 suiilaus
370 2822 529 2883 interrogat:
557 2820 640 2870 «Nom
676 2829 738 2866 rum
754 2817 884 2878 Diiutzer,
908 2830 942 2867 ne
960 2817 1034 2869 alteri
1052 2823 1145 2872 matria
1162 2823 1204 2873 in·

111 2904 212 2947 imum
230 2908 327 2959 mepta
349 2894 410 2955 tuit,
437 2894 566 2958 wantum
589 2906 640 2957 ego
677 2891 847 2953 terrogationi
859 2890 967 2943 deesset
976 2893 1040 2958 pulli
1052 2898 1201 2960 responsio,

110 2972 178 3022 iacta
207 2984 280 3020 nunc
305 2970 405 3019 sumi»
431 2981 544 3033 sperans
568 2982 640 3019 nunc
677 2964 761 3015 verba
789 2966 829 3016 sie
856 2966 989 3018 distinxit:
1018 2970 1087 3021 Nion
1110 2971 1204 3021 mato?

110 3046 223 3110 quidem
241 3042 343 3109 pullum
354 3045 572 3095 asseveraturum
584 3056 641 3093 ma·
677 3054 755 3102 quum
770 3042 853 3105 mepta
863 3046 938 3103 atque
949 3044 982 3093 Se
991 3046 1074 3109 mepta
1089 3046 1199 3108 innaret

111 3122 159 3172 tris
181 3122 316 3170 staturam
336 3117 450 3169 eandem
473 3130 534 3169 esse
551 3130 584 3168 ac
599 3118 640 3167 vi·
677 3116 747 3175 Non,
770 3116 792 3164 ai
815 3116 884 3176 cet,
911 3117 938 3166 in
955 3130 1008 3181 qua
1024 3120 1128 3170 ratione
1151 3121 1204 3184 (Sia

111 3195 157 3245 tuli
185 3198 215 3245 et
239 3193 353 3245 sonasse
376 3194 516 3243 maiorem.
560 3194 594 3243 lit
617 3194 640 3242 is
675 3187 862 3251 sraptwetter,
879 3190 963 3240 tndem
978 3192 1013 3241 ste
1028 3193 1204 3245 matamala

113 3282 211 3332 negare
222 3267 320 3332 pergit.
354 3266 417 3317 orm
428 3268 571 3331 propterea
581 3280 640 3317 mo-
676 3263 728 3311 mul
744 3263 814 3312 mehr
830 3263 882 3311 aicit
897 3265 1052 3329 meone.)
1065 3266 1156 3318 verbis
1167 3268 1202 3318 ab

111 3346 149 3407 pis
170 3348 249 3403 utque
271 3342 323 3390 cet.
359 3341 448 3389 Lectio
471 3344 555 3402 muto,
582 3342 639 3390 orta
677 3336 736 3399 ipso
747 3334 875 3399 suppletis
886 3336 928 3386 Sta
942 3338 1013 3402 [rapt
1028 3340 1115 3389 nocitor
1131 3342 1202 3392 haud

113 3430 143 3465 ex
161 3415 226 3467 laisa
244 3413 493 3463 accommodatione
510 3414 588 3464 adv.
605 3415 642 3463 di·
678 3414 766 3461 minus
779 3424 859 3474 aegre
871 3423 995 3463 caremus
1012 3426 1094 3476 quam
1111 3418 1137 3464 in
1155 3430 1202 3465 no-

112 3492 201 3552 radlia³
218 3488 263 3539 vel
275 3488 337 3538 ideo
348 3488 503 3549 reiieienda,
516 3488 588 3550 quod
599 3502 641 3538 ra-
677 3486 732 3535 stra
740 3484 825 3535 verbo
835 3486 943 3549 Nepooit
949 3486 1052 3551 (pullus)
1060 3488 1102 3538 vel
1113 3488 1200 3540 simili.

112 3577 176 3625 nae,
191 3576 261 3627 quae
273 3560 406 3613 sufflando
416 3574 445 3612 se
455 3561 529 3613 vituli
541 3564 641 3626 magni-

112 3638 232 3688 tudinem
248 3638 303 3686 iam
319 3638 473 3687 assecutam
488 3650 518 3687 se
535 3639 637 3701 sperat,
708 3632 830 3685 tzo-tte.
850 3634 954 3696 obludit]
974 3634 1125 3699 «abhorret,
1145 3638 1201 3689 dia-

110 3724 207 3776 parum
230 3711 357 3761 convenit
373 3724 520 3774 quaerere,
540 3714 639 3775 quanto
677 3712 782 3771 crepat,
813 3703 942 3776 ἀπᾴδει.»
980 3736 1009 3747 -
1041 3711 1110 3762 Addo
1138 3714 1201 3779 cet]

111 3788 199 3835 maior
208 3783 307 3835 vitulus
319 3784 375 3847 ipsa
388 3785 474 3835 luerit.
505 3784 563 3846 Alii,
577 3799 639 3837 cum
677 3782 776 3833 «Aliam
805 3785 885 3833 nimio
911 3784 1069 3836 aedificandi
1097 3789 1200 3839 studio·

110 3862 136 3909 in
156 3860 209 3909 hoc
224 3858 308 3909 veluti
324 3856 476 3921 labyrintho
491 3860 639 3910 circumer-
677 3858 758 3920 (quod
774 3856 898 3907 videlicet
914 3862 992 3923 poeta
1005 3861 1032 3909 in
1043 3866 1131 3911 semet
1142 3865 1201 3926 ipso

110 3935 215 3994 rarent‚
239 3934 313 3981 varia
330 3932 497 3983 distinctione
515 3947 574 3985 rem
592 3948 639 3983 ex·
676 3945 725 3996 per
741 3933 854 3983 ironiam
866 3933 1004 4003 dumtaxat
1020 3936 1201 4001 reprehendit)

109 4008 206 4071 pedire
214 4006 478 4067 studuerunt,veluti
490 4011 551 4072 post
558 4008 639 4059 Wad-
677 4008 813 4070 «adiungis
830 4008 960 4058 insaniam
982 4012 1106 4073 poemata
1125 4024 1201 4060 com-

109 4080 213 4132 delium
237 4082 368 4131 Kirchner
389 4081 517 4133 Observv.
539 4096 565 4147 p.
587 4084 636 4133 ee:
674 4082 818 4146 ponendo;
851 4083 943 4145 sieque
971 4082 1071 4133 malum
1099 4098 1199 4147 auges.

108 4156 200 4205 Boioi·
214 4156 316 4205 ddoidio
328 4156 399 4217 (eum
418 4156 484 4206 iacta
497 4160 570 4207 esset
583 4170 639 4207 ma·
675 4158 753 4219 quasi
772 4158 860 4219 iguem
877 4155 936 4207 olco
957 4158 1126 4220 exstinguere
1142 4158 1200 4208 rel-

111 4233 152 4279 ter
170 4242 233 4279 aeae
250 4230 395 4281 sufflando.
413 4243 506 4281 rursus
522 4232 638 4283 interro·
674 4229 1200 4303 les-(SicGraeciattenuata'iotpmip

205 4320 293 4365 liotar.
311 4333 367 4366 vot.
385 4322 411 4366 ll.
442 4334 480 4367 en.
499 4334 550 4367 ιιιι.
568 4322 603 4368 lll.
637 4384 643 4391 ¹
971 4326 998 4369 l8
