2925 4892
282 378 345 444 738
765 372 894 425 nonaru

325 536 379 602 Sic
401 534 497 601 etiam
519 531 638 598 {idibus
659 548 758 596 voces
781 548 915 595 crevere
938 527 1071 603 severis,

324 658 362 723 Et
383 654 454 721 tulit
475 653 641 740 eloquium
663 650 827 717 insolitum
849 648 999 716 facundia
1025 666 1196 736 praeceps,

324 777 520 864 Utiiiumqoe
541 794 640 859 sagax
661 792 771 838 rerum
794 780 826 836 et
847 769 955 837 divina
977 770 1072 836 tutari

282 1110 456 1178 κορυφαῖον,
474 1098 511 1153 ἂν
523 1099 653 1153 Σκύλλαν
669 1098 805 1154 αὐλῶσιν.
844 1106 899 1153 star
910 1114 1001 1163 ruens,
1015 1098 1138 1152 celeriter
1149 1098 1258 1157 tluensp
1273 1094 1359 1153 reiut

284 1210 312 1219 -
329 1182 429 1242 ceruos]
446 1192 552 1242 «syrma
570 1179 726 1241 tragicum·
752 1178 805 1228 Cir.
844 1180 912 1227 Acro
931 1176 1002 1235 dicit,
1027 1186 1111 1237 «quae
1130 1184 1191 1222 curn
1209 1172 1304 1234 ingenti
1318 1170 1360 1219 im·

281 1257 348 1321 Epp.
362 1256 390 1314 2,
404 1256 428 1313 t,
441 1254 498 1303 2⁰7.
524 1254 568 1302 Sic
585 1253 716 1303 Lucienus
734 1253 804 1315 Nigr.
844 1254 907 1315 patu
925 1252 1034 1307 fertur.»
1051 1247 1101 1299 sed
1118 1249 1147 1296 ut
1164 1248 1205 1296 est
1222 1244 1291 1308 apud
1308 1245 1356 1295 cir.

282 1329 442 1380 tt.deridet
457 1328 613 1387 histriones,
640 1330 730 1377 cetera
748 1328 807 1377 ine-
844 1339 892 1388 pro
910 1324 1040 1384 Caeitt,
1059 1322 1104 1373 35:
1122 1320 1297 1371 monteroserio
1313 1331 1360 1378 pac

281 1408 351 1469 ptos,
359 1399 497 1473 χρυσίδας
507 1398 806 1465 pppcacpivoocfflars
843 1402 967 1463 emanata
986 1404 1061 1461 atque
1080 1396 1225 1459 praecipiti.
1259 1392 1357 1454 Quintil.

281 1481 340 1529 crat
355 1480 423 1527 haec
440 1470 541 1540 ὄψεως
557 1472 687 1540 κόσμου,
705 1474 740 1525 de
753 1487 806 1539 quo
844 1475 887 1535 ta,
903 1476 946 1535 λθ,
960 1474 1009 1523 73;
1031 1473 1127 1523 demat
1142 1484 1235 1535 amus,
1253 1470 1360 1531 qaod--

281 1554 359 1603 anst.
373 1554 445 1603 Post.
460 1553 484 1601 a.
839 1549 991 1612 praepara
1010 1560 1057 1610 pro
1078 1544 1223 1595 namatus
1239 1543 1316 1593 naua.
1334 1566 1358 1578 -

312 1626 435 1677 staats.
453 1624 550 1689 mum]
570 1625 635 1686 uste,
648 1624 745 1675 eadem
757 1637 807 1673 ne-
842 1620 1142 1687 SortitspisnDeiptis]
1167 1620 1287 1670 Pn'scnm
1306 1630 1359 1665 mo-

281 1702 420 1761 oessitate‚
451 1699 541 1764 Μῶαν
565 1700 639 1763 prius
662 1702 754 1749 meris
780 1700 806 1749 et
843 1712 900 1749 rem
918 1696 1037 1748 Italicum
1064 1694 1220 1758 (recordare
1239 1695 1359 1743 Fortuna-

280 1774 441 1827 habentibus
463 1785 573 1836 gravam
594 1785 690 1823 sonum
706 1786 807 1823 ersom
843 1785 903 1822 rum
920 1772 1063 1823 Antiatium
1080 1774 1109 1819 et
1123 1766 1358 1827 Praenestinaeiad

279 1864 350 1901 occas
365 1850 475 1913 propter
491 1848 662 1909 gravitatem,
681 1847 743 1910 quia
761 1860 806 1897 se·
842 1845 981 1897 oraculum
988 1842 1360 1909 Delphicumtransieit.pr·

279 1926 419 1975 mitonium
436 1925 479 1972 est
494 1922 646 1981 inventum,
665 1924 695 1971 ut
710 1924 805 1970 acutae
843 1922 914 1985 σμολ
930 1922 1021 1971 autem
1037 1911 1070 1969 asi
1083 1919 1134 1968 καλ
1155 1915 1291 1979 ποικίλως
1306 1930 1360 1977 κως

278 1996 803 2060 vocesgravibusconsonarentnscaou.
842 1996 892 2046 καὶ
915 1992 1016 2057 σοφῶς
1040 1988 1199 2065 ᾐνιγμένα.
1232 1991 1357 2055 Aristoph.

279 2073 385 2123 Codicis
406 2073 509 2122 Monac.
527 2072 635 2121 aristot.
654 2068 742 2120 Probi.
763 2069 803 2129 49,
842 2070 947 2134 aquea
955 2082 997 2133 sq.
1016 2068 1087 2121 Plato
1098 2068 1248 2132 Legg.i.p.
1259 2068 1314 2117 ris.
1328 2066 1357 2115 C:

279 2145 328 2196 ts:
356 2139 568 2213 ἡὺποδωριστλ
585 2135 659 2207 ἦθος
676 2138 737 2202 ἔχει
753 2157 805 2206 μὲ
843 2140 965 2212 κοιηιὴς
976 2140 1181 2211 ὁπότανὲντῷ
1192 2140 1303 2213 τρίποδι
1314 2136 1359 2203 τῆς

277 2218 456 2288 γαλονιρεπὲς
467 2218 516 2267 καλ
527 2214 682 2281 στάσιμον,
696 2214 804 2268 διὸκαὶ
842 2216 963 2286 Μούσης
979 2220 1146 2284 καθίζηται,
1164 2214 1232 2267 τότε
1249 2212 1301 2267 οὐκ
1316 2208 1359 2279 ἔμ-

277 2289 532 2363 κιθαρῳδικωτάτη
555 2291 616 2340 ἐστὶ
635 2288 693 2340 τῶν
709 2286 805 2363 ἁρμο-
842 2310 924 2365 appas
949 2292 1036 2344 ἐστιν.
1062 2296 1148 2357 Atque
1166 2292 1219 2341 hoo
1236 2288 1358 2343 versiculo

276 2365 362 2418 νιῶν·
384 2363 476 2416 ταῦτα
491 2363 516 2414 δ’
533 2358 626 2429 ἄμφω
643 2361 672 2430 (ἦ
691 2360 804 2415 isoio·-
843 2368 921 2421 simul
943 2368 1074 2431 significat
1094 2367 1240 2417 chororum
1258 2369 1286 2415 et
1300 2363 1358 2414 suh-

277 2442 353 2514 pwrt
378 2441 428 2491 sut
452 2434 471 2503 ἡ
497 2434 702 2509 ὑκοφρνγιονί)
724 2438 803 2511 χορῷ
842 2444 979 2494 timitatem
997 2440 1244 2500 etohsouritatem‚
1263 2452 1313 2504 qna
1327 2440 1358 2487 in·

276 2510 529 2584 μὲνὰνάρμοοτα,
547 2508 805 2579 recusantesq—
841 2517 948 2568 tardum
965 2516 1046 2566 etiarn
1063 2516 1178 2577 antiquis
1194 2516 1272 2577 quasi
1290 2516 1358 2563 invo-

277 2588 331 2658 νῆς
339 2587 500 2659 οἰκειότερα
509 2587 568 2640 κτλ.
581 2590 729 2650 -Severt's,
744 2602 801 2639 voc.
841 2590 888 2641 iuti
905 2589 1073 2641 videbantur.
1098 2590 1227 2639 Ceterum
1245 2590 1355 2638 haeovv.

277 2667 436 2731 pierumque
454 2666 487 2715 de
500 2664 624 2729 personis
636 2664 802 2728 usurpatum,
841 2665 972 2715 sta-att.
986 2664 1021 2714 ad
1037 2666 1199 2713 Graecarum
1218 2661 1358 2725 tragoedis·
1437 2664 1438 2691 ³

276 2741 321 2791 hic
338 2741 372 2791 de
390 2742 447 2789 arte
459 2740 572 2791 musica.
591 2738 631 2788 Cf.
643 2752 669 2787 v.
683 2738 740 2787 tot.
753 2737 802 2788 Od.
841 2752 902 2789 rum
914 2739 1011 2789 choros
1022 2738 1162 2788 dumtaxat
1178 2736 1271 2787 reterri
1287 2746 1357 2799 appa

275 2816 302 2874 t,
316 2817 340 2875 t,
353 2814 383 2863 9:
402 2826 503 2863 merce
513 2815 588 2863 Mosa
604 2813 758 2875 tropoertiae.
775 2840 801 2848 -
841 2816 897 2872 rat;
916 2812 950 2863 de
962 2812 1054 2876 paucis
1065 2810 1115 2862 iliis
1127 2812 1226 2863 Latinis
1236 2813 1303 2862 haec
1313 2808 1357 2858 dici

276 2888 333 2937 tutti
356 2888 490 2948 eceman]
517 2888 597 2947 «Quo
623 2885 804 2936 aemularetur
842 2888 1037 2952 nonpoterant.
1055 2888 1088 2937 At
1102 2898 1168 2937 vero
1180 2884 1358 2937 neminemtu·

276 2963 408 3012 musicam
417 2960 626 3016 concitatiorem,
639 2962 730 3022 poesis
742 2960 804 3009 oho-
841 2976 904 3027 gere
930 2963 1019 3027 potest
1039 2963 1065 3011 in
1084 2963 1138 3011 toto
1155 2960 1208 3010 hoc
1226 2962 1261 3011 de
1278 2959 1357 3011 choris

278 3036 332 3084 rica
355 3034 412 3096 ipsa
432 3045 541 3096 quoqne
561 3034 718 3083 concitatior
735 3034 803 3084 iacta
841 3037 948 3087 Graecis
960 3034 1019 3086 ioco
1031 3034 1142 3085 mirifice
1154 3036 1264 3085 misceri
1275 3032 1357 3085 attau-

276 3110 320 3158 est
329 3106 435 3166 atttriti,
451 3106 479 3155 id
491 3108 546 3167 est,
565 3108 665 3157 creavit
676 3107 727 3157 sihi
740 3108 801 3171 (Sat.
841 3111 904 3161 dam
930 3113 957 3159 et
978 3108 1067 3160 lenem
1090 3109 1227 3172 quandam
1245 3110 1354 3166 ironiam,

276 3184 302 3243 t,
314 3183 341 3244 λ,
353 3180 405 3244 93.)
422 3184 504 3245 atque
518 3181 664 3244 assumpsit
673 3180 803 3232 elocutio-
841 3186 966 3249 qnoniam
979 3184 1089 3247 quidem
1098 3184 1196 3235 choros
1206 3182 1355 3247 praesertim

277 3270 340 3307 nem
358 3269 374 3305 a
390 3254 489 3319 tolgan*
510 3255 704 3307 consuetudine
724 3255 802 3319 ionga
840 3257 1003 3321 Aeschyleos
1022 3258 1128 3308 Horatio
1146 3257 1306 3309 difficiliores
1321 3257 1355 3305 in·

276 3333 424 3392 remotam,
451 3330 523 3381 unde
546 3328 677 3381 difficilior
693 3336 803 3395 semper
841 3332 946 3384 teileotu
955 3334 1036 3395 atque
1045 3330 1216 3383 obscuriores
1224 3334 1295 3383 visos
1303 3340 1353 3380 esse

276 3406 412 3458 intellectu
429 3410 456 3456 et
471 3406 642 3457 oraculorum
658 3405 751 3457 similis
763 3406 803 3456 ia·
839 3408 883 3457 vix
894 3408 1037 3471 quisquam
1050 3406 1165 3469 negabit.
1185 3408 1301 3458 Pertinet
1311 3404 1355 3453 huc

277 3484 319 3531 cta
337 3484 391 3541 est,
415 3481 512 3545 partim
534 3477 637 3531 nobiles
653 3492 803 3545 gravesque
841 3482 921 3531 etiam
938 3480 1353 3543 communicassemus

277 3553 395 3623 γνώμας
412 3556 566 3620 proterens,
590 3557 701 3619 partim,
726 3556 803 3619 quasi
841 3556 975 3605 remotum
1002 3568 1017 3605 a
1046 3568 1171 3605 sermone
1198 3556 1352 3620 quotidiano,

277 3632 336 3694 ipse
349 3631 447 3679 chorus
458 3630 536 3681 taturi
549 3642 647 3693 gnarus
661 3632 742 3690 essct,
756 3642 804 3679 oc·
841 3630 917 3680 onius
937 3630 1068 3693 poetieam
1087 3630 1231 3693 imaginem
1249 3626 1354 3681 referunt

279 3702 350 3753 cutte
367 3704 530 3766 significans,
553 3716 636 3766 wem
652 3703 741 3754 iabuia
759 3717 804 3754 es·
841 3703 932 3754 iambi.

279 3780 321 3828 set
338 3777 437 3828 exitum
455 3778 591 3839 habitura,
613 3779 656 3826 cni
674 3790 804 3842 persona·
873 3778 921 3827 Vs.
934 3776 1072 3828 tit-250.
1090 3778 1258 3842 atragoedia
1275 3772 1353 3827 transit

280 3864 341 3901 rum
357 3864 443 3914 mors,
463 3853 506 3902 oui
523 3852 633 3902 victoria
650 3852 703 3902 tato
721 3852 805 3903 desti·
842 3851 875 3902 ad
898 3850 991 3901 drama
1015 3853 1174 3915 satyricum,
1201 3854 1277 3905 cuius
1292 3850 1352 3911 legas

281 3928 462 3978 necasset.»
481 3955 509 3964 u
534 3926 656 3989 [amacio
674 3926 804 3989 praeceps]
842 3927 951 3991 copiose
979 3929 1155 3991 exponuntur.
1194 3928 1284 3977 «Cum
1309 3932 1351 3973 non

281 4002 324 4051 sic
349 4002 429 4051 etiam
450 4002 551 4051 Graeci.
579 4002 654 4051 Phot.
672 4001 738 4051 Cod.
756 4002 802 4051 8⁴:
843 4004 869 4051 in
890 4014 923 4051 eo
940 4002 1094 4050 versaretur
1119 3989 1220 4063 poests'
1234 3998 1350 4061 macno.

281 4076 385 4145 τροπαὶ
400 4069 562 4139 ἀπότομον,
582 4077 669 4139 «tropi
682 4076 807 4127 audacio-
843 4078 873 4124 ut
894 4087 990 4137 graves
1013 4086 1143 4139 personas
1165 4074 1230 4124 risui
1251 4076 1277 4123 et
1298 4082 1351 4120 oon·
1433 4080 1434 4083 ’

281 4162 352 4199 ras.»
378 4150 436 4199 Non
448 4150 489 4198 est
499 4149 590 4210 igitur,
608 4153 638 4199 ut
648 4149 692 4199 aiii
702 4149 804 4211 volunt,
844 4150 956 4213 temptui
980 4149 1136 4213 exponeret,
1155 4147 1206 4198 sed
1229 4151 1258 4197 ut
1274 4154 1351 4197 serva·
1433 4140 1434 4159 ¹

282 4224 434 4287 «praecipiti
452 4224 527 4287 quasi
540 4236 620 4274 cursu
629 4226 753 4275 terrenus
764 4226 806 4274 in·
844 4226 869 4273 ta
888 4234 980 4273 aarum
997 4223 1123 4285 dignitate
1144 4224 1293 4285 satyrorum
1311 4226 1351 4279 pt*
