2925 4892
274 378 336 443 lle
637 377 767 430 sonam
784 379 1005 432 saisselinus

303 536 481 604 ‘Candidus
504 535 647 623 imperti3
671 536 697 600 si
721 555 801 612 non,
826 535 875 601 lais
898 547 990 602 utere
1012 555 1150 602 mecum.

342 717 382 766 68.
401 716 459 780 ooo]
477 715 513 765 nil
529 715 591 766 bod.

274 879 407 932 personae
417 867 607 916 inservientem
616 867 719 916 servat:
735 866 800 926 «liu,
838 866 939 914 rectius.
960 866 998 914 De
1011 863 1156 914 imitatione
1168 866 1260 914 eutem
1271 866 1369 915 utrius

275 954 344 1005 quae
357 945 386 992 lu
398 955 468 992 nuno
480 942 569 1005 ipsum
586 939 678 1002 legis·
699 965 728 976 -
742 953 803 988 con·
839 939 880 989 vis
903 941 947 989 hic
968 939 1085 1008 cogitare
1103 952 1169 990 sane
1187 937 1259 989 stulti
1284 939 1367 998 toret,

275 1016 355 1080 didas]
374 1015 503 1080 «simplici
520 1014 800 1068 aesinoeroaalmo:·
840 1027 930 1078 neque
955 1012 1090 1062 attulerim
1116 1014 1193 1076 quasi
1218 1014 1368 1064 sententiae

274 1095 305 1142 ut
321 1093 404 1156 Epist.
419 1094 446 1152 l,
465 1090 494 1151 l,
513 1092 537 1140 l.
556 1092 689 1140 isocrates
708 1090 742 1139 ad
755 1090 802 1139 Ni·
840 1089 999 1139 Horatianae
1015 1087 1152 1152 exemplar
1170 1100 1232 1137 cum
1250 1086 1369 1137 Obbario

275 1163 438 1228 coclgdil:
457 1157 803 1234 Χρῶτοτςείρημένοιςῆ
840 1163 1028 1223 Clo.'l'uso.lt,
1047 1161 1094 1224 28,
1113 1162 1161 1212 82:
1190 1161 1371 1223 Nooes,'quoe

274 1237 352 1304 ζήτει
368 1237 472 1298 βελτίω
486 1234 604 1288 τούτων.
623 1238 706 1288 Plaut.
723 1238 799 1302 Epid.
838 1237 973 1300 fortissime
988 1237 1019 1286 de
1035 1235 1109 1286 leuto
1124 1236 1178 1285 otto
1198 1236 1248 1285 diet
1265 1241 1368 1297 pitteus,

274 1315 304 1374 2,
323 1314 351 1374 Ξ,
370 1314 416 1363 80:
438 1313 529 1374 Immo,
547 1312 704 1376 siploeebit,
722 1315 802 1362 utitor
838 1315 876 1374 et,
899 1312 1022 1373 quomodo
1043 1323 1110 1361 owse
1127 1316 1174 1371 est,
1197 1310 1246 1360 uisi
1263 1309 1325 1371 quid
1341 1317 1371 1358 tu

275 1387 423 1446 Cossitium
441 1387 652 1449 decuplocebil,
665 1388 800 1450 reperitote
838 1385 927 1435 metius
943 1385 1069 1443 aetutem,
1089 1385 1164 1435 amm
1180 1384 1315 1432 turisdme.

627 1737 1007 1798 EXGUBSUS.

341 1901 420 1951 Missa
438 1903 479 1950 esl
496 1899 609 1965 Epistola
629 1899 663 1949 ad
680 1899 831 1950 Numicium
849 1898 1000 1961 quendam,
1018 1899 1155 1949 hominem
1168 1912 1280 1963 prorsus
1293 1901 1375 1963 igno-

276 1987 346 2044 tum,
365 1983 400 2033 de
418 1983 493 2036 cuius
516 1982 604 2034 indole
626 1997 658 2034 ao
681 1981 802 2033 moribus
824 1984 867 2032 vix
891 1982 1038 2046 quidquam
1057 1998 1090 2032 ex
1112 1984 1169 2046 ipsa
1192 1981 1297 2044 elicias,
1321 1987 1376 2035 etsi

277 2069 331 2118 mm
349 2065 431 2118 multa
449 2069 475 2117 in
493 2081 525 2117 ea
543 2065 626 2118 oeulis
644 2065 703 2131 plus
721 2079 805 2129 wem
820 2063 923 2129 lynceis
946 2065 1013 2116 vidit
1034 2065 1202 2127 wiomadus,
1230 2070 1260 2116 ut
1283 2067 1375 2118 tacete

276 2150 372 2201 dixerit
395 2149 505 2211 lambe,
531 2151 643 2202 Numluli
665 2149 782 2214 effigiem
803 2148 838 2199 ab
863 2150 915 2200 hoc
936 2161 1093 2213 expressam
1118 2148 1281 2200 simillimam
1309 2165 1374 2202 esse

276 2236 352 2285 Demi
377 2235 581 2285 Atheniensium
598 2247 613 2282 a
631 2235 771 2284 Parrhasio
789 2235 865 2298 picti,
885 2235 911 2284 in
933 2247 987 2297 quo
1004 2235 1113 2284 auctore
1130 2231 1213 2283 Plinio
1230 2234 1263 2283 ll.
1277 2236 1311 2284 N.
1326 2235 1374 2295 36,

277 2319 317 2380 lo,
331 2317 383 2380 36.)
402 2318 496 2368 artilex
511 2317 620 2368 volebat
636 2318 722 2367 muto
736 2317 836 2379 positor
853 2318 986 2367 ostendere.
1011 2317 1113 2366 Verum
1130 2317 1158 2366 et
1173 2315 1336 2369 wielandus
1348 2322 1377 2368 et

277 2401 322 2465 qui
340 2413 403 2452 eum
420 2403 506 2452 secuti
527 2404 589 2452 sunl
610 2415 643 2452 eo
666 2402 783 2451 maxime
802 2401 908 2465 decepti
926 2413 987 2450 esse
1003 2400 1141 2462 videntur,
1165 2400 1237 2464 quod
1255 2401 1376 2453 interro-

276 2483 441 2550 gatiunculas
467 2483 524 2536 illas
546 2487 662 2536 minutas
688 2487 714 2536 et
740 2486 912 2550 imperativos
934 2485 1083 2534 Stoicorum
1099 2485 1170 2534 viam
1188 2499 1220 2536 ae
1237 2485 1377 2536 rationem

275 2569 423 2620 relerentes
441 2568 476 2620 ad
496 2569 585 2633 ipsum
606 2569 758 2620 Numicium
776 2569 887 2632 eiusque
906 2581 996 2619 mores
1014 2570 1116 2618 temere
1135 2567 1307 2620 rettulerunt.
1346 2571 1376 2620 ld

276 2667 360 2706 unum
377 2653 490 2706 tortasse
509 2654 664 2718 perspicere
682 2651 757 2714 licet,
783 2653 918 2713 Numicio,
944 2652 1032 2702 iuveni
1049 2652 1120 2702 bona
1141 2651 1230 2703 indole
1247 2655 1377 2718 praedito

277 2737 401 2803 (alioquin
419 2739 492 2790 enim
509 2739 633 2789 Horatius
651 2749 714 2787 eum
731 2737 759 2786 iu
774 2734 907 2786 sodalium
923 2748 1036 2786 suorum
1055 2748 1199 2786 numerum
1219 2749 1274 2787 non
1292 2752 1377 2790 rece-

275 2823 366 2887 pisset)
385 2822 524 2874 eonsilium
536 2823 609 2883 dari,
627 2823 658 2870 ul
668 2822 773 2871 eertum
785 2819 924 2884 quoddam
934 2832 1072 2870 summum
1083 2821 1134 2871 sihi
1145 2821 1249 2871 bonum
1261 2824 1376 2881 statuat,

277 2906 350 2971 quod
368 2905 465 2956 deinde
484 2907 637 2956 constanter
655 2906 747 2955 teneat
762 2917 851 2968 neque
868 2905 895 2954 in
906 2903 1014 2954 vivendi
1025 2917 1125 2966 genere
1138 2906 1273 2967 perpetuo
1285 2908 1376 2965 nutet,

277 2989 508 3052 quemadmodum
528 2988 628 3038 iaciunt
644 2987 766 3051 plericpie
790 2985 926 3038 mortales.
963 2989 1070 3051 «Aperit
1092 2985 1181 3037 locum
1204 2988 1239 3037 de
1263 2999 1379 3038 summo

277 3071 358 3122 bono.
393 3073 422 3121 ln
440 3083 493 3134 quo
511 3070 649 3121 tractando
666 3073 758 3135 partes
775 3072 829 3134 agit
845 3071 926 3122 modo
944 3070 1106 3136 philosophi,
1126 3071 1171 3135 qui
1183 3084 1293 3121 omnem
1306 3071 1379 3122 bea-

276 3153 418 3204 titudinem
441 3155 467 3204 in
493 3147 681 3222 ᾰθαυμαστὶᾳ
707 3155 786 3206 sitam
812 3154 905 3214 docet,
932 3155 1013 3204 modo
1038 3155 1153 3205 hominis
1175 3155 1302 3216 llomani,
1330 3157 1379 3220 qui

278 3251 416 3288 summum
433 3237 535 3289 bonum
552 3239 622 3289 vitae
643 3238 793 3290 commodis
815 3241 843 3288 et
864 3238 1004 3302 praesidiis
1027 3240 1144 3289 metitur.
1181 3240 1237 3299 Qua
1260 3239 1380 3302 quidem

278 3323 304 3372 in
321 3335 367 3385 re,
386 3322 486 3384 idest,
505 3323 531 3372 in
548 3323 725 3386 permixtione
744 3325 824 3386 atque
843 3323 1028 3372 coniunctione
1051 3336 1121 3386 quae
1138 3323 1243 3372 videtur
1263 3337 1377 3382 rerum,

277 3408 396 3458 cernitur
412 3409 507 3472 poetam
525 3419 569 3457 ars
586 3408 667 3470 atque
683 3408 769 3458 virtus
786 3405 930 3457 scribendi.
966 3407 1039 3457 llaec
1060 3407 1096 3456 ita
1119 3405 1185 3468 tagit
1200 3407 1379 3470 interpretes,

276 3495 307 3543 ut
332 3504 386 3542 non
410 3489 525 3542 mullum
550 3489 673 3551 abesset,
701 3492 731 3540 ut
755 3488 866 3554 quidam
890 3494 1042 3541 monstrum
1064 3490 1211 3541 dicerent.»
1236 3491 1378 3544 (lemme.

277 3575 352 3626 ldem
369 3574 500 3640 Epistolae
519 3575 707 3638 argumentum
724 3573 777 3624 hoc
793 3575 932 3638 proponit:
953 3575 1015 3624 «Est
1025 3587 1162 3625 summum
1175 3574 1279 3624 bonum
1290 3575 1380 3641 idque

277 3659 393 3724 positum
418 3659 445 3710 ln
470 3673 502 3709 en
529 3657 635 3708 vivendi
661 3659 780 3719 ratione,
807 3659 838 3706 ut
857 3657 1090 3722 perturbationum
1110 3671 1206 3722 expers
1228 3659 1280 3720 sis,
1310 3661 1380 3711 nihil

278 3755 366 3806 neque
392 3743 503 3806 cupiens
526 3747 578 3792 nec
601 3743 705 3792 limans.
743 3739 844 3802 Quodsi
866 3741 934 3791 haec
957 3743 1079 3792 condicio
1101 3747 1127 3792 te
1144 3741 1234 3792 reddit
1249 3743 1380 3806 perlecta

277 3825 401 3886 beatum,
420 3826 490 3876 hanc
507 3839 586 3876 unam
603 3827 700 3876 ceteris
718 3825 813 3876 studiis
830 3826 936 3876 omissis
953 3839 1068 3889 sequere
1081 3827 1214 3876 virtutem.
1233 3826 1265 3875 V.
1279 3829 1379 3880 t—tt.

278 3910 351 3969 Quae
376 3909 398 3958 si
424 3908 458 3958 ad
483 3909 554 3960 bene
578 3909 723 3961 vivendum
747 3923 801 3960 non
818 3911 882 3961 salis
899 3923 979 3974 posse
997 3909 1144 3971 videbitur,
1171 3908 1206 3959 ad
1223 3909 1381 3962 maiorm

277 4006 415 4044 summum
432 3992 534 4045 bonum
551 3997 578 4045 te
596 3994 688 4047 center
705 3996 731 4044 et
748 3995 775 4044 in
797 4007 831 4044 eo
854 3995 1045 4059 consequendo
1068 3995 1145 4059 quasi
1167 3995 1380 4047 tabernaculum

277 4077 346 4128 vitae
359 4074 469 4128 colloca.
488 4077 518 4127 V.
534 4079 639 4128 tlt-st.
667 4078 743 4129 Idem
754 4079 921 4141 laciendum,
940 4093 1003 4130 oum
1014 4079 1061 4130 tihi
1071 4079 1245 4144 proposueris
1261 4082 1380 4130 tertium

278 4159 415 4226 quoddam
432 4163 531 4212 sumrm
548 4162 611 4213 boni
629 4175 728 4225 genus,
748 4162 822 4225 quod
838 4163 956 4213 cernitar
972 4164 999 4213 in
1015 4165 1139 4214 teneus
1153 4161 1334 4227 amplitudine
1346 4179 1381 4213 ac

279 4243 421 4308 splendore
440 4245 478 4308 (V.
491 4244 620 4308 tlt-ee),
640 4245 682 4296 vel
700 4248 839 4309 quartum,
858 4245 932 4310 quod
948 4247 1029 4297 situm
1040 4249 1120 4296 estin
1136 4245 1278 4296 ouoloeto
1294 4261 1381 4298 men-
