2925 4892
524 380 583 430 Lm.
603 382 633 431 11.
668 382 736 433 SAT.
755 384 797 433 tv.

158 536 372 621 Nequaquam
395 534 473 600 satis
497 534 528 600 in
551 556 588 603 re
610 558 674 605 una
696 558 891 607 consumere
912 560 1039 618 euram,

159 655 197 722 Ut
218 654 246 720 si
268 655 343 743 quis
366 654 470 722 solum
493 654 571 733 boe,
597 657 680 724 mala
702 679 744 726 ne
766 660 938 738 sintriae,
962 660 1101 741 laboret,

158 775 252 855 Quali
276 774 448 863 perfundat
469 776 576 864 pisces
598 799 736 846 securus
758 780 853 848 oiive.
1161 788 1203 850 50

157 898 294 965 iiassiea
316 898 344 963 si
367 898 460 966 eaelo
482 918 647 986 suppones
671 902 745 967 vina
767 922 900 981 serene,

155 1020 334 1093 Nocturna,
358 1020 386 1085 ei
408 1018 489 1107 quid
510 1020 611 1089 crassi
634 1030 700 1100 est,
723 1023 909 1091 tenuabitur
930 1044 1010 1091 eura

156 1140 193 1205 Et
212 1138 354 1207 denudet
374 1138 458 1208 odor
478 1142 587 1209 nervis
610 1142 775 1223 inimiens;
797 1154 830 1211 at
850 1143 903 1211 iiia

156 1262 319 1349 lntegrum
341 1260 481 1348 perdunt
501 1260 566 1330 lino
586 1262 695 1331 vitiata
717 1284 878 1353 saperem.

144 1472 201 1508 ram
219 1460 329 1522 aegium
347 1462 408 1523 poet
424 1472 449 1509 v.
468 1462 637 1523 Noe-neuen
653 1462 828 1513 inserendum
843 1468 880 1513 eat
895 1462 938 1515 vei
954 1462 1098 1527 beandum
1114 1470 1167 1523 Ne-

144 1546 276 1595 quaquam
300 1535 361 1583 retia
384 1538 420 1583 eet
444 1534 471 1584 in
495 1548 549 1585 rem
564 1548 644 1585 annm
660 1536 785 1588 ieram
800 1551 891 1589 mam
906 1540 1003 1592 anadet
1018 1542 1165 1607 bonitatum

143 1610 203 1659 tatia
218 1614 257 1659 ert
274 1621 303 1658 ra
319 1609 395 1659 Vnae.
415 1636 443 1647 -
462 1610 504 1659 ut.
522 1622 649 1673 menna
664 1608 808 1671 bsecras.
827 1614 940 1675 (Uinea,
958 1628 1002 1678 cp.
1020 1617 1167 1681 aliquidem

143 1684 169 1733 in
194 1682 256 1747 pina
281 1682 377 1733 decem
405 1682 604 1748 exemplaribus
627 1698 750 1749 maner
773 1687 878 1747 inveni,
906 1701 1034 1751 meree
1056 1692 1084 1741 in
1109 1692 1167 1743 anie

144 1755 369 1821 uagantenenst.»
386 1758 488 1819 Bam)

111 1935 218 1999 phyrin:
248 1934 633 1998 «Sapientbieerupore,
672 1949 788 2000 querum
815 1938 931 1990 inventio
951 1936 1134 2003 iongeminua
1155 1945 1197 1995 in-

112 2009 388 2070 mesoptamia.-
417 2008 454 2058 Tu
473 2007 587 2072 intellige
600 2008 633 2059 de
672 2012 741 2075 genii
754 2014 997 2079 requirit-entia]
1012 2017 1080 2066 Sane
1092 2018 1119 2067 in
1131 2018 1198 2069 mui-

112 2096 154 2143 en,
174 2083 220 2147 qni
238 2083 321 2145 evenit
338 2084 574 2133 temerationem
590 2096 634 2133 ru-
671 2085 704 2134 tis
722 2084 771 2136 iiiia
788 2087 917 2151 exemptis
934 2088 1081 2141 Horatianis
1093 2102 1109 2150 a
1119 2092 1198 2142 Bent-

109 2170 212 2219 pornm,
237 2170 263 2205 v.
283 2156 334 2219 36.)
357 2168 409 2206 nnn
433 2157 534 2207 temere
563 2156 632 2208 aiiud
670 2157 722 2209 ieio
744 2158 828 2211 aliatia
849 2173 959 2226 aemper
983 2165 1116 2229 reperitur
1135 2166 1198 2216 entia

110 2231 207 2296 leporis
230 2232 344 2281 nuatum
366 2228 461 2293 eeiiget
481 2230 530 2281 nisi
550 2244 635 2281 annor
670 2238 716 2294 ert,
736 2246 874 2297 nunquam
889 2236 952 2285 antia
967 2236 1114 2289 dumtaxat.
1148 2242 1197 2290 nt-

111 2305 318 2369 (Sebuttarn),
346 2305 445 2369 quippe
470 2306 515 2368 qui
541 2306 632 2371 optimi
670 2308 760 2357 tamen
786 2320 881 2358 omnes
909 2310 1079 2361 coniecturae
1106 2313 1196 2365 adhue

110 2382 160 2431 sint
175 2380 306 2444 seperta·
335 2379 422 2428 ,teron
441 2380 466 2429 et
487 2380 537 2429 Fen
554 2379 635 2444 expli-
670 2382 822 2445 propositae
847 2395 957 2447 prnraue
982 2386 1044 2436 eunt
1064 2398 1196 2451 nuperve-

10 2456 11 2501 3
109 2458 169 2504 eant
187 2451 325 2503 elumbes»
349 2454 441 2502 eontra
462 2452 633 2503 eonsuetudi—
670 2468 779 2505 caueae.

109 2542 169 2579 nem
188 2528 317 2578 Latinam.
353 2526 392 2577 ct,
408 2528 461 2575 Sat.
478 2528 507 2588 i,
531 2526 560 2587 8,
582 2528 631 2577 89ι
701 2529 786 2578 etet.
800 2530 918 2593 tiamne]
931 2544 963 2580 ex
976 2532 1129 2596 Campania,
1143 2536 1195 2584 ter·

108 2604 139 2652 ut
155 2603 269 2665 tenum
285 2601 396 2662 avolsos,
422 2606 451 2651 ut
474 2602 552 2651 mrito
570 2616 633 2653 me-
670 2604 696 2652 tii
714 2602 815 2653 ordinis
832 2605 923 2654 vinnm
941 2606 1009 2656 teate
1025 2606 1106 2656 Plinio
1117 2608 1148 2657 ii.
1162 2609 1192 2657 N.

11 2672 12 2683 ¹
107 2678 174 2738 nius,
193 2690 288 2727 emtor.
670 2675 715 2737 tt,
734 2677 758 2726 8.
789 2676 932 2737 ctont,
952 2679 979 2738 i,
999 2680 1038 2728 ⁴9.
1059 2679 1194 2744 -crurn]

139 2751 229 2803 it-i8.
260 2764 324 2813 quea
348 2756 445 2801 nutura
469 2752 536 2814 cet]
563 2764 631 2815 equo
671 2750 765 2813 «spissi
782 2754 810 2800 et
826 2749 929 2811 acerbi,
953 2754 1033 2814 atque
1050 2756 1194 2817 propterea

107 2826 188 2877 medo
199 2826 367 2876 stomachum
380 2826 508 2887 afficiant,
521 2827 566 2889 qui
579 2825 632 2877 eibi
668 2823 772 2875 bibenti
788 2826 877 2875 minua
894 2826 987 2889 grati.»
1002 2852 1029 2861 -
1043 2826 1194 2891 tenwbitrtr]

107 2900 196 2961 iaciie,
212 2901 258 2964 qui
270 2898 411 2950 difficulter
421 2902 630 2964 concoquantur,
669 2895 778 2950 Plinii.
793 2900 822 2949 N.
840 2898 884 2959 tt,
903 2900 952 2949 at:
971 2900 1129 2963 Cantpeniae
1146 2915 1195 2953 ne·

107 2977 151 3039 qui
174 2988 228 3025 non
249 2974 324 3025 facile
340 2976 558 3039 corrumpantur,
585 2974 630 3038 qui
667 2974 788 3023 bitinniam
810 2973 887 3036 (vina)
911 2976 1025 3038 arpenta
1046 2975 1091 3025 aab
1109 2977 1151 3026 die
1166 2977 1194 3027 in

108 3050 148 3101 vei
165 3046 246 3101 simui
264 3052 291 3098 et
307 3047 379 3098 alant
396 3050 422 3099 et
433 3050 554 3099 ventrem
566 3047 632 3099 moi-
666 3047 873 3098 conuentorum
883 3049 942 3111 reia,
953 3050 1024 3112 imre,
1036 3050 1124 3111 imbre,
1136 3064 1195 3101 νοη-

107 3124 168 3174 iiant
192 3122 236 3173 vel
260 3121 356 3173 leniter
376 3122 493 3173 eundern
515 3120 631 3173 adstrin-
667 3123 699 3172 tia
715 3122 871 3183 eptimam
894 3125 1001 3175 mnatre.
1036 3125 1075 3176 Ci.
1096 3125 1191 3177 Athen.

107 3202 192 3261 gant»,
211 3198 243 3245 ut
259 3195 386 3247 Celsinnis
400 3192 543 3267 φράσεσιν
559 3198 628 3247 utar.
667 3198 695 3258 t,
714 3196 754 3246 59.
776 3224 804 3233 -
820 3198 883 3246 eder
897 3200 981 3248 nante
994 3199 1119 3264 interimar]
1137 3201 1194 3252 evin

107 3270 151 3321 Alii
177 3270 311 3335 explicant
333 3269 367 3319 de
390 3269 554 3334 singulorum
576 3272 631 3321 ori·
667 3268 709 3319 ilia
726 3270 779 3320 vini
791 3274 933 3321 aromatica
946 3272 1109 3336 (bouquet),
1123 3286 1193 3336 qnae

107 3348 177 3408 gine3
204 3346 294 3395 minna
314 3346 388 3395 rente
408 3348 483 3409 puto.
505 3372 531 3381 -
550 3346 629 3409 uetat]
668 3346 747 3395 nimis
763 3346 815 3395 cito
825 3348 949 3409 potorem
961 3344 1065 3397 ebrium
1078 3346 1191 3397 reddit.-

108 3432 168 3483 «pre
196 3430 250 3482 qua
279 3430 341 3469 caro
367 3420 484 3469 tenerior
508 3418 551 3469 vei
577 3420 629 3469 iam
667 3419 723 3469 iioc
740 3420 819 3482 igitur
830 3418 911 3469 modo
924 3419 1194 3471 Maneieeexteuuan-

106 3492 195 3541 durinr
220 3492 290 3541 taeta
311 3490 448 3543 diversum
471 3494 495 3542 in
520 3492 630 3543 modurn
667 3491 700 3541 da
719 3496 792 3552 sunt,
818 3493 985 3555 neutiquam,
1010 3495 1052 3553 nt,
1079 3504 1142 3543 eum
1158 3506 1192 3543 ex

107 3566 257 3629 praeparari
268 3563 376 3627 debeat,
390 3568 418 3616 ut
431 3568 503 3617 reete
515 3567 541 3617 in
553 3579 631 3617 men·
667 3566 744 3617 doliis
773 3567 800 3615 in
823 3566 904 3617 eadee
922 3565 1119 3627 diffunduntur,
1149 3566 1192 3617 vei

107 3641 347 3705 aieeppnnnntur.·
361 3666 389 3675 —
402 3640 631 3691 Antemeranuuiii
667 3640 748 3690 etiam
766 3640 877 3691 demum
894 3642 955 3689 ante
977 3641 1062 3705 ipsam
1080 3654 1192 3706 compo-

108 3712 165 3777 net]
191 3713 259 3763 Vide
276 3714 470 3775 Argumentum
490 3715 569 3763 buiua
586 3717 630 3764 sa·
667 3714 794 3764 tationem
818 3726 868 3777 per
891 3726 1001 3765 saccum
1023 3714 1124 3765 lineum
1144 3728 1192 3765 en-

108 3788 177 3837 tirae.
213 3784 339 3838 Similiter
363 3787 534 3838 Damonenue
558 3787 629 3851 apud
666 3786 767 3846 lentum
786 3800 855 3851 quae
874 3788 922 3839 tuit
938 3790 1018 3839 etiam
1035 3786 1125 3840 Lucilii
1136 3790 1193 3855 opi-

107 3862 197 3910 Athen.
211 3860 240 3921 ³,
259 3860 300 3911 60.
321 3872 439 3924 coquum
456 3860 557 3911 inducit
578 3874 629 3925 pe·
667 3861 710 3911 nin
731 3861 803 3925 apud
824 3863 878 3912 Cic.
899 3861 933 3912 de
957 3864 1029 3913 iinn.
1048 3865 1077 3924 Ξ,
1096 3864 1125 3923 8,
1143 3864 1189 3915 2³:

108 3936 259 3985 ritissimnm
281 3933 418 3985 doctrinae
442 3937 469 3984 et
490 3936 629 3986 Democri-
664 3936 855 3985 utnm--ttr
880 3935 946 3999 (vola
965 3937 1068 3999 manua)
1093 3938 1192 4000 sipbnne

108 4011 162 4059 trae
179 4012 208 4059 et
229 4010 390 4073 Epicureae,
416 4008 556 4073 probeque
574 4009 629 4061 eal·
666 4008 819 4073 (Neebbeber
842 4010 895 4059 reid
918 4010 1079 4075 scientim
1103 4013 1191 4075 Droy·

107 4081 202 4135 lentem
220 4086 343 4133 naturam
360 4086 388 4133 et
400 4082 576 4135 differentiam
591 4086 630 4135 in·
666 4086 722 4146 sen)
741 4085 782 4134 etti
797 4084 835 4134 nii
850 4085 974 4148 Dentnsit,
992 4086 1030 4135 uta
1041 4090 1086 4135 uut
1101 4099 1191 4135 meeu-

108 4159 146 4206 ter
170 4154 348 4223 γλαυκίσκον
373 4156 404 4209 ἐν
432 4156 551 4223 χειμῶνι
578 4160 628 4210 καὶ
664 4160 703 4209 ira
719 4158 856 4209 abentem.
891 4160 969 4224 Apud
985 4159 1129 4224 pleresque
1149 4162 1192 4208 ta·

108 4230 180 4301 θέρει
196 4229 256 4281 κτλ.
279 4258 304 4267 -
319 4232 440 4297 mdc]
458 4232 626 4297 udnicierian,
666 4246 730 4283 men
764 4232 912 4284 invaluerat
945 4234 1076 4285 contraria
1101 4233 1190 4297 opinio
