2925 4892
561 363 622 413 sus
641 363 787 414 scurror.
1158 363 1220 430 757

176 516 329 585 Reddere
351 537 437 604 qnae
459 517 579 584 ferrum
601 517 702 594 valet,
727 537 841 584 exsors
865 519 935 606 ipsa
957 519 1105 600 secandi3
1156 522 1219 588 305

173 639 290 704 Munus
312 648 346 705 et
367 637 507 704 officinm
529 638 573 702 nii
596 638 742 706 scribens
764 639 835 726 ipse
857 637 1001 717 docebo,

172 759 266 826 Unde
289 769 443 847 parentur
465 780 560 846 epm,
584 758 664 846 quid
686 758 751 825 aiat
771 757 952 848 formetque
975 767 1119 848 poetam3

173 878 262 959 Quid
284 879 413 956 deceat,
437 878 516 967 quid
537 899 617 958 non3
641 899 707 967 quo
728 879 844 956 virtus,
868 901 934 968 quo
957 879 1036 948 ierat
1057 901 1158 954 error.

174 998 344 1067 Scribendi
367 1009 455 1068 recte
477 1019 594 1087 sapere
616 1009 665 1066 est
685 1009 718 1065 et
739 1000 932 1088 principium
954 1012 987 1068 et
1008 1002 1092 1068 sons:

174 1123 255 1187 Rem
276 1120 333 1186 tibi
356 1120 539 1188 Socraticae
561 1129 713 1208 poterunt
735 1119 908 1188 ostendere
931 1121 1076 1200 chartae,
1158 1123 1219 1190 3i0

198 1337 255 1388 3044.
268 1338 379 1387 waren
394 1336 495 1386 mnndi
510 1336 540 1395 B,
558 1348 649 1397 sopora
664 1337 720 1398 ipro
737 1337 837 1386 ιεεσιιιιι
854 1349 923 1388 unus
940 1337 1058 1388 Gouodii.
1080 1365 1105 1376 -
1127 1338 1184 1390 300.

162 1416 334 1474 caparronia
349 1412 377 1460 7.
398 1437 426 1447 -
444 1415 481 1460 εει
495 1410 651 1472 principiano
666 1400 710 1460 it!

128 1606 444 1670 nemorumnemorum
451 1603 657 1668 saitemagam.»
696 1604 739 1653 cni
755 1603 806 1654 hoc
824 1603 912 1666 deest,
932 1607 1054 1667 quamvis
1071 1613 1166 1672 m'agnn
1186 1611 1220 1660 ait

131 1708 162 1717 -
180 1681 278 1744 prnpnr
298 1681 352 1729 oica
367 1681 429 1730 cotia
445 1679 507 1745 cet]
526 1681 658 1730 Isocrateo
696 1676 832 1742 praeditus
855 1679 993 1742 phantasia
1016 1683 1042 1729 et
1067 1681 1219 1732 inveniendi

128 1751 276 1817 aliquando
301 1755 492 1816 interrogatus,
521 1765 570 1802 cur
595 1765 657 1802 cum
695 1749 835 1811 iacuitate,
855 1763 993 1815 nunquam
1010 1755 1100 1804 umen
1123 1757 1220 1808 evadet

129 1827 200 1879 alios
220 1830 305 1878 artem
328 1827 435 1878 dicendi
451 1828 572 1888 doceret,
599 1827 657 1891 ipse
696 1827 773 1889 poeta
794 1827 846 1875 hoc
868 1827 973 1876 nomine
994 1826 1119 1890 dignus.»
1155 1831 1219 1881 «Est

129 1901 495 1967 taceret,respondit:1(ai
511 1901 544 1950 nt
553 1895 658 1950 ἀκόναι
696 1901 788 1949 εοιιιιι
807 1911 866 1960 eos,
885 1901 929 1964 qui
948 1899 1039 1950 dicunt
1054 1906 1162 1966 poetam
1179 1905 1221 1954 in-

128 1971 221 2027 norat
244 1941 299 2041 1μιν
328 1981 425 2041 τεμεῖν
450 1970 486 2026 οὐ
511 1973 657 2036 δύνανται,
696 1975 783 2023 sanine
813 1973 940 2024 debere.»
971 1976 1055 2025 Cous.
1079 1977 1217 2034 Cano.-

128 2045 185 2100 τόν
209 2048 241 2099 δὲ
265 2022 386 2120 σίδηρον
405 2044 475 2114 ε’ξέα
491 2050 541 2100 καὶ
557 2063 658 2114 τμητι-
693 2047 880 2109 principiumat
890 2049 955 2111 fons]
973 2049 1081 2112 Dionys.
1093 2051 1173 2113 Long.
1187 2051 1216 2100 8:

130 2119 341 2175 κὸνκοιοίισιν.
347 2126 425 2174 Laura.
437 2123 511 2187 (rint.
518 2125 568 2174 vit.
576 2125 607 2174 X.
614 2124 657 2173 Or
692 2114 770 2170 onst
787 2118 817 2170 04
835 2121 963 2171 ιιέντε--
949 2124 1062 2188 ιι-ηγαι
1078 2125 1152 2186 τινες
1163 2125 1220 2173 εισι

128 2198 228 2264 p..838
239 2199 321 2262 Em)
334 2197 596 2262 niixrrdcnriprelr
583 2199 659 2246 «nui-
695 2209 748 2260 της
757 2189 924 2266 ιιψηγορὶας
932 2193 1134 2262 γονιμωτατσι
1145 2195 1220 2284 πρῶ-

128 2272 190 2322 4ιιιιι
201 2277 297 2335 poema
306 2273 412 2336 epicam
421 2272 657 2334 autdramaticum,
696 2283 747 2319 τον
757 2268 811 2334 μὲν
822 2273 871 2319 και
873 2265 1036 2354 κράτιστον
1048 2266 1082 2320 τὸ
1094 2271 1157 2342 περὶ
1168 2266 1220 2334 τὰς

129 2346 183 2398 aed
204 2358 343 2396 sermones
365 2344 503 2396 dumtaxat
525 2348 553 2397 et
575 2345 658 2408 lyrica
696 2340 837 2408 νοήσεις
863 2339 1129 2415 ἁδρετιὴβολον.-
1160 2347 1220 2396 Rem

130 2418 294 2484 quaedam.
319 2419 659 2471 inesitameniestivairo-
696 2418 759 2482 cet]
776 2419 832 2467 Non
845 2421 909 2468 esta
897 2422 1066 2482 «poematum
1078 2420 1219 2469 materiem

130 2495 191 2550 nia,
205 2506 257 2556 qua
269 2506 375 2557 propria
388 2495 506 2544 carmina
518 2493 656 2544 elevat
696 2494 776 2555 atque
800 2495 1019 2554 argumentumpr
1007 2495 1075 2542 »ut
1095 2491 1150 2543 volt
1169 2497 1220 2543 Αι-

131 2567 225 2631 σρεε]’
218 2568 328 2630 ingenii,
356 2581 426 2631 quas
447 2571 570 2619 constant
585 2570 659 2631 copto
696 2564 773 2626 nolti,
787 2565 834 2615 sed
847 2567 898 2615 hoc
910 2565 983 2615 dicit
1004 2565 1158 2626 Quomodo
1170 2579 1220 2615 au

130 2642 231 2707 (τειιιιιι
242 2641 282 2706 σε)
298 2641 432 2693 umbonem
449 2642 561 2707 (Quintil.
578 2644 618 2704 40,
632 2645 656 2703 4,
696 2641 750 2688 tem
763 2639 898 2702 sapienter
909 2642 1037 2702 rectoque
1050 2651 1111 2688 eum
1123 2639 1219 2688 iudicio

131 2718 202 2780 48),
228 2718 316 2767 innota
338 2729 398 2768 curn
421 2717 488 2768 ieiici
507 2719 658 2768 inventione
697 2711 835 2775 quodlibet
870 2714 1071 2775 argumentum,
1113 2705 1220 2776 ἠθικὸν

131 2793 280 2854 ceteraque
296 2790 420 2842 facultate
435 2793 591 2856 poetiea-
609 2805 659 2852 qun
696 2787 866 2850 praesertim,
887 2785 992 2835 tractari
1010 2785 1121 2845 debeat,
1141 2786 1219 2838 huius

130 2863 201 2928 cet]
227 2864 370 2915 «incultas
395 2867 535 2930 poetica»
560 2867 656 2928 inquit,
696 2860 761 2910 artis
770 2873 881 2924 prorsus
894 2861 997 2922 egregia
1010 2857 1131 2924 exempla
1144 2871 1220 2923 prae-

131 2937 245 2998 «efficii,
264 2941 294 2988 nt
309 2939 344 2988 ad
358 2939 549 3004 perfectionem
561 2952 658 3003 perve—
696 2934 762 2984 nent
773 2935 979 2994 Socraticorum,
991 2935 1120 2998 imprimis
1131 2933 1220 2984 Plato-

130 3013 251 3075 niamus,
277 3025 362 3074 error,
389 3017 418 3063 ut
442 3013 485 3064 rei
507 3013 658 3064 mediocres
696 3009 752 3068 nis,
775 3009 969 3072 Xenophontis,
994 3009 1146 3070 Aeschinis,
1165 3013 1220 3058 An·

129 3099 292 3138 maneamus
311 3086 353 3138 vei
375 3101 486 3153 prorsus
502 3090 658 3138 contemna—
696 3083 818 3134 tisthenis
843 3085 973 3148 scriptam
961 3085 1049 3134 »hos
1074 3083 1146 3134 enim
1164 3083 1219 3134 iera

130 3173 222 3211 mur.»
242 3163 418 3225 -uirtrrr]«
406 3175 470 3212 «ars
490 3163 608 3227 perfecta
631 3165 660 3213 at
696 3159 908 3222 aequiparabunt
929 3160 1094 3222 grammatici
1111 3161 1138 3208 et
1155 3160 1221 3209 rhe-

19 3277 25 3289 .
129 3232 659 3307 mopddparnpraeclaroingeniode-
696 3235 777 3282 tores.
797 3234 903 3283 Lucian.
920 3235 1017 3296 imagg.
1033 3234 1074 3282 47·
1094 3228 1172 3282 Μετὰ
1189 3231 1220 3282 ot

130 3311 216 3361 hita,
696 3320 804 3371 ταυτην
821 3323 840 3370 η
862 3304 914 3371 τῆς
936 3309 1044 3368 σοφιας
1064 3307 1113 3356 not
1135 3309 1220 3356 συνέ-

165 3384 238 3434 309-
247 3385 305 3434 844.
323 3384 658 3449 &mancaepammus
697 3395 770 3442 σεως
795 3376 880 3429 εἰκών
906 3381 1040 3450 γραπτέα,
1068 3375 1165 3443 δεήσει
1187 3379 1219 3431 oi

130 3458 205 3509 unde
223 3459 333 3510 tandem
350 3459 469 3523 pendent
485 3461 573 3509 omnia
590 3471 659 3522 quae
696 3448 769 3520 ἡμῖν
785 3452 911 3505 ἐνταῦθα
928 3451 1040 3502 πολλῶν
1057 3451 1133 3502 τῶν
1126 3468 1219 3524 ταρα-

131 3533 660 3597 adhucproposuipraeceptainvenien-
695 3525 872 3595 δειγμάιων,
898 3521 1027 3598 ἀρχαιων
1056 3521 1112 3576 τῶν
1141 3527 1219 3580 πλεί-

131 3607 173 3665 (44,
200 3605 392 3670 componendi,
412 3609 521 3656 cetera?
546 3609 658 3658 [inicos
697 3616 816 3653 crow—
823 3599 1219 3690 -νραφεϊςδὲκαὶδηαιοιρ-

130 3683 260 3744 apiendo
296 3680 447 3732 Evolvenda
465 3685 545 3744 atque
565 3681 659 3746 exple·
696 3679 742 3744 yot
766 3669 856 3728 adreci
883 3675 1022 3742 Αἰσχίνης
1047 3672 1219 3766 Σωκράτους

130 3756 218 3808 randa
235 3758 276 3806 est
293 3757 348 3805 tota
364 3757 416 3805 viia
440 3756 571 3814 humana,
596 3769 658 3806 nam
695 3751 810 3822 ἑταῖρος
819 3752 870 3802 καὶ
883 3747 972 3813 αυτὸς
980 3747 1153 3840 Σωκράτης,
1170 3769 1219 3818 μι-

131 3845 166 3882 ex
192 3831 244 3881 hac
270 3843 324 3880 una
347 3831 548 3893 investigatione
571 3829 660 3895 prodit
694 3823 854 3892 μηλότατοι
875 3822 1011 3886 τεχνιτῶν
1028 3819 1173 3876 ατιάντων.
1192 3829 1220 3876 et

130 3906 233 3955 veritas
249 3905 367 3968 poetica,
395 3906 539 3969 praecipue
563 3906 589 3954 in
611 3918 658 3969 ge-
696 3902 730 3953 de
739 3903 856 3952 Parasito
866 3901 909 3951 38
923 3895 1091 3965 Atoxtvng‘
1075 3915 1092 3950 ο
1105 3901 1219 3988 Serpa»

132 3991 199 4029 nere
216 3977 389 4028 dramatico»
411 3979 467 4028 Ηοε
483 3980 657 4043 praeceptum
695 3973 785 4038 τικός,
803 3965 891 4038 οὗτος
908 3970 925 4024 ὁ
943 3973 1015 4037 τοὺς
1026 3969 1219 4062 μακρούςκαι

132 4053 244 4117 exponit
266 4065 311 4100 vv.
325 4051 411 4102 840-
422 4053 534 4102 888.-
557 4051 659 4117 sapere]
695 4044 831 4112 ἀστείοις
848 4047 1000 4116 διαλόγοις
1017 4044 1141 4118 γράψας.
1169 4049 1218 4098 Dio

132 4127 229 4187 σοφία
239 4126 288 4176 καὶ
298 4123 458 4189 σύνεσις,α
445 4131 533 4177 «recte
542 4128 658 4190 cogitare
697 4126 834 4188 Chrysost.
847 4125 886 4175 48.
897 4138 923 4189 p.
934 4124 991 4175 480.
1002 4125 1046 4174 44..
1065 4123 1218 4191 Τρέψομαι

132 4203 215 4265 atque
232 4200 349 4251 iudicare
366 4200 400 4251 de
418 4201 544 4252 omnibns
560 4201 657 4252 rebus:
695 4199 726 4251 di
750 4194 807 4266 ἤδη
832 4199 878 4250 ε’τιι
907 4194 974 4261 τοὺς
1002 4192 1216 4268 Σωκρατικούς,
