<?xml version="1.0" encoding="UTF-8"?>
<!DOCTYPE html PUBLIC "-//W3C//DTD XHTML 1.0 Transitional//EN"
    "http://www.w3.org/TR/xhtml1/DTD/xhtml1-transitional.dtd">
<html xmlns="http://www.w3.org/1999/xhtml" xml:lang="en" lang="en">
 <head>
  <title>
</title>
<meta http-equiv="Content-Type" content="text/html;charset=utf-8" />
  <meta name='ocr-system' content='tesseract 3.04.00' />
  <meta name='ocr-capabilities' content='ocr_page ocr_carea ocr_par ocr_line ocrx_word'/>
</head>
<body>
  <div class='ocr_page' id='page_1' title='image "./qhoratiusflaccu03baitgoog/qhoratiusflaccu03baitgoog_0021.png"; bbox 0 0 2925 4892; ppageno 0'>
   <div class='ocr_carea' id='block_1_1' title="bbox 426 1028 866 1135">
    <p class='ocr_par' dir='ltr' id='par_1_1' title="bbox 426 1028 866 1135">
     <span class='ocr_line' id='line_1_1' title="bbox 426 1028 866 1135; baseline -0.027 0"><span class='ocrx_word' id='word_1_1' title='bbox 426 1030 466 1135; x_wconf 84' lang='lat' dir='ltr'>Q·</span> <span class='ocrx_word' id='word_1_2' title='bbox 493 1028 681 1124; x_wconf 81' lang='lat' dir='ltr'>Illllllllll</span> <span class='ocrx_word' id='word_1_3' title='bbox 708 1032 866 1125; x_wconf 76' lang='lat' dir='ltr'>lincol</span> 
     </span>
    </p>
   </div>
   <div class='ocr_carea' id='block_1_2' title="bbox 305 1258 994 1437">
    <p class='ocr_par' dir='ltr' id='par_1_2' title="bbox 305 1258 994 1437">
     <span class='ocr_line' id='line_1_2' title="bbox 305 1258 994 1437; baseline 0.003 -4"><span class='ocrx_word' id='word_1_4' title='bbox 305 1258 994 1437; x_wconf 72' lang='lat' dir='ltr'>stillicon</span> 
     </span>
    </p>
   </div>
   <div class='ocr_carea' id='block_1_3' title="bbox 500 1563 796 1633">
    <p class='ocr_par' dir='ltr' id='par_1_3' title="bbox 500 1563 796 1633">
     <span class='ocr_line' id='line_1_3' title="bbox 500 1563 796 1633; baseline 0.01 -5"><span class='ocrx_word' id='word_1_5' title='bbox 500 1563 617 1631; x_wconf 84' lang='lat' dir='ltr'>LIBER</span> <span class='ocrx_word' id='word_1_6' title='bbox 639 1564 796 1633; x_wconf 76' lang='lat' dir='ltr'>Putatis,</span> 
     </span>
    </p>
   </div>
   <div class='ocr_carea' id='block_1_4' title="bbox 506 1923 782 1987">
    <p class='ocr_par' dir='ltr' id='par_1_4' title="bbox 506 1923 782 1987">
     <span class='ocr_line' id='line_1_4' title="bbox 506 1923 782 1987; baseline 0.007 -2"><span class='ocrx_word' id='word_1_7' title='bbox 506 1923 782 1987; x_wconf 60' lang='lat' dir='ltr'>“mla</span> 
     </span>
    </p>
   </div>
   <div class='ocr_carea' id='block_1_5' title="bbox 135 2065 1029 2260">
    <p class='ocr_par' dir='ltr' id='par_1_5' title="bbox 135 2065 1029 2260">
     <span class='ocr_line' id='line_1_5' title="bbox 135 2065 1029 2151; baseline 0.004 -20"><span class='ocrx_word' id='word_1_8' title='bbox 135 2067 200 2146; x_wconf 87' lang='lat' dir='ltr'>Qui</span> <span class='ocrx_word' id='word_1_9' title='bbox 224 2065 277 2141; x_wconf 89' lang='lat' dir='ltr'>lit,</span> <span class='ocrx_word' id='word_1_10' title='bbox 302 2065 489 2143; x_wconf 80' lang='lat' dir='ltr'>Maecenas,</span> <span class='ocrx_word' id='word_1_11' title='bbox 512 2074 548 2130; x_wconf 90' lang='lat' dir='ltr'>ut</span> <span class='ocrx_word' id='word_1_12' title='bbox 569 2084 681 2141; x_wconf 90' lang='lat' dir='ltr'>nemo,</span> <span class='ocrx_word' id='word_1_13' title='bbox 705 2084 804 2151; x_wconf 73' lang='grc' dir='ltr'>ᾳιιιιιιι</span> <span class='ocrx_word' id='word_1_14' title='bbox 825 2065 887 2132; x_wconf 88' lang='lat' dir='ltr'>sibi</span> <span class='ocrx_word' id='word_1_15' title='bbox 908 2076 1029 2135; x_wconf 87' lang='lat' dir='ltr'>sortem</span> 
     </span>
     <span class='ocr_line' id='line_1_6' title="bbox 136 2184 902 2260; baseline -0.001 -7"><span class='ocrx_word' id='word_1_16' title='bbox 136 2188 204 2253; x_wconf 89' lang='lat' dir='ltr'>Seu</span> <span class='ocrx_word' id='word_1_17' title='bbox 228 2186 313 2253; x_wconf 88' lang='lat' dir='ltr'>ratio</span> <span class='ocrx_word' id='word_1_18' title='bbox 335 2184 462 2253; x_wconf 79' lang='lat' dir='ltr'>dederit</span> <span class='ocrx_word' id='word_1_19' title='bbox 482 2205 543 2252; x_wconf 88' lang='lat' dir='ltr'>scu</span> <span class='ocrx_word' id='word_1_20' title='bbox 566 2185 631 2251; x_wconf 88' lang='lat' dir='ltr'>iors</span> <span class='ocrx_word' id='word_1_21' title='bbox 653 2184 826 2260; x_wconf 86' lang='lat' dir='ltr'>obiecerit,</span> <span class='ocrx_word' id='word_1_22' title='bbox 850 2186 902 2253; x_wconf 92' lang='lat' dir='ltr'>illa</span> 
     </span>
    </p>
   </div>
   <div class='ocr_carea' id='block_1_6' title="bbox 129 2391 1155 2531">
    <p class='ocr_par' dir='ltr' id='par_1_6' title="bbox 129 2391 1155 2531">
     <span class='ocr_line' id='line_1_7' title="bbox 160 2391 1155 2459; baseline 0.001 -16"><span class='ocrx_word' id='word_1_23' title='bbox 160 2395 215 2443; x_wconf 85' lang='lat' dir='ltr'>Sat.</span> <span class='ocrx_word' id='word_1_24' title='bbox 235 2394 257 2443; x_wconf 93' lang='lat'>1.</span> <span class='ocrx_word' id='word_1_25' title='bbox 291 2393 317 2443; x_wconf 76' lang='lat'>2.</span> <span class='ocrx_word' id='word_1_26' title='bbox 340 2392 393 2443; x_wconf 79' lang='lat' dir='ltr'>ulto</span> <span class='ocrx_word' id='word_1_27' title='bbox 410 2393 427 2443; x_wconf 92' lang='lat' dir='ltr'>S</span> <span class='ocrx_word' id='word_1_28' title='bbox 443 2394 472 2443; x_wconf 90' lang='lat' dir='ltr'>et</span> <span class='ocrx_word' id='word_1_29' title='bbox 488 2392 614 2455; x_wconf 81' lang='lat' dir='ltr'>quattuor</span> <span class='ocrx_word' id='word_1_30' title='bbox 637 2391 753 2443; x_wconf 83' lang='lat' dir='ltr'>Pollicrii</span> <span class='ocrx_word' id='word_1_31' title='bbox 777 2392 839 2455; x_wconf 88' lang='lat' dir='ltr'>(non</span> <span class='ocrx_word' id='word_1_32' title='bbox 860 2392 954 2458; x_wconf 90' lang='lat' dir='ltr'>Bbcdp</span> <span class='ocrx_word' id='word_1_33' title='bbox 977 2407 1066 2459; x_wconf 91' lang='lat' dir='ltr'>neque</span> <span class='ocrx_word' id='word_1_34' title='bbox 1089 2396 1155 2447; x_wconf 85' lang='lat' dir='ltr'>Edd.</span> 
     </span>
     <span class='ocr_line' id='line_1_8' title="bbox 129 2467 572 2531; baseline -0.002 -14"><span class='ocrx_word' id='word_1_35' title='bbox 129 2468 240 2531; x_wconf 87' lang='lat' dir='ltr'>praeler</span> <span class='ocrx_word' id='word_1_36' title='bbox 257 2467 338 2517; x_wconf 85' lang='lat' dir='ltr'>Feam</span> <span class='ocrx_word' id='word_1_37' title='bbox 355 2470 383 2517; x_wconf 90' lang='lat' dir='ltr'>et</span> <span class='ocrx_word' id='word_1_38' title='bbox 399 2467 572 2527; x_wconf 77' lang='lat' dir='ltr'>Pottieriuml.</span> 
     </span>
    </p>
   </div>
   <div class='ocr_carea' id='block_1_7' title="bbox 102 2652 1191 4121">
    <p class='ocr_par' dir='ltr' id='par_1_7' title="bbox 102 2652 1191 4121">
     <span class='ocr_line' id='line_1_9' title="bbox 130 2652 1189 2719; baseline 0.003 -16"><span class='ocrx_word' id='word_1_39' title='bbox 130 2655 148 2703; x_wconf 90' lang='lat' dir='ltr'>l.</span> <span class='ocrx_word' id='word_1_40' title='bbox 183 2654 288 2704; x_wconf 84' lang='lat' dir='ltr'>Festive</span> <span class='ocrx_word' id='word_1_41' title='bbox 306 2652 480 2716; x_wconf 87' lang='lat' dir='ltr'>reprehendit</span> <span class='ocrx_word' id='word_1_42' title='bbox 496 2654 575 2717; x_wconf 83' lang='lat' dir='ltr'>poeta</span> <span class='ocrx_word' id='word_1_43' title='bbox 591 2654 626 2703; x_wconf 92' lang='lat' dir='ltr'>rl·</span> <span class='ocrx_word' id='word_1_44' title='bbox 660 2652 695 2703; x_wconf 94' lang='lat' dir='ltr'>ad</span> <span class='ocrx_word' id='word_1_45' title='bbox 725 2654 907 2703; x_wconf 74' lang='lat' dir='ltr'>Maecenatem</span> <span class='ocrx_word' id='word_1_46' title='bbox 939 2654 1067 2719; x_wconf 80' lang='lat' dir='ltr'>scriptam</span> <span class='ocrx_word' id='word_1_47' title='bbox 1092 2656 1189 2707; x_wconf 86' lang='lat' dir='ltr'>celeria</span> 
     </span>
     <span class='ocr_line' id='line_1_10' title="bbox 102 2725 1188 2799; baseline 0 -22"><span class='ocrx_word' id='word_1_48' title='bbox 102 2725 210 2777; x_wconf 78' lang='lat' dir='ltr'>dimlam</span> <span class='ocrx_word' id='word_1_49' title='bbox 229 2726 301 2777; x_wconf 89' lang='lat' dir='ltr'>illam</span> <span class='ocrx_word' id='word_1_50' title='bbox 317 2728 534 2799; x_wconf 56' lang='grc' dir='ltr'>μεμψιμοιρῶν</span> <span class='ocrx_word' id='word_1_51' title='bbox 546 2731 573 2778; x_wconf 90' lang='lat' dir='ltr'>ot</span> <span class='ocrx_word' id='word_1_52' title='bbox 584 2728 625 2778; x_wconf 91' lang='lat' dir='ltr'>in·</span> <span class='ocrx_word' id='word_1_53' title='bbox 659 2727 812 2791; x_wconf 77' lang='lat' dir='ltr'>praemisit3</span> <span class='ocrx_word' id='word_1_54' title='bbox 831 2730 861 2776; x_wconf 90' lang='lat' dir='ltr'>ut</span> <span class='ocrx_word' id='word_1_55' title='bbox 876 2727 999 2790; x_wconf 88' lang='lat' dir='ltr'>Epcdum</span> <span class='ocrx_word' id='word_1_56' title='bbox 1017 2730 1051 2790; x_wconf 92' lang='grc'>4.,</span> <span class='ocrx_word' id='word_1_57' title='bbox 1072 2730 1188 2778; x_wconf 79' lang='lat' dir='ltr'>Carmen</span> 
     </span>
     <span class='ocr_line' id='line_1_11' title="bbox 102 2798 1183 2866; baseline 0.002 -16"><span class='ocrx_word' id='word_1_58' title='bbox 102 2802 284 2863; x_wconf 82' lang='lat' dir='ltr'>constantiam,</span> <span class='ocrx_word' id='word_1_59' title='bbox 301 2814 354 2865; x_wconf 86' lang='lat' dir='ltr'>quo</span> <span class='ocrx_word' id='word_1_60' title='bbox 366 2801 487 2866; x_wconf 86' lang='lat' dir='ltr'>plerique</span> <span class='ocrx_word' id='word_1_61' title='bbox 499 2800 624 2865; x_wconf 76' lang='lat' dir='ltr'>aequales</span> <span class='ocrx_word' id='word_1_62' title='bbox 660 2802 684 2851; x_wconf 95' lang='grc'>4.</span> <span class='ocrx_word' id='word_1_63' title='bbox 704 2799 775 2850; x_wconf 81' lang='lat' dir='ltr'>Libri</span> <span class='ocrx_word' id='word_1_64' title='bbox 792 2802 812 2850; x_wconf 90' lang='lat' dir='ltr'>l.</span> <span class='ocrx_word' id='word_1_65' title='bbox 831 2802 859 2851; x_wconf 85' lang='lat' dir='ltr'>ct</span> <span class='ocrx_word' id='word_1_66' title='bbox 875 2798 1019 2863; x_wconf 85' lang='lat' dir='ltr'>Epistoiam</span> <span class='ocrx_word' id='word_1_67' title='bbox 1037 2803 1061 2852; x_wconf 95' lang='grc'>4.</span> <span class='ocrx_word' id='word_1_68' title='bbox 1080 2802 1151 2853; x_wconf 83' lang='lat' dir='ltr'>Libri</span> <span class='ocrx_word' id='word_1_69' title='bbox 1164 2804 1183 2852; x_wconf 92' lang='lat' dir='ltr'>l.</span> 
     </span>
     <span class='ocr_line' id='line_1_12' title="bbox 103 2874 1023 2939; baseline 0.002 -15"><span class='ocrx_word' id='word_1_70' title='bbox 103 2877 156 2925; x_wconf 86' lang='lat' dir='ltr'>eius</span> <span class='ocrx_word' id='word_1_71' title='bbox 171 2874 343 2937; x_wconf 83' lang='lat' dir='ltr'>laborabant,</span> <span class='ocrx_word' id='word_1_72' title='bbox 364 2876 533 2926; x_wconf 85' lang='lat' dir='ltr'>coniunctam</span> <span class='ocrx_word' id='word_1_73' title='bbox 551 2888 625 2927; x_wconf 87' lang='lat' dir='ltr'>sern-</span> <span class='ocrx_word' id='word_1_74' title='bbox 660 2874 750 2925; x_wconf 85' lang='lat' dir='ltr'>eldam</span> <span class='ocrx_word' id='word_1_75' title='bbox 767 2874 863 2925; x_wconf 86' lang='lat' dir='ltr'>lautori</span> <span class='ocrx_word' id='word_1_76' title='bbox 880 2875 1023 2939; x_wconf 76' lang='lat' dir='ltr'>inscripsit.</span> 
     </span>
     <span class='ocr_line' id='line_1_13' title="bbox 104 2948 1190 3015; baseline 0.005 -18"><span class='ocrx_word' id='word_1_77' title='bbox 104 2962 147 3010; x_wconf 87' lang='lat' dir='ltr'>per</span> <span class='ocrx_word' id='word_1_78' title='bbox 163 2962 224 2999; x_wconf 88' lang='lat' dir='ltr'>cum</span> <span class='ocrx_word' id='word_1_79' title='bbox 236 2950 291 2999; x_wconf 91' lang='lat' dir='ltr'>acri</span> <span class='ocrx_word' id='word_1_80' title='bbox 305 2950 331 2999; x_wconf 92' lang='lat' dir='ltr'>iu</span> <span class='ocrx_word' id='word_1_81' title='bbox 343 2962 390 3001; x_wconf 85' lang='lat' dir='ltr'>ecs</span> <span class='ocrx_word' id='word_1_82' title='bbox 402 2948 507 3011; x_wconf 82' lang='lat' dir='ltr'>invidia,</span> <span class='ocrx_word' id='word_1_83' title='bbox 527 2950 625 3013; x_wconf 86' lang='lat' dir='ltr'>quibus</span> <span class='ocrx_word' id='word_1_84' title='bbox 708 2950 821 3011; x_wconf 85' lang='lat' dir='ltr'>Propter</span> <span class='ocrx_word' id='word_1_85' title='bbox 842 2949 968 2999; x_wconf 72' lang='lat' dir='ltr'>consitus</span> <span class='ocrx_word' id='word_1_86' title='bbox 985 2948 1089 3015; x_wconf 83' lang='lat' dir='ltr'>aliquos</span> <span class='ocrx_word' id='word_1_87' title='bbox 1106 2950 1190 3003; x_wconf 88' lang='lat' dir='ltr'>abru-</span> 
     </span>
     <span class='ocr_line' id='line_1_14' title="bbox 104 3022 1191 3089; baseline 0.006 -18"><span class='ocrx_word' id='word_1_88' title='bbox 104 3035 132 3071; x_wconf 74' lang='grc' dir='ltr'>ει</span> <span class='ocrx_word' id='word_1_89' title='bbox 147 3022 251 3074; x_wconf 90' lang='lat' dir='ltr'>illorum</span> <span class='ocrx_word' id='word_1_90' title='bbox 262 3024 387 3087; x_wconf 88' lang='lat' dir='ltr'>opinione</span> <span class='ocrx_word' id='word_1_91' title='bbox 398 3023 493 3075; x_wconf 85' lang='lat' dir='ltr'>melior</span> <span class='ocrx_word' id='word_1_92' title='bbox 503 3038 562 3075; x_wconf 91' lang='lat' dir='ltr'>sors</span> <span class='ocrx_word' id='word_1_93' title='bbox 574 3024 625 3074; x_wconf 91' lang='lat' dir='ltr'>ob·</span> <span class='ocrx_word' id='word_1_94' title='bbox 659 3023 760 3086; x_wconf 88' lang='lat' dir='ltr'>ptiores</span> <span class='ocrx_word' id='word_1_95' title='bbox 776 3034 809 3072; x_wconf 89' lang='lat' dir='ltr'>ac</span> <span class='ocrx_word' id='word_1_96' title='bbox 826 3024 914 3073; x_wconf 90' lang='lat' dir='ltr'>minus</span> <span class='ocrx_word' id='word_1_97' title='bbox 926 3022 1039 3075; x_wconf 87' lang='lat' dir='ltr'>lortasse</span> <span class='ocrx_word' id='word_1_98' title='bbox 1051 3038 1133 3089; x_wconf 90' lang='lat' dir='ltr'>quam</span> <span class='ocrx_word' id='word_1_99' title='bbox 1145 3026 1191 3077; x_wconf 87' lang='lat' dir='ltr'>ali·</span> 
     </span>
     <span class='ocr_line' id='line_1_15' title="bbox 105 3094 1186 3164; baseline 0.007 -21"><span class='ocrx_word' id='word_1_100' title='bbox 105 3096 197 3157; x_wconf 71' lang='lat' dir='ltr'>tigerat.</span> <span class='ocrx_word' id='word_1_101' title='bbox 234 3098 318 3148; x_wconf 87' lang='lat' dir='ltr'>Huius</span> <span class='ocrx_word' id='word_1_102' title='bbox 337 3100 427 3148; x_wconf 85' lang='lat' dir='ltr'>autern</span> <span class='ocrx_word' id='word_1_103' title='bbox 440 3098 540 3159; x_wconf 83' lang='lat' dir='ltr'>morbi,</span> <span class='ocrx_word' id='word_1_104' title='bbox 559 3112 623 3149; x_wconf 87' lang='lat' dir='ltr'>sana</span> <span class='ocrx_word' id='word_1_105' title='bbox 659 3095 687 3145; x_wconf 90' lang='lat' dir='ltr'>bi</span> <span class='ocrx_word' id='word_1_106' title='bbox 705 3094 797 3145; x_wconf 86' lang='lat' dir='ltr'>callida</span> <span class='ocrx_word' id='word_1_107' title='bbox 816 3096 938 3147; x_wconf 89' lang='lat' dir='ltr'>iunctura</span> <span class='ocrx_word' id='word_1_108' title='bbox 955 3096 1102 3150; x_wconf 81' lang='lat' dir='ltr'>occultatos</span> <span class='ocrx_word' id='word_1_109' title='bbox 1129 3101 1186 3164; x_wconf 91' lang='lat' dir='ltr'>(clr.</span> 
     </span>
     <span class='ocr_line' id='line_1_16' title="bbox 104 3168 1189 3237; baseline 0.007 -20"><span class='ocrx_word' id='word_1_110' title='bbox 104 3170 141 3221; x_wconf 77' lang='lat' dir='ltr'>sel</span> <span class='ocrx_word' id='word_1_111' title='bbox 165 3173 272 3223; x_wconf 83' lang='lat' dir='ltr'>maximi</span> <span class='ocrx_word' id='word_1_112' title='bbox 299 3172 369 3222; x_wconf 76' lang='lat' dir='ltr'>tilae</span> <span class='ocrx_word' id='word_1_113' title='bbox 391 3172 487 3223; x_wconf 85' lang='lat' dir='ltr'>beatae</span> <span class='ocrx_word' id='word_1_114' title='bbox 510 3171 624 3237; x_wconf 87' lang='lat' dir='ltr'>impedi·</span> <span class='ocrx_word' id='word_1_115' title='bbox 659 3182 701 3219; x_wconf 83' lang='lat' dir='ltr'>vv.</span> <span class='ocrx_word' id='word_1_116' title='bbox 727 3168 768 3219; x_wconf 83' lang='grc'>43.</span> <span class='ocrx_word' id='word_1_117' title='bbox 792 3169 834 3219; x_wconf 76' lang='lat'>23.</span> <span class='ocrx_word' id='word_1_118' title='bbox 853 3170 920 3234; x_wconf 81' lang='lat' dir='ltr'>tta.)</span> <span class='ocrx_word' id='word_1_119' title='bbox 938 3174 967 3221; x_wconf 92' lang='lat' dir='ltr'>ct</span> <span class='ocrx_word' id='word_1_120' title='bbox 981 3176 1092 3237; x_wconf 89' lang='lat' dir='ltr'>propter</span> <span class='ocrx_word' id='word_1_121' title='bbox 1108 3176 1189 3225; x_wconf 80' lang='lat' dir='ltr'>totius</span> 
     </span>
     <span class='ocr_line' id='line_1_17' title="bbox 104 3244 1188 3311; baseline 0.006 -18"><span class='ocrx_word' id='word_1_122' title='bbox 104 3246 192 3305; x_wconf 84' lang='lat' dir='ltr'>menti,</span> <span class='ocrx_word' id='word_1_123' title='bbox 225 3248 400 3310; x_wconf 85' lang='lat' dir='ltr'>praecipuam</span> <span class='ocrx_word' id='word_1_124' title='bbox 423 3260 533 3297; x_wconf 87' lang='lat' dir='ltr'>causam</span> <span class='ocrx_word' id='word_1_125' title='bbox 554 3248 624 3297; x_wconf 86' lang='lat' dir='ltr'>banc</span> <span class='ocrx_word' id='word_1_126' title='bbox 659 3244 792 3294; x_wconf 86' lang='lat' dir='ltr'>sermonis</span> <span class='ocrx_word' id='word_1_127' title='bbox 817 3246 918 3295; x_wconf 82' lang='lat' dir='ltr'>exitum</span> <span class='ocrx_word' id='word_1_128' title='bbox 944 3247 978 3308; x_wconf 86' lang='lat' dir='ltr'>(v.</span> <span class='ocrx_word' id='word_1_129' title='bbox 998 3248 1075 3309; x_wconf 67' lang='lat' dir='ltr'>taen,</span> <span class='ocrx_word' id='word_1_130' title='bbox 1101 3246 1188 3311; x_wconf 86' lang='lat' dir='ltr'>qualis</span> 
     </span>
     <span class='ocr_line' id='line_1_18' title="bbox 105 3318 1187 3384; baseline 0.006 -17"><span class='ocrx_word' id='word_1_131' title='bbox 105 3330 158 3367; x_wconf 81' lang='lat' dir='ltr'>esse</span> <span class='ocrx_word' id='word_1_132' title='bbox 179 3319 258 3379; x_wconf 77' lang='lat' dir='ltr'>dicit,</span> <span class='ocrx_word' id='word_1_133' title='bbox 289 3321 361 3383; x_wconf 91' lang='lat' dir='ltr'>quod</span> <span class='ocrx_word' id='word_1_134' title='bbox 388 3320 482 3383; x_wconf 81' lang='lat' dir='ltr'>insigni</span> <span class='ocrx_word' id='word_1_135' title='bbox 506 3320 623 3383; x_wconf 86' lang='lat' dir='ltr'>quadam</span> <span class='ocrx_word' id='word_1_136' title='bbox 659 3330 747 3381; x_wconf 89' lang='lat' dir='ltr'>aequo</span> <span class='ocrx_word' id='word_1_137' title='bbox 770 3318 827 3368; x_wconf 89' lang='lat' dir='ltr'>iure</span> <span class='ocrx_word' id='word_1_138' title='bbox 849 3318 959 3371; x_wconf 86' lang='lat' dir='ltr'>cuilibet</span> <span class='ocrx_word' id='word_1_139' title='bbox 979 3320 1058 3371; x_wconf 85' lang='lat' dir='ltr'>huius</span> <span class='ocrx_word' id='word_1_140' title='bbox 1081 3324 1187 3384; x_wconf 75' lang='lat' dir='ltr'>generis</span> 
     </span>
     <span class='ocr_line' id='line_1_19' title="bbox 104 3390 1189 3459; baseline 0.006 -19"><span class='ocrx_word' id='word_1_141' title='bbox 104 3390 201 3443; x_wconf 82' lang='lat' dir='ltr'>stultitia</span> <span class='ocrx_word' id='word_1_142' title='bbox 218 3393 324 3457; x_wconf 83' lang='lat' dir='ltr'>abrepti</span> <span class='ocrx_word' id='word_1_143' title='bbox 341 3393 465 3458; x_wconf 88' lang='lat' dir='ltr'>permulti</span> <span class='ocrx_word' id='word_1_144' title='bbox 480 3396 562 3445; x_wconf 85' lang='lat' dir='ltr'>totam</span> <span class='ocrx_word' id='word_1_145' title='bbox 574 3407 624 3459; x_wconf 87' lang='lat' dir='ltr'>per</span> <span class='ocrx_word' id='word_1_146' title='bbox 659 3392 865 3455; x_wconf 84' lang='lat' dir='ltr'>scriptiunculas</span> <span class='ocrx_word' id='word_1_147' title='bbox 882 3394 956 3444; x_wconf 84' lang='lat' dir='ltr'>assui</span> <span class='ocrx_word' id='word_1_148' title='bbox 971 3396 1088 3458; x_wconf 82' lang='lat' dir='ltr'>poterat,</span> <span class='ocrx_word' id='word_1_149' title='bbox 1119 3409 1189 3447; x_wconf 91' lang='lat' dir='ltr'>non-</span> 
     </span>
     <span class='ocr_line' id='line_1_20' title="bbox 105 3464 1189 3531; baseline 0.006 -19"><span class='ocrx_word' id='word_1_150' title='bbox 105 3466 176 3516; x_wconf 75' lang='lat' dir='ltr'>sitam</span> <span class='ocrx_word' id='word_1_151' title='bbox 196 3466 260 3517; x_wconf 80' lang='lat' dir='ltr'>nssril</span> <span class='ocrx_word' id='word_1_152' title='bbox 283 3467 355 3517; x_wconf 88' lang='lat' dir='ltr'>aliud</span> <span class='ocrx_word' id='word_1_153' title='bbox 377 3470 471 3531; x_wconf 75' lang='lat' dir='ltr'>agant,</span> <span class='ocrx_word' id='word_1_154' title='bbox 493 3480 574 3531; x_wconf 78' lang='grc' dir='ltr'>φιιιιιι</span> <span class='ocrx_word' id='word_1_155' title='bbox 595 3471 624 3518; x_wconf 94' lang='lat' dir='ltr'>ut</span> <span class='ocrx_word' id='word_1_156' title='bbox 659 3464 721 3515; x_wconf 90' lang='lat' dir='ltr'>nulli</span> <span class='ocrx_word' id='word_1_157' title='bbox 739 3466 808 3517; x_wconf 87' lang='lat' dir='ltr'>hanc</span> <span class='ocrx_word' id='word_1_158' title='bbox 824 3467 934 3517; x_wconf 82' lang='lat' dir='ltr'>satiram</span> <span class='ocrx_word' id='word_1_159' title='bbox 951 3468 1020 3515; x_wconf 87' lang='lat' dir='ltr'>inter</span> <span class='ocrx_word' id='word_1_160' title='bbox 1037 3468 1123 3531; x_wconf 89' lang='lat' dir='ltr'>prima</span> <span class='ocrx_word' id='word_1_161' title='bbox 1135 3472 1189 3519; x_wconf 87' lang='lat' dir='ltr'>Lu·</span> 
     </span>
     <span class='ocr_line' id='line_1_21' title="bbox 105 3540 1188 3607; baseline 0.002 -18"><span class='ocrx_word' id='word_1_162' title='bbox 105 3552 255 3605; x_wconf 86' lang='lat' dir='ltr'>quoeunque</span> <span class='ocrx_word' id='word_1_163' title='bbox 273 3542 355 3591; x_wconf 93' lang='lat' dir='ltr'>modo</span> <span class='ocrx_word' id='word_1_164' title='bbox 372 3542 515 3607; x_wconf 87' lang='lat' dir='ltr'>pecuniam</span> <span class='ocrx_word' id='word_1_165' title='bbox 532 3555 624 3592; x_wconf 84' lang='lat' dir='ltr'>corra-</span> <span class='ocrx_word' id='word_1_166' title='bbox 659 3540 749 3591; x_wconf 90' lang='lat' dir='ltr'>cilium</span> <span class='ocrx_word' id='word_1_167' title='bbox 783 3544 811 3591; x_wconf 91' lang='lat' dir='ltr'>ct</span> <span class='ocrx_word' id='word_1_168' title='bbox 840 3540 960 3590; x_wconf 84' lang='lat' dir='ltr'>imitandi</span> <span class='ocrx_word' id='word_1_169' title='bbox 987 3543 1016 3590; x_wconf 92' lang='lat' dir='ltr'>et</span> <span class='ocrx_word' id='word_1_170' title='bbox 1043 3542 1188 3605; x_wconf 81' lang='lat' dir='ltr'>superandi</span> 
     </span>
     <span class='ocr_line' id='line_1_22' title="bbox 104 3612 1188 3679; baseline 0.003 -16"><span class='ocrx_word' id='word_1_171' title='bbox 104 3612 175 3675; x_wconf 80' lang='lat' dir='ltr'>dant,</span> <span class='ocrx_word' id='word_1_172' title='bbox 203 3616 361 3678; x_wconf 84' lang='lat' dir='ltr'>conquisitis</span> <span class='ocrx_word' id='word_1_173' title='bbox 377 3618 468 3665; x_wconf 87' lang='lat' dir='ltr'>tamen</span> <span class='ocrx_word' id='word_1_174' title='bbox 484 3628 622 3679; x_wconf 88' lang='lat' dir='ltr'>nunquam</span> <span class='ocrx_word' id='word_1_175' title='bbox 659 3616 843 3679; x_wconf 85' lang='lat' dir='ltr'>experimenta</span> <span class='ocrx_word' id='word_1_176' title='bbox 865 3613 900 3663; x_wconf 83' lang='lat' dir='ltr'>ab</span> <span class='ocrx_word' id='word_1_177' title='bbox 922 3614 1030 3665; x_wconf 85' lang='lat' dir='ltr'>Horatio</span> <span class='ocrx_word' id='word_1_178' title='bbox 1056 3615 1126 3666; x_wconf 90' lang='lat' dir='ltr'>lacta</span> <span class='ocrx_word' id='word_1_179' title='bbox 1142 3630 1188 3666; x_wconf 90' lang='lat' dir='ltr'>re-</span> 
     </span>
     <span class='ocr_line' id='line_1_23' title="bbox 105 3686 1187 3751; baseline 0.005 -16"><span class='ocrx_word' id='word_1_180' title='bbox 105 3686 227 3746; x_wconf 72' lang='lat' dir='ltr'>iterantur,</span> <span class='ocrx_word' id='word_1_181' title='bbox 257 3688 321 3739; x_wconf 91' lang='lat' dir='ltr'>illud</span> <span class='ocrx_word' id='word_1_182' title='bbox 352 3690 478 3739; x_wconf 89' lang='lat' dir='ltr'>nimirum</span> <span class='ocrx_word' id='word_1_183' title='bbox 504 3690 620 3751; x_wconf 86' lang='lat' dir='ltr'>causati,</span> <span class='ocrx_word' id='word_1_184' title='bbox 658 3688 796 3739; x_wconf 77' lang='lat' dir='ltr'>lesendam</span> <span class='ocrx_word' id='word_1_185' title='bbox 813 3701 874 3739; x_wconf 83' lang='lat' dir='ltr'>coac</span> <span class='ocrx_word' id='word_1_186' title='bbox 892 3690 1063 3739; x_wconf 85' lang='lat' dir='ltr'>censuerunt.</span> <span class='ocrx_word' id='word_1_187' title='bbox 1082 3690 1187 3741; x_wconf 87' lang='lat' dir='ltr'>Primus</span> 
     </span>
     <span class='ocr_line' id='line_1_24' title="bbox 103 3762 1184 3827; baseline 0.003 -17"><span class='ocrx_word' id='word_1_188' title='bbox 103 3773 128 3810; x_wconf 85' lang='lat' dir='ltr'>se</span> <span class='ocrx_word' id='word_1_189' title='bbox 143 3762 262 3825; x_wconf 88' lang='lat' dir='ltr'>placidae</span> <span class='ocrx_word' id='word_1_190' title='bbox 279 3765 426 3814; x_wconf 74' lang='lat' dir='ltr'>senectutis</span> <span class='ocrx_word' id='word_1_191' title='bbox 444 3764 525 3827; x_wconf 86' lang='lat' dir='ltr'>quieti</span> <span class='ocrx_word' id='word_1_192' title='bbox 540 3777 621 3825; x_wconf 89' lang='lat' dir='ltr'>nunc,</span> <span class='ocrx_word' id='word_1_193' title='bbox 657 3764 749 3813; x_wconf 80' lang='lat' dir='ltr'>aulem</span> <span class='ocrx_word' id='word_1_194' title='bbox 766 3774 860 3821; x_wconf 82' lang='lat' dir='ltr'>annus,</span> <span class='ocrx_word' id='word_1_195' title='bbox 878 3774 933 3825; x_wconf 92' lang='lat' dir='ltr'>quo</span> <span class='ocrx_word' id='word_1_196' title='bbox 950 3764 1074 3827; x_wconf 89' lang='lat' dir='ltr'>componi</span> <span class='ocrx_word' id='word_1_197' title='bbox 1091 3764 1184 3826; x_wconf 75' lang='lat' dir='ltr'>potuit,</span> 
     </span>
     <span class='ocr_line' id='line_1_25' title="bbox 102 3834 1185 3901; baseline 0.003 -17"><span class='ocrx_word' id='word_1_198' title='bbox 102 3848 157 3885; x_wconf 86' lang='lat' dir='ltr'>cunr</span> <span class='ocrx_word' id='word_1_199' title='bbox 174 3840 282 3899; x_wconf 83' lang='lat' dir='ltr'>tempus</span> <span class='ocrx_word' id='word_1_200' title='bbox 299 3837 341 3895; x_wconf 89' lang='lat' dir='ltr'>sit,</span> <span class='ocrx_word' id='word_1_201' title='bbox 354 3838 518 3901; x_wconf 87' lang='lat' dir='ltr'>prospicere.</span> <span class='ocrx_word' id='word_1_202' title='bbox 548 3839 622 3888; x_wconf 84' lang='lat' dir='ltr'>llae-</span> <span class='ocrx_word' id='word_1_203' title='bbox 658 3834 706 3885; x_wconf 86' lang='lat' dir='ltr'>luit</span> <span class='ocrx_word' id='word_1_204' title='bbox 731 3848 758 3885; x_wconf 88' lang='grc' dir='ltr'>ιι.</span> <span class='ocrx_word' id='word_1_205' title='bbox 786 3850 809 3885; x_wconf 92' lang='lat' dir='ltr'>c.</span> <span class='ocrx_word' id='word_1_206' title='bbox 836 3836 908 3896; x_wconf 78' lang='lat' dir='ltr'>7t6.;</span> <span class='ocrx_word' id='word_1_207' title='bbox 938 3835 1059 3899; x_wconf 88' lang='lat' dir='ltr'>plerique</span> <span class='ocrx_word' id='word_1_208' title='bbox 1077 3840 1185 3898; x_wconf 80' lang='lat' dir='ltr'>tamen,</span> 
     </span>
     <span class='ocr_line' id='line_1_26' title="bbox 102 3910 1183 3974; baseline 0.006 -19"><span class='ocrx_word' id='word_1_209' title='bbox 102 3911 181 3959; x_wconf 88' lang='lat' dir='ltr'>cenati</span> <span class='ocrx_word' id='word_1_210' title='bbox 204 3914 296 3959; x_wconf 88' lang='lat' dir='ltr'>autem</span> <span class='ocrx_word' id='word_1_211' title='bbox 313 3910 384 3961; x_wconf 89' lang='lat' dir='ltr'>hanc</span> <span class='ocrx_word' id='word_1_212' title='bbox 400 3911 509 3961; x_wconf 89' lang='lat' dir='ltr'>satiram</span> <span class='ocrx_word' id='word_1_213' title='bbox 527 3912 623 3963; x_wconf 85' lang='lat' dir='ltr'>inscri-</span> <span class='ocrx_word' id='word_1_214' title='bbox 658 3910 740 3959; x_wconf 86' lang='lat' dir='ltr'>ctiam</span> <span class='ocrx_word' id='word_1_215' title='bbox 767 3910 910 3960; x_wconf 85' lang='lat' dir='ltr'>Gmtelend</span> <span class='ocrx_word' id='word_1_216' title='bbox 935 3910 1068 3974; x_wconf 74' lang='lat' dir='ltr'>(Sebritiat.</span> <span class='ocrx_word' id='word_1_217' title='bbox 1092 3912 1183 3974; x_wconf 75' lang='lat' dir='ltr'>bousb</span> 
     </span>
     <span class='ocr_line' id='line_1_27' title="bbox 102 3980 1183 4049; baseline 0.005 -19"><span class='ocrx_word' id='word_1_218' title='bbox 102 3980 163 4033; x_wconf 85' lang='lat' dir='ltr'>bena</span> <span class='ocrx_word' id='word_1_219' title='bbox 183 3982 227 4033; x_wconf 84' lang='lat' dir='ltr'>vel</span> <span class='ocrx_word' id='word_1_220' title='bbox 246 3984 299 4033; x_wconf 89' lang='lat' dir='ltr'>hoc</span> <span class='ocrx_word' id='word_1_221' title='bbox 315 3985 374 4047; x_wconf 91' lang='lat' dir='ltr'>ipso</span> <span class='ocrx_word' id='word_1_222' title='bbox 392 3982 559 4035; x_wconf 86' lang='lat' dir='ltr'>demonstrat</span> <span class='ocrx_word' id='word_1_223' title='bbox 575 3997 622 4048; x_wconf 91' lang='lat' dir='ltr'>po-</span> <span class='ocrx_word' id='word_1_224' title='bbox 657 3984 699 4034; x_wconf 80' lang='lat' dir='ltr'>des</span> <span class='ocrx_word' id='word_1_225' title='bbox 708 3984 820 4049; x_wconf 76' lang='lat' dir='ltr'>Horat),</span> <span class='ocrx_word' id='word_1_226' title='bbox 833 3984 953 4035; x_wconf 85' lang='lat' dir='ltr'>relerunt</span> <span class='ocrx_word' id='word_1_227' title='bbox 963 3985 999 4035; x_wconf 88' lang='lat' dir='ltr'>ad</span> <span class='ocrx_word' id='word_1_228' title='bbox 1010 3998 1034 4035; x_wconf 90' lang='lat' dir='ltr'>a.</span> <span class='ocrx_word' id='word_1_229' title='bbox 1048 3998 1075 4036; x_wconf 88' lang='lat' dir='ltr'>u.</span> <span class='ocrx_word' id='word_1_230' title='bbox 1088 4000 1112 4035; x_wconf 94' lang='lat' dir='ltr'>c.</span> <span class='ocrx_word' id='word_1_231' title='bbox 1126 3987 1183 4035; x_wconf 81' lang='grc'><strong>749.</strong></span> 
     </span>
     <span class='ocr_line' id='line_1_28' title="bbox 102 4056 1185 4121; baseline 0.003 -17"><span class='ocrx_word' id='word_1_232' title='bbox 102 4058 196 4107; x_wconf 83' lang='lat' dir='ltr'>tentem</span> <span class='ocrx_word' id='word_1_233' title='bbox 230 4058 348 4108; x_wconf 89' lang='lat' dir='ltr'>amicum</span> <span class='ocrx_word' id='word_1_234' title='bbox 380 4056 457 4121; x_wconf 78' lang='lat' dir='ltr'>longe</span> <span class='ocrx_word' id='word_1_235' title='bbox 488 4061 623 4109; x_wconf 89' lang='lat' dir='ltr'>remotum</span> <span class='ocrx_word' id='word_1_236' title='bbox 690 4057 701 4106; x_wconf 93' lang='grc'><strong>4</strong></span> <span class='ocrx_word' id='word_1_237' title='bbox 726 4084 754 4095; x_wconf 84' lang='lat'><em>-</em></span> <span class='ocrx_word' id='word_1_238' title='bbox 772 4058 796 4108; x_wconf 83' lang='grc'>3.</span> <span class='ocrx_word' id='word_1_239' title='bbox 815 4056 919 4110; x_wconf 85' lang='lat' dir='ltr'>Similes</span> <span class='ocrx_word' id='word_1_240' title='bbox 930 4060 993 4109; x_wconf 87' lang='lat' dir='ltr'>aunt</span> <span class='ocrx_word' id='word_1_241' title='bbox 1003 4060 1066 4108; x_wconf 89' lang='lat' dir='ltr'>buic</span> <span class='ocrx_word' id='word_1_242' title='bbox 1074 4057 1185 4109; x_wconf 82' lang='lat' dir='ltr'>exordio</span> 
     </span>
    </p>
   </div>
   <div class='ocr_carea' id='block_1_8' title="bbox 9 4128 1185 4199">
    <p class='ocr_par' dir='ltr' id='par_1_8' title="bbox 9 4128 1185 4199">
     <span class='ocr_line' id='line_1_29' title="bbox 9 4128 1185 4199; baseline 0.003 -22"><span class='ocrx_word' id='word_1_243' title='bbox 9 4174 11 4199; x_wconf 67' lang='lat'>‚</span> <span class='ocrx_word' id='word_1_244' title='bbox 104 4141 159 4180; x_wconf 80' lang='lat' dir='ltr'>esse</span> <span class='ocrx_word' id='word_1_245' title='bbox 174 4144 190 4179; x_wconf 93' lang='lat' dir='ltr'>a</span> <span class='ocrx_word' id='word_1_246' title='bbox 206 4132 286 4190; x_wconf 75' lang='lat' dir='ltr'>titio,</span> <span class='ocrx_word' id='word_1_247' title='bbox 308 4131 380 4195; x_wconf 90' lang='lat' dir='ltr'>quod</span> <span class='ocrx_word' id='word_1_248' title='bbox 397 4134 452 4181; x_wconf 86' lang='lat' dir='ltr'>tarn</span> <span class='ocrx_word' id='word_1_249' title='bbox 469 4133 566 4182; x_wconf 87' lang='lat' dir='ltr'>acriter</span> <span class='ocrx_word' id='word_1_250' title='bbox 582 4134 623 4181; x_wconf 87' lang='lat' dir='ltr'>in—</span> <span class='ocrx_word' id='word_1_251' title='bbox 658 4128 708 4181; x_wconf 93' lang='lat' dir='ltr'>loci</span> <span class='ocrx_word' id='word_1_252' title='bbox 725 4132 831 4182; x_wconf 77' lang='lat' dir='ltr'>Maximi</span> <span class='ocrx_word' id='word_1_253' title='bbox 842 4133 912 4194; x_wconf 76' lang='lat' dir='ltr'>Tyrii</span> <span class='ocrx_word' id='word_1_254' title='bbox 923 4134 992 4184; x_wconf 85' lang='lat' dir='ltr'>Dias.</span> <span class='ocrx_word' id='word_1_255' title='bbox 1007 4135 1048 4193; x_wconf 76' lang='lat' dir='ltr'>at,</span> <span class='ocrx_word' id='word_1_256' title='bbox 1063 4135 1128 4183; x_wconf 72' lang='lat' dir='ltr'>tet</span> <span class='ocrx_word' id='word_1_257' title='bbox 1139 4133 1185 4182; x_wconf 88' lang='lat' dir='ltr'>lli-</span> 
     </span>
    </p>
   </div>
   <div class='ocr_carea' id='block_1_9' title="bbox 104 4204 1186 4343">
    <p class='ocr_par' dir='ltr' id='par_1_9' title="bbox 104 4204 1186 4343">
     <span class='ocr_line' id='line_1_30' title="bbox 104 4204 1186 4271; baseline 0.002 -18"><span class='ocrx_word' id='word_1_258' title='bbox 104 4206 223 4257; x_wconf 78' lang='lat' dir='ltr'>sectatur.</span> <span class='ocrx_word' id='word_1_259' title='bbox 254 4206 331 4255; x_wconf 84' lang='lat' dir='ltr'>ilaud</span> <span class='ocrx_word' id='word_1_260' title='bbox 346 4204 495 4257; x_wconf 80' lang='lat' dir='ltr'>inconsulto</span> <span class='ocrx_word' id='word_1_261' title='bbox 511 4206 623 4257; x_wconf 87' lang='lat' dir='ltr'>satiram</span> <span class='ocrx_word' id='word_1_262' title='bbox 658 4206 734 4256; x_wconf 85' lang='lat' dir='ltr'>merli</span> <span class='ocrx_word' id='word_1_263' title='bbox 746 4204 799 4255; x_wconf 85' lang='lat' dir='ltr'>Ecl.</span> <span class='ocrx_word' id='word_1_264' title='bbox 810 4206 851 4257; x_wconf 74' lang='lat'>20.</span> <span class='ocrx_word' id='word_1_265' title='bbox 865 4219 891 4271; x_wconf 94' lang='lat' dir='ltr'>p.</span> <span class='ocrx_word' id='word_1_266' title='bbox 901 4207 959 4257; x_wconf 68' lang='lat' dir='ltr'>ill.</span> <span class='ocrx_word' id='word_1_267' title='bbox 969 4208 1024 4268; x_wconf 66' lang='lat' dir='ltr'>W„</span> <span class='ocrx_word' id='word_1_268' title='bbox 1035 4220 1104 4271; x_wconf 87' lang='lat' dir='ltr'>quos</span> <span class='ocrx_word' id='word_1_269' title='bbox 1113 4218 1186 4256; x_wconf 78' lang='lat' dir='ltr'>cona-</span> 
     </span>
     <span class='ocr_line' id='line_1_31' title="bbox 157 4295 1012 4343; baseline 0 -2"><span class='ocrx_word' id='word_1_270' title='bbox 157 4295 362 4343; x_wconf 66' lang='lat' dir='ltr'>Hanniball.</span> <span class='ocrx_word' id='word_1_271' title='bbox 392 4296 555 4343; x_wconf 79' lang='lat' dir='ltr'>ao.tra1.lll.</span> <span class='ocrx_word' id='word_1_272' title='bbox 1001 4298 1012 4341; x_wconf 95' lang='grc'><strong>4</strong></span> 
     </span>
    </p>
   </div>
   <div class='ocr_carea' id='block_1_10' title="bbox 0 0 1471 4892">
    <p class='ocr_par' dir='ltr' id='par_1_10' title="bbox 0 0 1471 4892">
     <span class='ocr_line' id='line_1_32' title="bbox 0 0 1471 4892; baseline 0 0"><span class='ocrx_word' id='word_1_273' title='bbox 0 0 1471 4892; x_wconf 95' lang='lat' dir='ltr'> </span> 
     </span>
    </p>
   </div>
  </div>
 </body>
</html>
