2925 4892
526 378 586 428 us.
605 379 624 428 r.
660 379 760 432 srrsr.
777 382 820 432 ru.
1160 383 1223 448 tib

172 533 267 611 Quae
289 531 529 600 circumvolitas
551 533 643 622 agilis
666 534 801 625 tbyma‘l
821 539 891 606 Non
911 539 970 607 tibi
992 561 1128 628 parrum

171 653 357 741 Ingenium,
381 673 445 720 non
469 654 623 724 incultum
645 667 696 724 est
717 667 751 725 et
772 660 908 747 turpiter
929 661 1057 730 hirtum.

170 776 239 842 Seu
264 774 405 862 linguam
427 776 536 843 causis
558 778 648 844 acuis
669 799 729 848 seu
751 781 855 849 civica
877 782 948 851 iura

168 896 382 984 Respondero
405 917 501 984 paras
524 919 582 966 seu
605 900 719 968 condis
742 903 881 972 amabile
903 925 1050 986 carmen,

157 1087 236 1210 fibri.
254 1086 290 1220 alt]
308 1099 352 1136 444
369 1085 429 1137 LCt.
449 1085 488 1150 (at
503 1091 612 1151 praeter
628 1091 732 1142 nostros
750 1091 863 1144 Codices
878 1092 932 1158 ripa
950 1109 1031 1148 «curn
1047 1095 1106 1150 44444
1124 1098 1184 1166 pla·

203 1172 262 1210 us.»

124 1331 234 1392 ptorum
266 1328 412 1379 imitatione
440 1331 536 1380 avocat
563 1333 591 1381 et
618 1329 653 1380 sd
690 1335 908 1386 4444444444444444
931 1341 1013 1402 atque
1036 1340 1159 1404 opidtatia
1179 1345 1218 1395 si-

123 1402 313 1468 componeade
331 1401 390 1454 talia
409 1405 528 1456 carmina
550 1405 651 1467 invitat,
691 1408 799 1471 gnificat
816 1410 897 1462 modo
908 1412 989 1475 baec,
1008 1414 1090 1465 modo
1106 1415 1149 1468 4444
1160 1430 1218 1469 444-

123 1493 192 1543 quse
212 1479 308 1542 privati
326 1479 378 1528 sint
394 1479 486 1530 iuris.»
517 1480 618 1542 04444.)
692 1483 794 1534 minum
807 1498 904 1548 genere
917 1501 933 1536 a
944 1486 1021 1542 Floro
1032 1491 1133 1542 4444444
1144 1505 1215 1554 esse,

153 1553 242 1603 44-44).
260 1553 530 1619 mutum-spots]
543 1555 571 1604 ln
584 1556 653 1606 iam·
690 1568 756 1608 sane
767 1560 798 1608 ut
814 1573 881 1623 opus
891 1562 1094 1626 secundarium,
1114 1567 1218 1631 culpor

120 1626 164 1693 plo
181 1626 312 1692 Apollinis
328 1626 437 1680 Palatini
454 1629 613 1680 0444444444
624 1643 649 1680 a.
690 1631 771 1685 bores
787 1633 944 1687 subsericas
955 1642 1077 1688 vacaret:
1096 1653 1159 1691 uam
1174 1655 1218 1693 se·

121 1715 145 1752 u.
162 1717 187 1753 c.
207 1703 269 1752 726.
287 1701 444 1754 condiderat
459 1701 650 1754 bibliothecam
687 1708 795 1758 veriora
810 1708 898 1759 studia
915 1709 951 1759 ed
971 1709 1153 1776 eloquentiam
1173 1715 1216 1766 4ο-

121 1777 270 1829 Palatinsm
286 1775 435 1842 publicam,
455 1778 531 1829 cuias
548 1779 650 1842 primus
688 1795 798 1834 rensem
823 1786 851 1834 et
871 1785 913 1835 ius
934 1785 1010 1836 civile
1035 1791 1213 1842 converterat.

119 1855 231 1904 curator
252 1851 301 1902 fuit
321 1853 351 1903 C.
372 1851 452 1903 lulius
470 1854 598 1916 Hyginus.
619 1879 647 1892 ·-
691 1883 718 1894 -
737 1858 859 1908 4444444444
875 1860 939 1924 oet]
962 1862 993 1913 tit
1014 1875 1080 1926 ager
1100 1862 1216 1916 incultus

117 1927 222 1991 mir]
243 1924 318 1978 uelut
334 1926 446 1981 donans
466 1929 494 1978 in
511 1939 589 1980 suam
607 1931 650 1979 tu·
686 1932 768 1982 4444444
790 1932 834 1993 444,
860 1934 959 1995 idest,
985 1935 1055 1987 filice
1071 1937 1215 2004 vopribus·

117 2002 213 2062 teiam;
233 2016 288 2067 quo
306 2004 395 2054 444444
410 2005 490 2055 eliam
502 2017 534 2054 ee
546 2009 650 2069 4449444
688 2019 741 2071 que
753 2005 909 2071 obducitur,
928 2011 967 2060 sic
984 2011 1119 2075 ingenium
1136 2011 1214 2064 bonis

118 2078 283 2141 (4444444444)
298 2077 368 2128 licei.
383 2105 411 2114 -
423 2079 562 2143 comicoto]
580 2079 649 2130 Nota
687 2080 790 2132 artibus
806 2095 859 2133 uon
878 2083 1027 2146 excultum,
1051 2086 1082 2136 dt
1101 2086 1169 2138 rude
1186 2089 1215 2138 ot

117 2152 216 2204 labella
232 2152 349 2216 Aesopia
366 2151 454 2216 (Babr.
472 2154 513 2204 44.
533 2153 646 2204 Pbeedr.
687 2155 782 2207 bobes.
807 2159 929 2209 4444444444
944 2161 1036 2211 eutem
1052 2159 1215 2214 lectioatal·

117 2228 146 2289 4,
166 2228 203 2291 a.)
224 2227 295 2278 banc
317 2228 478 2278 seutentiam
502 2230 645 2292 expressit:
687 2233 737 2283 teri
753 2245 812 2292 ocr3
837 2245 941 2297 «neque
958 2235 1031 2287 onim
1047 2237 1170 2287 4444444444
1186 2240 1214 2286 44

117 2315 166 2353 ane
186 2299 265 2353 tacita
289 2302 376 2352 omnis
398 2299 483 2352 lector
504 2302 649 2367 perspiciat
685 2306 780 2356 hirtum
796 2305 917 2358 diversos
934 2321 980 2360 res
996 2309 1159 2373 significant,
1183 2314 1214 2361 ut

115 2375 229 2428 Celsum
251 2376 448 2436 insanientis,
471 2377 646 2440 imaginibus,
685 2381 740 2432 sint
762 2381 965 2444 disiungenda.»
991 2385 1084 2434 444444.
1110 2411 1136 2420 -
1155 2389 1213 2436 444-

116 2453 236 2516 totisque
259 2451 328 2502 adeo
346 2450 411 2502 locis
427 2452 558 2504 imitatum
575 2465 645 2514 asse,
683 2455 985 2520 ptiar-birtwnJA.P.3:
999 2459 1108 2521 turpiter
1115 2465 1210 2510 utnon.

115 2527 254 2578 interdum
271 2529 374 2578 tantum
398 2528 424 2578 in
441 2528 564 2578 Latinum
581 2541 647 2578 con·
686 2531 731 2579 «ln
758 2543 839 2593 prosa
866 2531 986 2581 oratione
1012 2533 1058 2595 qui
1085 2536 1211 2583 accurate

115 2604 245 2662 vertisse.
264 2603 358 2666 pocus
376 2604 516 2654 Graecos.»
536 2629 563 2639 -
582 2603 648 2654 coto-
686 2604 852 2666 scripserunt
868 2605 926 2654 ausi
944 2618 997 2654 non
1008 2609 1072 2656 suut
1083 2605 1211 2658 adverbia

114 2677 193 2741 444444]
213 2675 327 2742 «plumis
346 2678 480 2728 variomm
498 2675 645 2728 colorum.»
685 2676 1209 2743 quatuoscumebeotrviscouiungoro.

114 2753 209 2803 Scsor..
233 2755 368 2804 -Totum
385 2755 475 2804 autem
494 2753 646 2804 bocmoui-
684 2750 762 2816 Apud
787 2752 925 2802 Horatium
949 2756 1059 2816 poetam
1083 2767 1211 2818 compara

113 2832 174 2880 tum
191 2830 251 2879 eius
264 2831 319 2888 est,
337 2829 384 2892 qui
400 2828 485 2894 probe
503 2831 595 2880 nosset
606 2829 646 2880 ia·
684 2826 733 2878 0d.
747 2826 776 2888 3,
795 2827 840 2888 44,
859 2825 892 2876 st
909 2825 1052 2890 (Splendida
1061 2830 1210 2894 44444444..

114 2902 264 2962 militarem
287 2904 428 2964 iuvenem,
447 2905 490 2954 cui
508 2917 646 2968 nunquam
684 2904 804 2954 44444444.
836 2929 863 2938 -
900 2903 987 2968 curt]
1020 2903 1211 2967 significantius

114 2979 141 3028 in
163 2980 286 3030 mentam
306 2981 417 3030 venerat
437 2991 498 3030 sese
515 2981 646 3045 aequipa-
684 2990 766 3041 quam
784 2989 969 3042 «praeparas»
999 2978 1054 3029 cic.
1072 2981 1145 3030 Brut.
1162 2980 1208 3041 94,

115 3065 176 3104 rare
200 3054 308 3104 Horatio
330 3055 452 3117 magnive
475 3057 571 3119 poetae
594 3069 645 3106 no-
683 3051 1209 3117 ditztuitiucilnlorumlvcrcrcrmat,

113 3141 178 3179 man
189 3129 336 3192 appetere;
354 3131 434 3192 atque
453 3129 561 3179 omnino
573 3129 645 3194 apud
683 3127 726 3189 444
742 3141 794 3176 444
809 3127 924 3190 lirim
936 3129 1011 3178 niodo
1021 3129 1211 3180 444444444444·

115 3203 240 3268 antiquos
257 3203 444 3254 huiuscemodi
463 3205 593 3255 monitum
611 3219 644 3256 ex
682 3202 801 3252 4444444444
815 3202 913 3252 decadi
930 3205 982 3254 cet.
1000 3205 1083 3255 lusor.
1101 3216 1137 3254 m.
1151 3206 1207 3256 Lat.

115 3277 254 3330 notissime
273 3275 359 3340 aliqua
377 3276 474 3329 labella
490 3279 643 3343 repetitum,
682 3277 712 3328 N.
726 3275 799 3326 4483.
816 3275 851 3326 (44
867 3275 1044 3327 Merobaude:
1062 3279 1093 3327 44
1107 3276 1210 3340 Alpibus

115 3354 191 3404 cuius
213 3347 371 3415 ἐπιμύθιον
388 3353 465 3416 quasi
488 3353 514 3402 iu
531 3365 645 3416 provar-
682 3351 788 3401 acucbat
804 3350 937 3412 4444444444.
967 3350 1210 3413 Significanturdo·

114 3426 188 3478 bium
217 3427 378 3488 transierat,
408 3429 497 3479 minus
525 3426 645 3480 babebat
682 3423 868 3485 clamationes,
882 3423 1208 3488 quibusiuvenesadelo-

113 3501 272 3554 offensionis
289 3513 371 3564 (44444
393 3501 506 3553 sortasse
528 3501 645 3552 baberet
681 3500 820 3563 quantam
837 3497 989 3550 iudicialem
1004 3511 1208 3563 praepararese

114 3577 185 3641 apud
208 3590 270 3628 nos.
291 3603 319 3614 —
338 3577 399 3639 44444
419 3575 523 3640 uadosi]
542 3577 645 3628 «Habet
682 3573 812 3625 solebant.
825 3600 853 3609 -
871 3573 952 3623 444444
968 3574 1029 3622 tarra
1044 3573 1207 3637 Respondete]

114 3649 232 3716 aliquam
249 3651 362 3702 fiduciae
379 3652 406 3702 iu
418 3652 504 3702 amico
516 3651 551 3702 ob
563 3665 644 3717 prae-
682 3663 730 3714 pro
755 3647 870 3712 volgari:
899 3649 939 3698 444
963 3647 1035 3699 mollo
1060 3651 1210 3712 respondero

115 3726 215 3778 claram
233 3727 292 3776 eins
309 3725 427 3777 indolem
444 3727 546 3790 positae
559 3728 644 3778 44444-
681 3723 755 3790 (Plio.
768 3724 835 3788 Epp.
848 3723 879 3782 6,
899 3724 950 3787 lb.)
963 3724 1210 3788 etdciursraspos-

116 3813 186 3852 nom.
219 3800 269 3852 siti
291 3802 382 3852 nescio
400 3801 463 3864 quid
484 3800 644 3866 4444444444-
679 3798 746 3849 dorc.
784 3797 825 3848 sd
852 3798 916 3849 iuris
943 3797 1100 3862 prudentiae
1129 3799 1209 3864 igitur

116 3875 152 3924 tis
165 3876 210 3926 bic
227 3875 372 3926 sentiunt.»
401 3875 492 3924 04444.
681 3873 800 3924 studium
825 3871 876 3922 boc
901 3871 1026 3923 retertur.
1058 3873 1097 3924 Do
1122 3873 1208 3925 iorma

149 3949 237 4000 rt-ae.
263 3949 458 4011 drmoruoliaa]
477 3950 566 4000 Divisa
583 3950 610 3999 b.
624 3949 641 4000 l.
679 3946 836 3998 4444444444.
849 3946 884 3997 ad
896 3947 943 3997 0d.
957 3947 986 4008 3,
1005 3949 1034 4009 4,
1053 3948 1079 3998 o.
1094 3975 1122 3985 -
1136 3962 1209 4000 4444-

117 4024 221 4088 scripsit
232 4023 567 4088 Doeringotroroaootitaa,
582 4037 644 4074 con-
680 4022 727 4072 bilc
743 4020 854 4085 cunnos]
872 4018 1009 4091 ἐρωτικά,
1035 4023 1208 4088 patmon-

117 4099 204 4149 innota
216 4099 337 4162 Wagner
353 4100 379 4150 in
390 4099 462 4162 virg.
476 4100 521 4148 Ga.
536 4099 564 4160 4,
583 4098 640 4148 344.
680 4091 801 4157 sociaci,
827 4097 1018 4160 epigrammata
1040 4099 1092 4146 cet.
1122 4097 1208 4147 Minus

118 4173 151 4223 444
165 4185 245 4238 saepe
263 4175 359 4237 poetae
376 4172 472 4238 apibus
486 4185 644 4238 comparan-
680 4173 755 4222 recte
776 4171 881 4221 comm.
894 4170 976 4235 Cruq.
994 4169 1104 4220 44444444
1122 4167 1209 4234 expll-

120 4248 163 4294 tur
174 4247 228 4309 (od.
242 4246 271 4308 4,
284 4248 314 4308 b,
327 4247 389 4309 44),
408 4248 447 4297 sic
465 4247 516 4298 bac
528 4248 642 4312 imagine
680 4247 725 4296 cat
735 4246 874 4296 dumtaxat
884 4246 1088 4307 amatorium,-
1101 4244 1208 4296 comsit
