2925 4892
265 373 328 440 25⁸
645 371 776 424 uonnru
793 370 974 423 snrrnnnuu

309 533 366 606 Te,
390 528 512 606 Tiberi,
535 547 722 602 numerare,
747 525 835 594 cavis
857 523 1060 592 abscondere
1083 525 1225 603 tristem3

309 651 463 726 Extimut
484 669 525 715 ne
547 669 606 715 vos
628 657 739 735 ageret
760 646 893 714 vesania
914 645 1053 722 discors,

308 774 353 837 Tu
375 773 625 847 Nomentanum,
650 778 683 834 tu
696 789 747 837 ,ne
770 786 947 854 sequerere
969 767 1122 834 Cicutam.
1288 768 1351 833 t75

308 895 417 974 Quare
438 912 498 979 per
519 891 613 957 divos
634 899 745 956 oratus
768 899 906 976 uterque
930 889 1082 965 Penates,

308 1017 354 1080 Tu
378 1034 458 1080 cave
479 1033 521 1079 ne
543 1012 684 1087 minuas,
707 1021 757 1086 tu,
781 1030 823 1076 ne
845 1009 948 1076 maius
971 1009 1069 1076 iacias
1091 1010 1138 1086 id.

310 1134 407 1214 Quod
428 1135 506 1201 satis
529 1153 603 1199 esse
625 1141 716 1220 putat
738 1140 884 1219 pateret
905 1141 1018 1198 natura
1043 1137 1182 1198 coercet.

309 1259 484 1323 Praeterea
506 1275 547 1322 ne
568 1273 628 1320 vos
650 1251 754 1319 titillet
774 1251 893 1340 gloria,
917 1251 987 1318 iure

308 1376 449 1444 Iurando
470 1375 669 1463 obstringam
690 1373 804 1440 ambo:
827 1382 900 1439 uter
921 1370 1034 1439 aedilis
1057 1371 1191 1439 fueritve
1289 1371 1353 1438 l80

264 1631 368 1693 genitae
393 1630 499 1692 signum
524 1629 594 1689 erat,
622 1626 788 1689 nimiumque
828 1626 868 1676 te.
881 1653 907 1662 -
918 1625 997 1686 raca]
1009 1638 1050 1690 pr.
1066 1627 1127 1690 «qui
1138 1624 1211 1690 leges
1223 1629 1352 1689 sacratae,

264 1701 347 1753 tacitis
369 1705 427 1752 erat
448 1703 474 1752 in
497 1701 623 1752 donando
640 1713 686 1751 eas
704 1699 790 1750 collu-
827 1698 924 1764 quibus
952 1698 1132 1750 innitebantur
1159 1699 1246 1765 plebis
1277 1703 1353 1762 iura,

263 1775 396 1827 sonibus.»
408 1774 648 1839 -donore-luderc]
660 1787 698 1826 sc.
713 1775 786 1833 «iis»,
826 1773 961 1838 violarat„
978 1774 1000 1824 is
1026 1772 1165 1838 plebiscito
1191 1775 1217 1825 tn
1238 1776 1355 1826 comitiis

263 1863 318 1914 quo
334 1849 397 1900 ludo
414 1852 441 1900 et
463 1850 540 1914 perdi
565 1850 696 1914 poterant.
731 1848 789 1898 lloc
827 1847 932 1900 tributis
948 1851 1041 1911 rogato
1053 1861 1131 1899 sacer
1147 1848 1188 1900 die
1207 1848 1298 1902 inieris
1315 1852 1357 1901 iu-

263 1924 341 1988 louge
363 1924 553 1988 significantius
575 1937 656 1988 quam
679 1920 788 1973 Bentleii
827 1922 991 1974 dicabatur.»
1027 1917 1121 1974 Festus
1145 1937 1171 1987 p.
1190 1923 1246 1974 348.
1269 1923 1352 1975 Milli:

259 1999 374 2060 perdere.
395 2025 423 2034 -
441 1996 709 2060 mentastram]
728 2008 789 2046 «se-
827 1998 929 2048 «Homo
946 2009 1023 2047 sacer
1045 1997 1068 2048 is
1086 1999 1139 2057 est,
1164 2011 1246 2060 quern
1263 2011 1354 2063 popu-

263 2085 328 2121 vero
353 2070 426 2121 voltu
454 2072 482 2122 iu
509 2071 575 2123 locis
599 2072 705 2133 coelen
730 2071 790 2120 Lo·-
826 2070 867 2122 lus
885 2071 1009 2122 iudicavit
1023 2069 1244 2130 obmaleflcium;
1263 2085 1355 2136 neque

262 2146 366 2195 ctera.
382 2171 409 2181 -
421 2145 551 2206 Ecetram,
569 2159 600 2196 rte
612 2147 674 2211 cet]
687 2145 789 2195 Eadem
827 2145 866 2196 las
883 2148 925 2196 est
941 2157 1003 2195 eum
1021 2143 1166 2206 immolari,
1184 2145 1233 2196 sed
1251 2149 1297 2210 qui
1309 2159 1356 2198 oe·

263 2220 478 2270 constructione·
492 2221 547 2270 Cic.
570 2219 653 2270 Acad.
681 2221 711 2281 2,
738 2219 787 2279 38,
826 2221 903 2282 cidit,
916 2219 1049 2284 parricidii
1061 2233 1114 2270 nou
1126 2221 1276 2278 damnatur;
1289 2234 1355 2272 nam

264 2295 329 2344 tat:
352 2294 524 2355 eaetbneecem,
541 2307 573 2343 ne
588 2294 616 2343 ta
630 2295 686 2342 tare
701 2305 790 2344 eoene-
826 2293 885 2358 lege
904 2294 1040 2344 tribunicia
1062 2294 1148 2359 prima
1172 2297 1295 2345 cavetur:
1322 2297 1357 2345 Sl

262 2369 306 2419 rit.
328 2397 355 2405 -
376 2368 568 2431 Nomentanam]
594 2367 790 2432 prodigumne
827 2371 901 2432 QUIS
911 2370 997 2430 EUM,
1018 2369 1126 2431 obiso
1136 2369 1356 2420 resumserat

263 2441 437 2494 luxuriosum.
467 2445 519 2492 Set.
533 2445 563 2505 t,
582 2444 611 2503 t,
631 2443 688 2493 tos.
708 2468 737 2478 —-
750 2442 790 2492 Ct-
826 2443 926 2494 sacen
947 2443 1009 2504 SIT,
1037 2442 1220 2504 occlusam,
1245 2443 1356 2494 Psant-

262 2519 356 2582 cutorn]
374 2517 449 2568 Conl.
461 2531 488 2567 v,
501 2518 543 2568 69.
561 2545 589 2554 -
604 2531 653 2580 per
668 2518 763 2567 diuos·
774 2543 789 2553 ·
826 2518 901 2568 CIDA
918 2518 965 2567 ΝΕ
975 2518 1032 2567 SIT.
1062 2517 1099 2567 Ex
1111 2530 1165 2581 quo
1174 2519 1259 2580 quivis
1270 2517 1355 2568 homo

262 2593 372 2654 mans]
389 2593 455 2656 Epp.
470 2594 480 2642 t
493 2630 499 2652 ‚
512 2593 542 2654 7,
555 2591 600 2644 et:
616 2605 664 2654 per
682 2592 789 2642 Graiam
827 2591 912 2642 malus
928 2593 1009 2655 atque
1027 2591 1166 2655 improbus
1175 2604 1248 2641 sacer
1258 2591 1356 2656 appel-

262 2669 429 2727 dectrampae
448 2667 554 2728 deosque
567 2667 678 2716 Paratae
693 2694 721 2703 —
739 2679 790 2716 nc-
826 2664 873 2716 lari
891 2664 984 2716 solet.»

261 2741 436 2805 acrecot'rcet]
455 2741 550 2791 «certis
567 2739 664 2790 tinibus
676 2739 790 2790 circum-
859 2739 979 2790 raa-tes.
1006 2739 1078 2793 llaec
1099 2739 1188 2790 omnia
1210 2739 1355 2792 manifesto

262 2816 363 2874 scribit
377 2814 484 2875 iudicat,
494 2814 571 2865 vobis
579 2817 607 2864 et
617 2815 718 2864 iustum
726 2825 787 2864 esse
826 2813 953 2877 Oppidius
971 2812 1048 2873 dicit;
1072 2825 1124 2863 nec
1141 2814 1256 2863 Stertinii
1273 2817 1353 2874 suut.

262 2892 290 2940 et
306 2889 455 2940 sulficere.»
825 2889 855 2937 ut
871 2884 913 2936 alii
929 2884 1080 2936 voluerunt.
1116 2888 1224 2950 Ubique
1242 2899 1308 2938 sene
1322 2888 1356 2938 ti-

295 2963 353 3013 tet.
370 2959 523 3024 intestabilis]
535 2961 643 3025 proprie
656 2962 715 3010 «cui
726 2973 789 3025 pro-
824 2959 858 3010 lio
876 2972 962 3023 aeque
979 2973 1074 3011 severe
1091 2961 1235 3023 interdicit,
1254 2975 1288 3012 ne
1300 2962 1356 3012 bo-

262 3038 323 3100 pter
349 3032 445 3084 delicta
470 3032 587 3097 (carmen
610 3035 707 3085 motum
731 3037 785 3084 Sat.
825 3034 935 3085 noribus
952 3035 1055 3085 inhient
1070 3036 1355 3100 patrimoniodemno-

262 3111 289 3169 2,
308 3110 338 3170 t,
356 3107 407 3169 82.)
420 3106 462 3157 vel
479 3105 690 3172 prodigalitatem
707 3110 788 3158 inter·
824 3110 869 3160 sis.
904 3110 983 3168 Nam,
1003 3111 1052 3160 etsi
1074 3111 1158 3174 magis
1175 3111 1353 3163 metuendum

261 3182 414 3234 dictumest
424 3183 672 3232 iuretestimonium
681 3183 786 3233 dicendi
825 3186 896 3244 erat,
916 3197 949 3234 ne
967 3182 1048 3234 Aulus
1061 3197 1143 3248 quem
1154 3183 1274 3236 Tiberius
1284 3199 1355 3250 pro-

261 3257 333 3322 apud
366 3255 483 3316 iudices,
521 3257 673 3307 testamenti
705 3258 786 3307 etiam
824 3261 916 3322 pterea
944 3257 1082 3309 facultates
1112 3271 1176 3310 suas
1207 3258 1354 3323 aliquando

261 3331 375 3383 lactendi
399 3333 427 3381 et
453 3332 614 3382 testamento
639 3331 786 3395 quidquam
824 3331 1009 3398 profunderet,
1023 3331 1207 3395 nihilominus,
1220 3337 1250 3384 ut
1260 3336 1286 3386 in
1295 3347 1355 3384 ser-

261 3406 296 3459 ab
306 3405 358 3457 alio
375 3405 550 3470 accipiendi.»
583 3407 639 3456 lam
657 3419 719 3456 cum
738 3420 787 3471 pa·
825 3419 904 3457 mone
922 3406 1090 3470 quotidiano,
1109 3409 1185 3472 qnasi
1202 3410 1354 3472 generatim

260 3484 303 3533 ter
319 3481 402 3532 tilium
418 3482 527 3545 proprio
543 3493 625 3532 sensu
647 3480 787 3532 intestabi·
823 3484 904 3546 atque
925 3482 1050 3533 universe
1073 3480 1242 3546 loqueretur,
1269 3484 1354 3534 utitur

260 3555 315 3607 lem
332 3569 393 3607 esse
416 3555 509 3605 iubere
527 3568 581 3604 uon
603 3557 697 3618 posset
720 3556 787 3616 (ete-
824 3555 943 3607 secunde
956 3569 1071 3620 persona
1083 3558 1187 3607 numeri
1199 3556 1351 3620 singularis,

261 3632 315 3680 nim
338 3630 390 3678 boc
411 3627 470 3691 lege
492 3629 550 3678 deri
572 3627 713 3690 debebat),
738 3641 787 3692 ap·
822 3636 863 3692 tu,
891 3628 1033 3681 «alteruter
1057 3633 1179 3681 vestrum
1205 3631 1352 3683 ambove.-

260 3705 337 3768 paret
361 3703 405 3750 bic
428 3715 460 3750 ex
483 3703 616 3753 sermonis
640 3702 787 3766 quotidiani
825 3732 852 3742 -
871 3705 901 3754 ln
916 3705 1003 3769 dcere]
1022 3704 1110 3756 Ludos
1122 3705 1265 3768 significat,
1285 3719 1356 3769 quo-

260 3775 453 3826 consuetudine
465 3776 615 3838 significare
634 3777 785 3826 «hominem
823 3791 883 3828 rum
901 3778 982 3828 editio
1000 3781 1111 3842 propter
1127 3778 1285 3842 gladiatores
1302 3793 1356 3830 ex-

260 3852 370 3913 propter
405 3849 603 3912 improbitatem
638 3849 786 3901 detestabi-
823 3850 1357 3914 bibendos,lorumstatuis‚circumteu·

260 3923 344 3982 lemn»
367 3923 444 3973 cuiue
460 3936 525 3973 usus
542 3924 664 3989 exempla
681 3924 786 3988 collegit
822 3927 859 3977 sis
877 3927 1041 3987 ornandum,
1060 3927 1176 3978 maiores
1191 3927 1282 3990 utique
1298 3928 1356 3977 im-

259 3983 462 4057 Unterbolzner‚
480 3994 575 4047 salust.
593 3999 649 4060 lug.
663 3999 710 4048 67:
734 3999 785 4048 im-
822 4013 920 4064 pensas
929 3998 1059 4051 aedilibus
1068 4014 1100 4051 ac
1112 4001 1280 4065 praetoribus
1287 4013 1357 4052 eou-

256 4071 351 4135 probra
366 4071 557 4134 intestabilisque
578 4073 657 4136 (adde
680 4075 782 4138 Fragm.
822 4074 959 4137 trahebat,
976 4088 1058 4139 quam
1072 4073 1146 4139 quod
1160 4087 1222 4126 cum
1239 4076 1271 4124 iis
1287 4089 1356 4126 con-

259 4149 303 4198 Or.
314 4147 413 4210 Lepi:
422 4148 495 4209 peior
505 4153 580 4209 utque
590 4148 783 4214 mtertabitior..)
821 4149 942 4200 iunctum
958 4153 1030 4211 erat,
1049 4153 1079 4200 ut
1095 4149 1201 4200 infimae
1219 4147 1357 4213 plebecu-

259 4223 321 4272 Tac.
330 4223 398 4272 Anu.
408 4222 448 4281 to,
461 4223 502 4272 tt.
517 4221 579 4272 Plin.
590 4223 631 4282 30,
644 4223 668 4274 2.
682 4222 747 4274 Geli.
757 4224 781 4282 7,
821 4222 862 4274 lae
871 4220 1075 4275 distribueretur
1083 4226 1163 4286 cicer,
1173 4223 1243 4285 taba,
1257 4222 1354 4288 lupini.
