2925 4892
495 360 554 412 uus.
573 362 593 411 i.
629 360 727 415 44444.
746 364 810 414 xvi.
1136 365 1199 433 535

152 516 207 580 Vir
223 514 344 591 bonus,
368 534 465 583 omne
478 516 584 583 iorum
598 538 698 605 quem
711 528 837 607 spectat
850 529 884 586 et
897 540 993 587 omne
1006 520 1154 598 tribunal,

150 636 422 724 Quandocunque
445 636 526 705 deos
547 636 599 705 vel
620 658 721 726 porco
744 638 796 706 vel
815 640 901 708 bove
923 640 1044 729 placat,

148 758 227 823 lene
251 766 355 845 pater,
379 756 480 835 clare,
504 757 591 827 clare
613 780 687 827 oum
709 760 803 838 dixit,
826 760 955 848 Apollo,

147 876 257 945 Labra
277 888 385 947 movet
406 890 554 947 metuens
577 880 697 947 audiri:
724 881 862 949 Pulolrra
881 884 1046 960 Lauerna,
1155 888 1197 951 oo

147 1000 200 1065 Da
220 999 298 1065 mihi
320 999 445 1078 tallere,
468 1000 511 1068 da
532 1002 617 1069 iusto
640 1012 819 1090 sanctoque
839 1002 959 1079 videri,

145 1124 284 1187 Noctem
307 1122 450 1209 peccetis
472 1133 505 1191 et
524 1122 693 1191 fraudibus
714 1124 822 1193 obiice
846 1125 982 1193 nubem!

146 1244 214 1321 Qui
236 1240 350 1309 melior
372 1262 483 1319 servo,
513 1246 570 1331 qui
593 1242 724 1312 liberior
746 1246 788 1311 sit
808 1266 940 1321 avarus,

133 1441 217 1511 444444
232 1440 305 1501 miti,
323 1452 372 1489 nos
387 1440 487 1503 [444444
503 1445 602 1490 man:
619 1444 669 1491 saio
686 1454 701 1491 e
714 1441 780 1491 Cod.
793 1439 837 1492 sil.
850 1444 891 1503 C.)
911 1470 939 1479 -
956 1444 998 1492 59.
1018 1444 1047 1493 ln
1060 1444 1164 1508 Eprius

133 1518 208 1567 ctare
225 1518 387 1580 expunctum
405 1518 459 1575 est;
475 1521 551 1578 puter
567 1516 635 1565 ctare
650 1515 717 1565 dicit
730 1530 788 1566 4444
802 1517 868 1566 dicit
877 1530 904 1581 p.
918 1517 977 1567 Vid.
990 1518 1026 1569 ad
1036 1532 1063 1567 v.
1078 1518 1118 1570 44.
1134 1542 1161 1556 -·

133 1590 204 1655 cum]
222 1602 296 1653 44444
313 1592 339 1639 S.
355 1616 381 1627 ·-
395 1590 436 1639 64.
454 1590 547 1639 inatus
563 1594 726 1653 senemque
741 1590 834 1654 bSEcp
851 1593 879 1640 et
895 1590 1041 1642 Bentleiani
1057 1605 1161 1643 omues.

136 1666 179 1727 (Ut
197 1678 259 1725 nos,
284 1664 399 1714 Pottlerii
423 1662 561 1715 dumtaxat
583 1664 649 1725 duo,
674 1666 697 1713 4.
717 1666 745 1715 et
762 1665 812 1726 44.)
833 1690 860 1701 -
885 1666 926 1715 64.
946 1666 1014 1716 obice
1030 1666 1112 1717 bSEo.
1134 1694 1161 1703 -
1256 1684 1268 1709 ο

135 1739 456 1801 6³.Quo--quoE‚t.

100 1897 218 1947 modium
236 1898 288 1946 cet.
304 1920 331 1932 -
344 1894 412 1959 mus]
432 1906 508 1945 «mea
526 1898 634 1945 senten·
669 1908 734 1947 cum
752 1896 850 1955 4444444,
873 1900 915 1947 est
931 1900 1021 1947 autem
1038 1897 1090 1947 deu
1107 1897 1197 1949 iurum

101 1972 136 2021 tia
154 1972 187 2019 et
203 1969 328 2019 iudicio·
355 1996 382 2005 -
406 1969 552 2033 poeto-isto]
579 1982 632 2019 aee
670 1970 750 2033 (sive,
769 1973 798 2020 nt
814 1972 852 2019 ait
867 1970 1000 2021 amonius
1017 1969 1045 2032 4,
1064 1971 1113 2022 rt:
1139 1986 1198 2023 cam

101 2046 222 2105 ratione,
250 2055 332 2106 quam
349 2048 395 2093 tu»
420 2044 483 2105 (non
500 2043 630 2105 Quintius,
668 2046 796 2095 Mercurio
820 2045 895 2094 444444
919 2045 1052 2107 4444444444
1068 2048 1197 2107 praecidat

100 2120 149 2171 sed
162 2120 229 2169 lictu
241 2130 371 2182 persone,
389 2130 471 2180 quarn
482 2116 631 2182 alloquitur)
667 2118 804 2183 factm),
823 2121 852 2169 et
867 2117 1041 2169 simulacrum
1053 2120 1111 2171 eius
1123 2120 1196 2172 iures

102 2196 205 2259 -sequi
224 2192 322 2245 soles.»
350 2194 385 2243 Ex
403 2206 450 2253 eo,
469 2193 542 2255 quod
554 2194 633 2243 tenire
669 2192 759 2242 colunt
783 2196 812 2242 et
836 2193 882 2256 qui
908 2191 1016 2243 consilia
1039 2206 1087 2244 sua
1104 2193 1197 2246 volunt

101 2282 150 2332 pro
164 2268 247 2317 lentus
258 2280 311 2317 nou
323 2268 387 2317 satis
397 2270 489 2331 aptum
498 2280 557 2317 voc.
568 2280 633 2317 uon·
669 2268 762 2324 iecita;
781 2278 844 2317 nam
861 2279 957 2330 preces
969 2268 1027 2318 eius
1040 2280 1101 2319 curn
1114 2266 1197 2317 silen-

101 2342 182 2392 nullis
193 2340 343 2399 videretur,
357 2344 430 2390 oriae
442 2344 505 2391 sunt
517 2341 633 2404 interpo-
668 2342 704 2391 tio
722 2345 897 2391 exercentur:
916 2343 956 2393 sic
973 2343 1043 2392 dicia
1056 2342 1195 2393 fortassee

100 2414 218 2467 latioucs
230 2414 302 2478 apud
313 2414 469 2465 Accursium
481 2416 509 2464 et
526 2416 551 2465 in
564 2414 629 2465 Cod.
668 2415 782 2472 totnrdo;
801 2428 864 2465 nam
881 2415 954 2465 iures
965 2414 1028 2465 olim
1045 2417 1196 2466 tuumionaa

100 2490 143 2540 Sil.
155 2489 266 2540 Dictum
276 2491 319 2539 est
329 2492 419 2539 eutem
435 2490 464 2539 ut
478 2488 526 2538 ud.
537 2490 568 2551 4,
586 2490 629 2549 49,
669 2492 696 2540 et
720 2490 876 2539 tooemioues
901 2490 1085 2540 dicebantur.»
1108 2492 1193 2541 Coun.

101 2570 144 2617 lo:
158 2582 214 2617 non
223 2566 371 2624 mimium
385 2566 538 2626 «damnum,
548 2565 628 2629 quod,
669 2566 748 2622 cauo.
769 2565 815 2627 (ei.
829 2566 922 2615 Festus
933 2578 955 2615 s.
971 2579 996 2613 v.
1007 2564 1196 2627 inversiones}

101 2643 163 2705 quia
194 2641 320 2703 exiguum
346 2642 401 2701 est,
427 2638 513 2691 lenius
535 2640 630 2690 ieras.»
669 2639 760 2688 uDiota
777 2640 895 2687 Lenem
910 2652 925 2687 a
941 2640 1062 2699 4444444,
1081 2638 1195 2688 namiu-

131 2716 227 2765 57-62.
244 2716 287 2763 Vir
297 2714 383 2778 444444]
397 2728 478 2779 quem
490 2712 631 2779 plebecula
668 2725 713 2763 res
730 2714 856 2761 locatores
872 2711 1021 2762 dicuntur.»
1039 2714 1101 2761 Aca.
1131 2710 1194 2774 (Alia

101 2791 139 2841 sic
157 2787 291 2853 appellen
312 2789 453 2839 maniiesto
470 2784 531 2837 κατ’
550 2790 631 2859 εἰρω-
668 2788 746 2837 huius
757 2787 873 2837 nominis
885 2788 976 2848 etymo
987 2786 1040 2834 vid.
1055 2798 1097 2849 ap.
1111 2784 1194 2850 Pauly

101 2866 195 2914 vetar.
210 2888 239 2899 -
258 2864 318 2912 4444
330 2864 414 2927 poter]
439 2862 505 2912 Vide
524 2863 558 2913 ad
576 2866 629 2913 Sat.
667 2861 881 2923 lieni-Encpclop.
901 2861 943 2910 lv.
964 2874 992 2924 p.
1014 2860 1082 2921 848.)
1108 2859 1192 2912 Plant-

101 2941 125 2999 2,
138 2941 166 2999 6,
180 2938 223 2987 40.
239 2964 267 2973 -
282 2937 378 3001 Apollo]
396 2938 564 3000 significatae
582 2951 631 3001 per
666 2935 725 2987 Aul.
739 2936 763 2997 3,
776 2938 801 2996 2,
812 2936 853 2985 34.
867 2936 990 2998 Congrio,
1008 2947 1091 2985 cocus
1103 2934 1191 2985 airu:

101 3010 237 3063 occultam
259 3012 406 3081 εἰρωνείαν
422 3012 486 3061 tunc
503 3024 631 3075 proceres
666 3012 761 3071 ltnme
777 3011 836 3060 bere
852 3015 919 3060 amet
934 3010 1069 3059 44444444
1094 3008 1194 3059 Novius

102 3090 239 3138 Romanos
261 3098 319 3137 rem
337 3086 453 3136 divinam
470 3084 630 3150 plerumque
667 3086 752 3136 Bothe
769 3098 796 3149 p.
808 3086 854 3135 iio:
872 3087 919 3135 Per
935 3086 1009 3134 (44444
1019 3084 1195 3133 scotomia-

102 3162 193 3212 laeere
206 3159 297 3211 solitos
309 3172 369 3211 esse
381 3158 629 3223 ApolliuiPalatino,
666 3174 786 3220 omont,
808 3173 874 3221 quoe
888 3160 921 3209 att
937 3160 1032 3209 4444444
1049 3158 1193 3219 mantue!

101 3234 225 3286 lamiliari
256 3233 291 3283 illi
317 3236 427 3297 Augusti
451 3234 573 3285 numiui?
601 3260 629 3271 —
669 3260 696 3270 -
713 3234 810 3298 solim]
837 3246 890 3283 uon
909 3235 965 3282 tam
984 3232 1125 3295 «decipere
1143 3230 1194 3281 lio-

100 3311 189 3360 Lubrn
208 3314 290 3359 mouet
306 3308 369 3373 cet]
396 3306 548 3359 simillimae
570 3309 632 3359 suut
667 3309 770 3358 mines»
783 3304 1001 3370 quamdaure.»
1017 3332 1043 3341 -
1059 3306 1194 3354 tortosan-

100 3396 215 3447 preees,
245 3382 343 3446 quibus
368 3384 503 3433 mercator
525 3384 631 3433 llercu-
666 3382 762 3446 etoque]
790 3382 969 3444 frequentem
985 3379 1056 3428 hanc
1073 3380 1193 3428 constru-

102 3460 173 3508 rium
192 3458 283 3521 inligat
299 3458 371 3522 apud
389 3458 510 3507 Ovidium
522 3458 590 3507 Fast.
603 3460 628 3519 ii,
667 3459 783 3506 ctionem
801 3455 899 3517 (licius.
920 3452 954 3501 ad
975 3452 1049 3502 ovid.
1071 3452 1132 3501 ller.
1149 3450 1191 3510 44,

102 3532 145 3582 osi
164 3545 226 3597 sqq.
247 3534 343 3583 Totum
360 3531 449 3583 locum
460 3532 578 3583 imitatus
590 3534 631 3583 est
666 3531 706 3581 64.
726 3528 801 3579 ovid.
815 3530 876 3580 liet.
890 3528 915 3588 8,
929 3526 992 3576 oto:
1013 3525 1084 3575 Votis
1102 3525 1193 3573 444444·

101 3607 251 3667 Pei-slusa,
267 3610 355 3671 dsqq.
383 3606 427 3657 llla
449 3608 535 3658 Latro
552 3612 631 3658 mouet
665 3604 738 3653 44444
758 3603 832 3652 liuius
852 3602 912 3651 liare
932 3600 996 3649 moti
1011 3600 1122 3648 44444444.
1150 3598 1190 3649 cl.

102 3682 139 3731 sio
158 3683 303 3746 expressit:
333 3682 380 3731 ltin
396 3682 442 3731 4444·
458 3683 596 3731 introrsum
608 3686 630 3730 et
666 3680 719 3728 Sat.
734 3677 758 3739 4,
772 3677 796 3737 4,
810 3674 860 3737 49.)
877 3673 1117 3736 cumquei-arent,
1137 3670 1192 3735 ple-

101 3756 144 3805 seo
156 3756 498 3821 444944444444444444444.
520 3756 573 3806 Cir.
584 3756 630 3805 Se·
666 3752 743 3816 rique
767 3753 793 3801 in
810 3750 992 3800 accusativum
1010 3749 1190 3798 mutaverunt.

102 3842 169 3880 neca
181 3830 264 3894 Epist.
279 3830 325 3891 lo,
339 3832 369 3880 ii:
389 3832 491 3892 044444
507 3829 630 3879 demmin
668 3854 695 3863 -
708 3825 786 3877 obiice
801 3824 898 3887 444444]
915 3822 1144 3890 quemadmodum
1155 3820 1192 3870 dii

102 3910 137 3953 eri
158 3904 305 3953 4444444444
333 3904 486 3967 marro
506 3907 567 3953 uoto
592 3902 630 3951 dis
665 3901 892 3965 apudllomerum
902 3896 1038 3956 heroibus,
1051 3906 1191 3959 quoscum

102 3978 280 4028 mmmm:
306 3980 327 4027 44
352 3978 409 4041 qnia
424 3978 564 4029 ademerit
579 3990 629 4027 ou-
665 3977 782 4025 maxime
799 3975 925 4025 tutantur.

101 4065 168 4113 run,
186 4053 400 4114 coalescente,
422 4054 488 4114 quod
504 4054 567 4102 aetra
583 4052 629 4101 to-
700 4050 788 4101 63-66.
817 4050 867 4111 Qut
885 4046 1190 4111 4444444444444144444

102 4128 194 4177 runem
210 4128 316 4189 4444444,
334 4128 379 4178 deo
394 4132 514 4177 4444444.
531 4154 557 4163 -
577 4128 630 4175 44-
667 4140 698 4175 44
720 4126 870 4174 Stoicorum
893 4122 1015 4173 (44444444
1041 4120 1076 4170 ita
1101 4118 1190 4182 potius

101 4202 189 4265 oona]
213 4204 352 4253 «Lavema
369 4202 396 4253 iu
412 4203 454 4252 viu
472 4199 569 4252 8444444
586 4199 629 4250 44-
666 4202 708 4249 est
735 4197 922 4257 iudicandum,
952 4195 1084 4247 eiusmodi
1107 4192 1191 4241 vineo
