2925 4892
515 351 573 401 aiii.
594 351 624 400 ll.
660 352 727 402 snt.
748 352 790 400 tv.

150 509 277 574 Ponere
300 506 393 593 signa
416 508 507 572 novis
530 506 727 593 praeceptis,
753 505 863 594 qualia
885 506 1015 574 vinoant

148 628 356 717 Pythagoran
378 627 540 716 Anytique
561 648 654 694 reum
676 627 874 714 doctumque
895 626 1038 694 Platona.

172 825 241 874 SAT.
264 825 304 874 tV.
340 825 365 873 2.
386 825 490 874 vineunt
506 823 571 888 bsp,
590 825 716 888 quattuor
736 825 865 884 Pottierit,
890 824 955 874 item
974 839 1003 882 c.
1031 837 1165 889 supersor.

141 913 166 960 a,
192 897 294 958 idest,
320 899 419 948 uinomt
444 899 482 960 (ut
499 898 564 948 Cod.
584 895 675 948 Bland.
694 899 832 960 antiquiss.
852 901 880 948 et
901 896 943 947 alii
961 901 1087 962 quattuor
1105 902 1167 950 Pot-

142 974 228 1038 tierih,
247 975 306 1024 tum
324 974 383 1024 CtF.
420 974 459 1035 (Ut
476 985 539 1034 nos,
558 972 674 1023 Pottieril
692 970 786 1035 reliqui
803 969 902 1036 aliique
919 974 946 1022 et
963 972 1002 1034 L.)

112 1173 155 1212 sus
167 1158 232 1210 ialsa
245 1172 308 1209 oum
320 1157 378 1209 aliis
387 1159 471 1219 veris,
491 1157 540 1208 sed
552 1157 636 1208 omni·
674 1157 820 1219 monicum,
839 1171 892 1221 qua
909 1158 1054 1209 utebantur
1071 1162 1099 1210 et
1115 1162 1201 1210 orato-

112 1235 160 1285 bus
190 1233 292 1284 iamdiu
321 1232 405 1292 notis,
435 1232 634 1296 permiscuerit,
674 1244 719 1282 res
731 1235 760 1282 et
778 1231 929 1296 philosophi
946 1234 1055 1296 antiqui.
1086 1234 1201 1284 Festinat

112 1311 161 1360 hoo
177 1308 326 1359 admodum
343 1307 447 1371 perfido
466 1305 588 1366 oonsilio,
607 1307 636 1354 ut
674 1307 753 1368 igitur
764 1307 855 1356 Catius
863 1319 972 1368 poam,
986 1307 1102 1369 reterre,
1114 1309 1198 1372 aqna,

112 1382 217 1447 volgum
238 1383 432 1447 Epicureorum
455 1382 635 1432 Romanorum
674 1395 733 1433 voc.
747 1383 856 1447 proprio
872 1384 1201 1447 inupmessenteuttarum

112 1457 264 1508 huiusmodi
289 1455 407 1516 culinae,
438 1457 467 1504 ut
491 1452 634 1514 rebantur,
673 1469 784 1507 suarum
810 1457 836 1506 in
861 1457 921 1507 loeis
942 1470 958 1507 a
980 1471 1010 1507 se
1034 1459 1133 1522 captis,
1160 1459 1199 1518 ut,

26 1523 30 1536 '
112 1531 324 1582 ltaeoenatianae
341 1529 446 1579 arcanis
464 1527 531 1578 mue
547 1526 637 1577 ludili-
673 1532 891 1596 quandocunque
908 1530 983 1591 vetit,
1007 1545 1101 1583 eurum
1118 1545 1201 1582 accu-

112 1607 227 1666 caretur,
236 1605 321 1654 risum
329 1604 420 1653 autem
432 1604 556 1652 moueret
566 1602 637 1653 uiae-
673 1607 731 1657 rate
752 1606 890 1657 reeordari
914 1605 1007 1670 possit.
1042 1606 1109 1656 Vide
1129 1620 1155 1656 v.
1174 1607 1198 1656 6.

112 1681 196 1732 uenali
214 1680 265 1743 ipsi
276 1679 427 1742 oeterbque
439 1677 544 1737 amieis,
563 1676 635 1726 edito
674 1680 728 1732 Cir.
741 1681 836 1744 Soript.
855 1681 890 1731 ad
908 1681 1024 1732 Herenn.
1038 1679 1067 1741 3,
1086 1681 1119 1731 to
1131 1679 1199 1732 dl.

112 1753 208 1806 amuda
234 1751 302 1803 libro
327 1748 473 1802 lectoribus
500 1747 634 1801 omnibus.
674 1755 728 1804 Cio.
749 1756 783 1804 de
806 1755 850 1805 0r.
871 1755 903 1815 t,
929 1753 961 1804 86
987 1766 1076 1817 seqq,
1103 1752 1149 1803 ubi
1174 1754 1200 1818 5.

111 1829 215 1880 Etenim
238 1839 300 1878 oum
323 1824 372 1876 illis
395 1826 513 1889 primum
529 1824 564 1875 ab
582 1825 637 1874 llo·
674 1827 730 1878 359.
750 1831 808 1893 ipse
825 1841 933 1892 quoque
950 1827 1035 1877 verbo
1047 1841 1142 1890 ponere
1153 1830 1203 1878 uti·

111 1904 175 1953 ratio
200 1901 412 1952 communicatas
437 1911 498 1950 esse
516 1900 546 1949 ut
562 1901 636 1948 oete·
674 1905 728 1952 tur:
746 1903 1133 1965 ttmanmemorioproprioest
1144 1917 1203 1952 oro-

111 1992 152 2029 ras
163 1978 272 2041 eclogas
283 1975 440 2041 plerasque,
459 1977 498 2026 sio
509 1975 558 2024 has
571 1987 637 2036 quo·
674 1979 752 2037 torts;
769 1991 827 2028 eom
837 1977 942 2042 sumtis
949 1977 1064 2038 personis
1074 1977 1133 2027 berra
1149 1990 1201 2040 po-

112 2065 161 2116 que
173 2053 271 2103 satiras
282 2053 494 2100 consentaneum
506 2051 556 2100 est.
574 2051 637 2098 Pro-
673 2053 749 2102 sitis
764 2057 854 2102 notare
866 2065 1011 2114 possimne,
1029 2056 1057 2101 at
1067 2053 1201 2102 sententias

114 2127 178 2177 lecto
195 2127 266 2176 haee
283 2123 380 2188 legenti
402 2121 541 2186 aliquoties
563 2123 637 2173 venit
672 2127 881 2190 imaqinibar,
900 2126 1013 2176 ordinem
1032 2126 1111 2175 loeis
1131 2139 1201 2176 omn-

113 2203 136 2251 iu
151 2202 275 2252 mentem
292 2198 359 2250 illius
379 2199 432 2249 Sat.
446 2199 477 2259 2,
496 2199 525 2259 2,
544 2198 589 2247 lit:
608 2198 637 2248 si
670 2204 861 2265 protendamus.
896 2201 933 2252 Eo
945 2199 1039 2251 salsior
1056 2203 1146 2252 autem
1159 2203 1202 2252 est

112 2277 164 2336 quir
178 2288 247 2324 nmio
263 2286 362 2336 mque
377 2273 637 2322 moouedtseritae
674 2277 761 2337 locus,
797 2276 870 2340 quod
898 2274 1025 2326 artificiali
1053 2277 1200 2326 memorias

112 2363 162 2410 sos,
186 2347 289 2400 Purehit
310 2347 386 2410 praui
412 2347 498 2396 docilis
521 2347 637 2397 Romano
674 2363 771 2415 parum
783 2352 829 2400 aut
846 2347 909 2398 nihil
925 2349 1050 2400 tribuisse
1062 2351 1200 2400 Horatium

113 2425 230 2474 maer.
267 2423 394 2472 Ceterum
411 2422 570 2472 meminerat
581 2421 637 2472 lor·
674 2423 833 2475 verisimile
851 2425 900 2474 est.
920 2424 1071 2488 -vincantJ
1089 2426 1201 2489 Propter

113 2499 180 2550 tussa
197 2497 322 2549 Horatius
339 2495 464 2546 similium
481 2499 636 2559 poematum
674 2499 763 2564 ipsum
774 2512 799 2548 v.
813 2498 901 2560 quattu
912 2499 1096 2548 coniunctivae
1107 2500 1199 2561 utique

113 2572 332 2624 didascalicomm
349 2571 383 2621 de
395 2575 452 2622 arte
465 2571 540 2622 eibos
552 2585 636 2636 appa·
674 2574 761 2637 aptior
777 2575 820 2623 est
833 2584 915 2636 quam
926 2572 1024 2620 nimau
1034 2571 1077 2620 vel
1087 2572 1198 2634 vineam,

113 2647 198 2706 randi,
217 2645 326 2710 qualem
340 2648 472 2695 memorat
482 2645 636 2696 Athenaeus
673 2648 773 2710 quippe
785 2647 831 2710 qui
842 2645 986 2709 significet:
1006 2644 1109 2708 «qualia
1123 2645 1199 2696 taeile

115 2719 346 2781 t‚'t.Archestrati
354 2718 573 2789 Γαστρονομίαν
581 2721 633 2769 oet.
672 2719 791 2783 palmam
808 2719 878 2768 terre
896 2720 998 2781 possint
1018 2719 1199 2782 Pythagoricis

114 2795 192 2846 Erant
207 2794 300 2845 itidem
320 2794 394 2843 Ennii
413 2793 564 2855 Phegetioa.
674 2796 854 2858 comparata.»
889 2793 1025 2856 (Ceterum
1048 2793 1200 2846 tuturuma

145 2869 199 2920 l·3.
230 2870 299 2918 Unde
315 2873 338 2917 et
355 2867 412 2930 meo]
430 2867 550 2918 Cir.Sat.
565 2868 589 2927 t,
608 2867 633 2928 s,
672 2867 750 2918 bonis
776 2868 860 2918 Codri.
887 2867 1023 2918 firmatum
1049 2871 1201 2932 praestaret

115 2944 153 2994 aa.
173 2971 200 2981 -
218 2942 312 3006 Gotiau]
329 2941 456 2992 SiePlato
468 2941 570 2992 hlenex.
584 2941 636 2991 ini·
673 2941 768 2992 saltem
798 2942 933 3005 praesenti
965 2941 1081 3006 indicat.)
1122 2943 1198 2994 Cont.

116 3019 160 3068 tio:
179 3014 225 3081 Ἐξ
241 3012 352 3086 ἀγορᾶς
368 3009 390 3081 ἢ
406 3011 497 3065 κόθεν
512 3011 636 3078 navega-
673 3017 739 3080 Epp.
754 3015 782 3075 t,
800 3015 831 3075 l,
850 3015 879 3066 3:
909 3015 1023 3066 Scribere
1043 3017 1109 3080 qaod
1131 3018 1201 3068 Cassi

116 3107 174 3156 νος,·
201 3092 346 3156 Utrobique
371 3103 425 3141 non
452 3093 494 3141 est
517 3092 634 3154 positum
672 3088 814 3140 Parmensis
827 3090 1052 3151 opssestsvinost.
1087 3093 1199 3156 Egregie

116 3181 161 3230 pro
172 3169 306 3227 vocativo,
325 3167 374 3217 sed
386 3178 448 3216 oum
460 3166 578 3229 quadam
589 3166 636 3216 ad·
673 3165 752 3228 poeta
778 3165 901 3227 exprimit
923 3167 1053 3216 Athenaei
1078 3164 1140 3216 illud
1166 3168 1198 3226 7,

118 3243 248 3294 miratione
274 3242 327 3292 hoo
351 3240 455 3290 dierat:
488 3239 582 3292 «Unde
609 3241 636 3290 et
674 3237 721 3288 36:
741 3230 920 3302 Ἀλαζονικόν
937 3239 999 3290 ἐστι
1016 3237 1073 3289 πᾶν
1090 3236 1124 3290 τὸ
1141 3237 1199 3290 τῶν

118 3327 166 3378 quo
182 3317 252 3367 venit
274 3317 319 3365 hio
341 3315 435 3376 homo,
464 3315 491 3363 in
508 3327 561 3377 quo
579 3315 636 3364 lle-
673 3314 818 3384 μαγείρων
829 3309 934 3374 φῦλον.
947 3313 1198 3378 -Anutiquereuml

118 3402 256 3452 aerenum,
276 3390 382 3440 Catium
398 3401 545 3451 agnoscere
558 3389 636 3441 nobis
675 3386 1200 3438 Socratemaecusatumaltaletohuius·

118 3463 256 3515 ridemur.»
270 3491 298 3500 -
310 3462 495 3526 Pauorem]
514 3465 637 3528 Porphy-
674 3475 727 3526 que
751 3460 979 3526 subscriptoribus
1004 3456 1198 3531 (συνηγόροις)

119 3537 171 3588 riou
185 3535 312 3603 explicat:
339 3536 475 3588 «scribere
498 3540 526 3588 et
546 3539 636 3589 consi·
675 3537 781 3598 Lycone
799 3534 936 3596 etrlnuto,
954 3535 1127 3599 quiquidem
1149 3535 1199 3584 So-

119 3623 192 3672 ssnare
214 3625 282 3663 nova
308 3613 483 3676 praeceptu-
510 3612 537 3662 id
561 3612 635 3676 quod
674 3606 1199 3671 cratuudversartorumiongstuitacer·

119 3698 164 3747 pro
180 3690 250 3737 certo
267 3699 311 3736 vv.
328 3699 422 3748 poam
437 3686 511 3749 siuns
533 3687 635 3750 signiti-
673 3685 771 3744 umus,
795 3681 860 3734 Plat.
876 3681 950 3746 Apol.
970 3683 1043 3732 soor.
1061 3696 1088 3748 p.
1107 3683 1148 3733 23.
1167 3684 1196 3734 Ε.

120 3771 177 3810 aare
191 3762 335 3824 nequeunt.
369 3759 419 3810 Alii
435 3761 585 3824 cogitarunt
601 3761 635 3812 da
673 3757 752 3820 Anyti
770 3757 874 3808 tristem
891 3757 973 3806 tinem
990 3757 1200 3808 narratThemi·

121 3834 184 3883 notis
199 3833 373 3896 (Tironianis);
397 3847 494 3884 verum
517 3837 636 3900 praestat
673 3831 740 3883 stius
757 3830 996 3895 omissuros.
1013 3830 1102 3892 Dino,
1121 3832 1199 3882 ouius

120 3904 233 3970 philologi
244 3907 371 3970 anonymi
383 3907 455 3971 apud
465 3907 633 3969 Lambinum‚
673 3904 758 3956 verba
782 3906 864 3955 animi
891 3918 972 3956 eausa
990 3905 1200 3969 exscripsimusa

122 3979 305 4032 llitsohsrliohii
323 3983 350 4032 et
373 3983 573 4045 Morgensternii
592 3983 634 4046 (de
666 3975 784 4032 ’Ἄνυτον
808 3978 985 4030 κατέλευσαν
1008 3975 1056 4029 deul
1080 3977 1199 4048 Empul-

122 4057 302 4108 arteveterum
314 4058 493 4108 mnemonico.
524 4059 633 4122 Dorpati
672 4069 725 4121 την
743 4055 774 4104 οἱ
785 4051 978 4124 Ἡρακλεῶται
988 4051 1109 4120 οἱέντῷ
1120 4050 1198 4103 Πόν-

123 4127 190 4178 raas.
207 4144 230 4194 p.
247 4132 322 4194 XIV.)
347 4133 542 4196 interpretatio,
567 4132 634 4182 haec
672 4143 729 4196 τῳ,
759 4130 808 4180 καὶ
836 4131 888 4180 νῦν
914 4127 1058 4181 δείκνυται
1082 4122 1197 4178 Ἀνύτου

122 4213 163 4249 vv.
180 4205 313 4258 raterenda
331 4219 391 4258 esse
405 4207 439 4257 ad
456 4209 542 4258 artem
555 4219 634 4258 mne·
672 4199 779 4257 αὐτόθι
795 4202 878 4270 σῆμα
888 4203 919 4254 ἐν
931 4202 970 4270 τῷ
988 4202 1149 4272 προαστείῳ
1161 4197 1197 4252 οὐ
