2925 4892
555 312 615 361 sus
633 312 778 362 POETlCd.
1150 312 1214 377 695

163 466 301 533 Nesciet.
346 466 439 534 llunc
461 485 523 552 ego
545 488 614 541 me,
638 468 665 532 si
688 466 767 554 quid
793 488 989 555 componere
1012 489 1137 547 curem,
1172 471 1212 535 35
1277 545 1291 572 ⁸

161 589 233 652 Non
254 586 356 672 magis
378 606 453 653 esse
475 584 570 651 velim
592 606 691 674 quarn
712 607 792 654 naso
814 589 925 655 vivere
948 610 1061 677 pravo,

163 707 385 794 Spectandum
407 706 507 793 nigris
529 706 632 775 oculis
654 709 812 796 nigroque
834 710 959 797 capillo.

162 828 288 894 Sumite
309 828 478 895 materiam
498 828 629 906 vestris,
653 829 709 916 qui
731 829 887 907 scribitis,
911 850 1048 919 aequam

149 985 233 1047 sober,
250 1000 316 1037 suus
331 988 394 1051 cet.)
408 1014 435 1023 -
449 988 490 1038 33.
507 988 589 1037 molis
605 989 634 1038 B.
657 1014 683 1025 -
703 988 744 1041 et.
763 990 854 1053 loselic
870 992 966 1051 operis,
985 1004 1097 1041 summo:
1116 994 1177 1053 quic

151 1058 296 1110 Rentleius.
314 1088 343 1097 -
359 1062 400 1112 35.
417 1062 501 1112 Nescit
516 1063 550 1124 Β,
568 1064 670 1113 Nesciat
685 1075 725 1127 pr.
740 1066 766 1113 et
778 1063 796 1113 b
809 1066 835 1114 et
846 1066 872 1114 S.
882 1088 910 1101 -
924 1078 969 1129 opo
980 1066 1027 1131 me]
1045 1070 1139 1129 epomet
1147 1064 1175 1116 T.

155 1158 181 1169 -
194 1132 236 1183 36.
248 1146 329 1196 proco
349 1136 431 1185 eicere
446 1148 509 1185 acro
520 1137 592 1199 liegii
604 1135 672 1199 duo,
691 1138 731 1186 ct.
748 1160 775 1173 -·
787 1136 828 1186 ³7.
841 1138 984 1201 Spectatum
994 1138 1022 1189 b.
1036 1168 1064 1177 -
1076 1140 1180 1203 nlpreue

152 1208 180 1256 Β.
198 1232 224 1243 -
240 1207 280 1258 38.
298 1211 433 1259 mertam
445 1207 473 1260 iri
487 1207 529 1260 sicr
546 1210 600 1272 (sic)
618 1211 646 1260 B.

119 1340 201 1389 tiatur
212 1340 240 1388 et
250 1337 367 1389 laudatio
375 1342 403 1389 et
413 1341 571 1404 vituperatio
579 1341 647 1390 certi
683 1353 711 1404 p.
723 1340 782 1391 tlt.
796 1341 824 1389 ot
834 1340 891 1390 285.
908 1366 934 1377 -
948 1340 1096 1403 inducitur]
1110 1340 1141 1390 V.
1154 1341 1210 1391 imi·

118 1412 250 1473 bominis,
269 1412 394 1464 omuibus
406 1413 563 1478 aequalibus
580 1415 643 1464 noti.
683 1414 735 1463 tari
746 1414 773 1463 b.
786 1411 802 1464 l.
816 1413 888 1464 idem
900 1413 955 1465 iere
966 1414 1038 1477 quod
1048 1416 1206 1478 exprimere,

117 1488 240 1549 Denique
252 1488 313 1551 quis
325 1488 430 1547 credat,
444 1490 467 1539 si
478 1489 578 1539 Horatii
589 1501 647 1538 ma·
683 1488 861 1552 (mactem)
878 1493 908 1538 nt
930 1490 984 1539 Cio.
1005 1490 1075 1541 Brut.
1095 1492 1141 1551 48,
1159 1490 1206 1539 70:

117 1574 167 1612 uus
193 1562 348 1624 scripsisset
370 1574 450 1622 misc,
482 1561 645 1613 vocabulum
685 1564 796 1613 macrii
813 1564 887 1625 sipia
901 1564 1028 1627 lipidiora
1043 1576 1105 1624 esee,
1131 1576 1209 1625 quom

116 1633 227 1700 planum
243 1636 465 1699 mitissimumque
478 1638 503 1687 iu
515 1639 646 1700 antiquis·
681 1643 709 1687 ut
719 1639 849 1687 imitentur
858 1638 997 1687 ceritatem.
1019 1638 1083 1701 Epp¹
1097 1638 1122 1698 t,
1136 1639 1161 1697 t,
1174 1638 1205 1688 8:

117 1711 192 1761 simis
214 1708 353 1759 codicibus
370 1711 506 1774 corrumpi
525 1713 645 1775 potuisse
682 1711 778 1774 orpilla
795 1709 892 1771 quidvis
902 1710 1039 1760 lactaberis
1049 1711 1110 1759 cdo.
1123 1738 1150 1747 —
1163 1710 1207 1759 lo-

116 1785 143 1833 iu
159 1782 412 1835 alterumomnibos
423 1797 477 1833 non
489 1784 645 1848 aequalibus
680 1786 743 1848 sdic
761 1785 843 1845 operis
858 1785 965 1848 merrmc]
984 1784 1025 1833 «in
1043 1782 1206 1848 perfectione

116 1856 260 1908 obscurius
277 1860 305 1906 et
323 1858 450 1907 rarius‘t»
476 1860 548 1909 flacc
564 1861 645 1910 Deni-
681 1860 770 1923 operis
783 1856 880 1918 infelix,
895 1860 955 1921 quia
965 1858 1204 1908 deficiebatistcn.

116 1946 165 1995 que
174 1933 312 1982 --rorirc
322 1945 385 1983 cum
396 1934 510 1997 scripsit,
524 1948 576 1985 non
589 1946 645 1984 me-
680 1932 909 1984 Bentleiusnntem
918 1944 966 1982 sua
975 1932 1142 1982 distinctione
1154 1934 1206 1983 boc

116 2008 206 2067 minii,
225 2009 253 2056 iu
265 2006 349 2057 codd.
363 2008 478 2070 antiquis
494 2009 561 2058 iiiuc
578 2010 643 2071 (sine
681 2007 797 2057 uoluisse
814 2006 935 2055 videtur:
956 2006 1065 2057 «infelix
1082 2006 1154 2070 quod
1171 2006 1205 2057 ad

116 2082 217 2146 puncto
233 2093 317 2144 super
332 2079 380 2129 litt.
399 2081 421 2141 i,
442 2082 516 2144 quod
532 2082 643 2133 demum
680 2095 748 2146 opus
764 2082 870 2141 attinet,
889 2079 923 2128 ad
935 2092 1084 2131 summam»
1097 2082 1159 2143 cet,
1178 2081 1204 2129 in

116 2156 258 2219 comparet
268 2155 294 2203 in
305 2155 498 2206 recentissimis
509 2157 568 2205 Sec.
578 2156 643 2218 XV.)
680 2169 734 2219 quo
753 2168 816 2207 sane
829 2154 970 2219 dupliciter
981 2155 1091 2216 erravit,
1108 2168 1135 2204 v.
1149 2166 1207 2217 ope·

116 2227 541 2293 etuecsvixatquevixdistingul
550 2242 640 2293 posse.
678 2232 717 2280 ris
740 2242 914 2280 av.s1immo
937 2242 1081 2292 segregans
1104 2230 1131 2279 et
1152 2230 1204 2278 boo

116 2304 210 2365 Neque
226 2314 294 2351 vero
310 2299 445 2365 negligere
461 2302 581 2354 debebat
591 2307 641 2355 Fe-
679 2306 736 2355 siue
762 2302 885 2368 exemplo
905 2315 955 2367 pro
972 2304 999 2351 in
1015 2314 1115 2353 smum
1130 2302 1205 2366 posi-

114 2375 430 2426 ambaecadnotantem:
445 2378 642 2429 «binominum-
679 2380 736 2427 torn
749 2391 809 2427 esse
825 2378 908 2427 ratus.
926 2404 952 2413 -
962 2376 1064 2440 ponere]
1078 2377 1202 2439 «fingere,

115 2451 228 2501 matioos
239 2450 302 2500 inde
314 2450 348 2499 ab
359 2454 465 2501 Acrone
478 2464 530 2503 non
541 2453 641 2503 vidisse
680 2452 901 2511 «dorsteilenpn
920 2452 950 2499 ut
961 2450 1008 2500 Od.
1021 2452 1046 2509 4,
1059 2450 1084 2510 8,
1097 2450 1128 2499 8:
1146 2448 1205 2498 Sol·

115 2526 185 2575 cccc
198 2527 226 2575 et
235 2525 300 2574 eim
310 2524 390 2575 simul
401 2528 473 2575 stare
484 2539 537 2576 nou
549 2540 639 2590 posse.
679 2526 728 2575 lere
744 2538 810 2574 nmio
826 2524 949 2573 bominem
964 2536 1067 2585 ponera,
1086 2534 1153 2572 ncnc
1163 2524 1204 2572 de·

115 2601 192 2650 Circo
208 2600 236 2647 et
249 2600 344 2647 ciram
354 2596 444 2648 locum
455 2600 642 2651 indetermina-
678 2611 729 2648 ren.
750 2598 787 2648 Ci.
801 2599 830 2648 0.
843 2598 907 2647 laba
919 2597 954 2645 ad
966 2600 1039 2647 Pers.
1054 2598 1081 2656 l,
1094 2596 1139 2645 m:
1153 2608 1204 2657 pe-

115 2678 173 2723 tum
187 2672 350 2736 significant;
368 2674 434 2722 inec
445 2686 510 2724 vero
521 2676 641 2725 omnium
680 2685 738 2723 nore
749 2672 841 2721 lucem.
855 2696 882 2707 -
896 2671 982 2734 totum]
996 2682 1105 2719 «omnes
1114 2670 1203 2733 operis

115 2748 296 2799 certissimam
321 2748 348 2797 in
372 2751 449 2812 parte
474 2748 528 2799 ludi
552 2751 642 2799 extre·
678 2749 769 2811 partes
786 2746 972 2795 necessarias»
991 2742 1156 2807 (organicas).
1173 2768 1200 2777 -

114 2835 228 2872 mau-
247 2822 338 2885 molles]
358 2822 407 2871 «ita
424 2825 556 2886 utaequa
573 2822 643 2873 mol·
677 2820 749 2871 Hunc
765 2832 810 2882 eqo
825 2832 916 2869 tm·-
932 2820 989 2868 Non
1004 2818 1088 2881 mapa
1103 2828 1203 2867 osseos·

114 2894 155 2945 les
172 2894 595 2961 (weictwottend)viderentur,
609 2910 641 2947 ao
678 2894 730 2958 liin]
749 2896 885 2957 Frequens
896 2892 1075 2952 constructio;
1094 2892 1134 2942 sic
1145 2890 1200 2940 Cic.

114 2970 222 3020 suntin
240 2970 445 3035 bomineipso.»
470 2970 640 3033 Tibull.t‚8,
679 2968 851 3029 deotflat,
871 2967 917 3027 er,
937 2966 1000 3016 llil:
1025 2965 1204 3029 ocommultc

114 3044 145 3093 9:
165 3044 293 3105 ostritidi
307 3058 375 3094 cunc
391 3046 476 3095 molles
489 3047 592 3109 prodest
602 3060 643 3096 co-
674 3048 818 3106 possessori
838 3042 920 3091 Uticae
939 3041 1025 3091 lollio
1041 3052 1129 3091 errore
1144 3040 1203 3089 dirs-

113 3118 189 3167 tuirse
204 3118 331 3180 capillos?
355 3118 512 3183 cupiditiam
523 3133 589 3171 vero
600 3120 642 3170 di·
678 3123 768 3177 tomo,
781 3130 838 3166 cum
848 3142 880 3153 -·
890 3117 916 3165 io
927 3118 994 3166 comt
1005 3114 1203 3165 ammoveri-

114 3190 238 3255 ligentins
266 3193 430 3256 expressisse
457 3193 529 3256 baud
559 3206 642 3257 parva
678 3193 723 3242 bus
739 3192 899 3256 affabileeriet
912 3188 1203 3239 iocundmnrecssouel·

114 3264 174 3317 laus
192 3269 251 3316 erat
261 3266 377 3318 artificis.
398 3268 473 3318 cont.
487 3267 550 3318 Plin.
564 3268 596 3317 Η.
609 3270 639 3318 N.
678 3268 717 3318 tet.
738 3265 811 3317 Catil.
824 3267 848 3327 4,
860 3267 885 3326 2,
899 3264 929 3315 t:
948 3264 1144 3325 captapanis
1153 3274 1204 3313 esse

114 3339 160 3399 il,
179 3340 211 3400 8,
230 3340 278 3390 ⁴9:
303 3342 355 3402 ipse
377 3346 460 3391 meren
485 3342 584 3404 (Myro)
601 3368 642 3379 --
677 3342 827 3391 ementem.
844 3366 870 3374 -
887 3338 977 3400 proco]
992 3338 1200 3400 sensuproprio,

112 3414 235 3476 ospitium
258 3419 283 3463 et
303 3414 395 3477 pelen
417 3428 468 3464 nou
488 3417 643 3465 mendatim
678 3416 864 3465 «dextrorsum
872 3413 914 3463 vel
923 3410 1203 3463 sinistrorsumdetor-

111 3489 199 3551 secisse
210 3488 342 3553 (emim),
361 3490 642 3551 qummdisontiqul-
678 3491 736 3548 to,»
750 3488 856 3550 seties,
869 3487 996 3545 bromm,
1010 3496 1062 3534 non
1073 3484 1202 3533 scieura·

113 3568 153 3612 tor
168 3564 322 3613 mrumst.
340 3590 355 3599 -
372 3589 387 3599 -
411 3564 458 3613 llic
477 3563 643 3627 (mitoqoras
678 3563 829 3621 tiobvoss,
843 3556 1090 3610 acssttcaArnotd.
1104 3584 1130 3592 -
1142 3556 1203 3619 Spe-

112 3636 250 3699 ltlsepisrc)
263 3637 584 3698 primesnowosetoecos
594 3650 642 3687 ec-
678 3636 808 3700 claudiam]
829 3636 940 3700 propter
959 3629 1201 3697 pulchritudinem,

110 3712 204 3773 imit
218 3712 386 3775 sopitamque
402 3713 552 3777 dilipcstiur.
571 3716 640 3763 Aere
678 3710 766 3762 utOd.
780 3709 911 3771 laeti:
930 3704 1204 3770 tpmntperooctts

112 3786 641 3851 autemetaccuratinsetmolliusquam
677 3786 800 3850 „tyroque
816 3784 890 3834 Crine
906 3783 1031 3833 decorum.
1270 3826 1280 3837 ,.

112 3872 250 3911 marmore
272 3861 385 3925 exprimi
406 3859 528 3911 solebant
544 3859 639 3926 capilli,
710 3858 799 3909 38-44.
824 3859 911 3908 Prima
928 3856 1013 3927 septa
1028 3850 1100 3919 δόξα
1117 3854 1203 3905 luerat

113 3934 202 3984 donec
232 3934 284 3985 sub
309 3935 447 3986 Antoninis
474 3936 640 3985 marmorarii
677 3932 836 3993 deunitate,
850 3924 1045 3995 quamdicunl,
1062 3930 1200 3993 organioo;

113 4020 223 4070 qnoque
248 4009 275 4057 ln
300 4008 352 4059 bac
377 4010 544 4073 potissimum
564 4010 640 4073 parte
677 4009 731 4058 iem
751 4008 804 4070 agit
825 4007 859 4056 de
881 4004 1000 4069 eligenda
1022 4004 1147 4065 materia,
1173 4003 1201 4053 id

113 4094 219 4133 summa
237 4095 300 4133 oum
315 4082 447 4147 diligentia
460 4083 638 4135 elaborarent.
678 4086 731 4144 est,
751 4081 785 4132 de
797 4080 958 4131 inventione.
973 4106 1000 4115 -
1013 4078 1129 4143 aequom]
1142 4090 1202 4127 «ac-
1251 4100 1255 4107 ·

113 4157 166 4207 Cir.
185 4158 303 4209 Visoonti
316 4162 386 4210 Mon.
399 4159 491 4223 Beryti.
510 4160 581 4210 Fose.
596 4160 638 4209 Vl.
677 4156 891 4213 commodatam
910 4156 952 4207 cui
969 4166 1049 4218 peres
1066 4154 1117 4203 sint
1129 4153 1200 4203 vires
