2925 4892
522 368 581 417 niu.
600 370 619 417 ι.
658 368 726 419 sar.
746 370 787 419 ιιι.
1144 367 1204 433 ι65

110 538 269 576 sermonem
287 525 483 585 intermissum,
503 536 649 588 quaereus,
668 522 777 589 qualem
794 538 857 588 erga
876 538 919 576 me
937 540 967 576 se
985 526 1115 591 praebeat
1131 528 1205 577 llae-

109 621 207 660 ceuas:
230 608 300 668 dixi,
318 622 382 659 eum
399 620 476 668 esse,
495 608 540 672 qui
557 609 584 657 in
597 620 675 658 suam
692 606 897 660 familiaritatem
914 622 1015 674 paucos
1032 611 1159 673 recipiat,
1178 613 1206 659 et

110 692 225 743 mem
242 690 322 741 valde
338 691 499 755 prudentem
520 692 631 756 iusuper
646 691 734 741 virum
752 704 828 753 esse,
847 692 893 756 qul
911 691 1058 756 quamlibet
1070 692 1204 743 lortuuam

109 778 181 826 terra
199 776 272 825 norit
287 776 316 824 et
331 776 425 839 possit.
461 774 529 823 Sane
548 772 598 835 (ille
621 774 707 837 dicit),
726 776 750 825 si
767 777 812 824 tua
833 788 917 839 opera
939 774 973 825 illi
990 775 1124 826 lumiliaris
1142 788 1204 825 esse

110 872 239 924 possam,
258 871 323 908 eum
338 870 383 909 ma
400 856 531 917 haberes,
549 858 597 919 qui
606 857 758 908 seeundum
769 860 830 922 post
841 860 868 908 te
881 859 907 909 in
918 857 1079 909 Maecenatis
1091 858 1205 908 amicitia

111 944 203 994 burm
219 944 317 1005 posset
332 940 468 991 obtinere:
494 941 715 1001 mumurantem,
743 941 766 990 st
783 952 827 991 mo
844 940 880 991 illi
897 940 1089 991 commendare
1106 940 1203 1001 velles,

110 1027 161 1077 uisi
179 1028 337 1090 quicunque
348 1024 432 1087 gratia
444 1007 515 1087 apud
532 1024 716 1073 Maecenatem
732 1022 780 1073 tibi
798 1026 946 1085 antestant,
965 1037 1060 1075 omnes
1073 1036 1116 1074 me
1129 1022 1206 1075 adlu-

112 1114 169 1161 tere
196 1108 259 1159 loeo
281 1105 467 1171 depulissest·
500 1108 587 1170 Atque
610 1104 731 1157 similiter
752 1106 886 1171 dialogum
912 1108 955 1159 bic
978 1109 1131 1171 repperisse
1155 1106 1205 1159 sibi

111 1195 160 1244 risi
178 1195 243 1244 sum
261 1190 419 1251 Lambinus,
438 1192 484 1254 qui
500 1203 546 1241 vv.
564 1191 839 1241 preconem-wem
855 1192 977 1253 lloratio,
995 1192 1075 1242 Nauio
1086 1193 1138 1241 eet.
1153 1190 1206 1241 clo-

112 1276 207 1342 qusci·
226 1274 333 1334 tribuit,
351 1272 488 1334 Wieland,
507 1274 587 1332 Voss,
605 1272 734 1336 Gargallo.

177 1359 277 1410 Paucis
294 1357 406 1417 addam,
425 1369 488 1417 sos,
505 1358 550 1420 qui
568 1354 756 1407 detestabilem
768 1369 911 1421 operarum
923 1357 1161 1409 Mediolanenstmu
1178 1370 1203 1407 a.

112 1444 186 1495 tii'l.
205 1453 332 1492 errorem
352 1440 461 1491 &urim
479 1452 528 1505 pro
551 1441 679 1490 datm
700 1440 780 1490 nimis
802 1440 898 1505 cupide
922 1439 1036 1505 amplexi
1061 1442 1137 1501 sunt,
1168 1442 1207 1491 sio

112 1529 167 1577 tere
184 1524 253 1576 illud
269 1525 423 1588 importuno
441 1524 589 1575 imbuentes
606 1524 788 1587 interpretari:
818 1526 917 1575 aliems
934 1526 989 1575 tam
1006 1522 1095 1585 laeve,
1113 1524 1206 1588 utiquc

111 1609 196 1661 multo
213 1607 380 1667 modestius,
398 1619 481 1669 quam
498 1606 611 1657 tortasse
628 1605 710 1657 talem
721 1609 809 1657 virum
821 1606 949 1665 decebat,
970 1606 1089 1657 secunda
1101 1605 1206 1657 ionum

111 1706 176 1743 usus
193 1695 253 1751 est3
272 1703 306 1740 ac
322 1703 407 1754 prope
424 1692 522 1751 miror,
539 1688 628 1750 illum,
646 1690 693 1753 qui
709 1702 887 1753 quoscunque
904 1688 1074 1752 magistratus
1096 1694 1208 1753 cuperet

111 1790 207 1839 gerere
224 1776 283 1825 iam
300 1775 431 1838 potuisset
447 1776 487 1835 et,
511 1772 643 1833 duellet,
668 1772 843 1837 postmodnm
866 1771 999 1821 obtineret
1020 1772 1059 1833 (ut
1075 1772 1208 1835 Augustus

111 1860 315 1923 [Agrippam
338 1858 472 1922 minutia
495 1855 663 1906 mutuetur
685 1856 777 1906 alubi
801 1868 825 1905 a.
850 1868 875 1906 u.
895 1868 919 1907 e.
939 1855 988 1907 726
1009 1857 1037 1905 et
1061 1855 1118 1905 727.
1143 1858 1205 1907 Tac.

112 1948 179 1995 Anu.
195 1944 228 2002 t,
247 1940 295 2001 3.),
315 1940 434 2002 equestri
451 1940 544 1991 ordine
556 1952 665 2004 semper
680 1938 760 1989 malle
778 1952 889 1991 manere
901 1941 1081 1991 caumatum.»
1107 1940 1208 1991 Verum

113 2025 263 2078 inteliciore
279 2022 414 2074 vocabulo
431 2022 467 2073 ad
489 2024 542 2073 hoe
558 2022 776 2087 significandum,
803 2024 826 2075 si
847 2022 891 2073 vel
914 2024 1029 2074 maxime
1047 2024 1207 2074 seutentiam

111 2112 174 2161 hnic
190 2108 254 2159 loco
271 2108 478 2158 convenientem
495 2106 652 2168 iudicasset,
679 2108 718 2156 uti
735 2108 778 2157 uix
799 2107 930 2171 potuisset
952 2106 1083 2157 Horatius.
1119 2104 1167 2156 Alii
1184 2112 1207 2157 ta

112 2193 238 2258 precario
255 2189 415 2255 supplentes
436 2191 473 2241 ita
489 2189 634 2255 explicant:
664 2190 718 2239 «Tu
735 2190 857 2254 quidem,
876 2188 983 2253 Flacca,
1001 2188 1081 2254 paulo
1098 2191 1120 2241 si
1133 2188 1206 2239 celli-

111 2279 170 2328 dior
187 2289 268 2327 esses
284 2276 426 2338 magisque
443 2273 602 2335 industrius,
626 2274 788 2324 llaecenatis
809 2273 898 2324 lavore
916 2274 951 2323 ad
968 2275 1083 2325 maiores
1101 2273 1205 2324 divitias

113 2360 295 2427 acquirendas
313 2357 389 2410 iacile
407 2359 446 2409 uti
466 2358 611 2423 potuisses,
636 2355 809 2419 demirorquc
830 2359 856 2407 te
879 2358 906 2409 id
922 2356 1010 2407 adhuc
1028 2356 1203 2420 neglexisse.»
