2925 4892
530 351 591 402 aas
611 351 758 404 uomica,
1132 353 1194 425 709

146 503 213 570 Sed
237 513 343 570 tamen
367 505 397 568 in
420 506 524 592 pretio
546 517 610 574 est:
633 506 853 574 mediocribus
876 529 950 577 esse
972 511 1076 598 po'etis

144 626 217 690 Non
237 624 401 701 homines,
425 646 490 692 oon
510 626 561 704 di,
584 647 649 694 non
670 649 865 698 concessere
887 631 1066 699 columnae.

144 746 187 814 Ut
207 755 315 833 gratas
338 747 420 812 inter
441 767 571 814 mensas
592 747 785 838 symphonia
807 749 932 820 discors

146 867 186 932 lit
199 885 347 934 cremum
361 878 560 954 unguentum
575 879 608 936 et
622 869 727 936 Sardo
738 891 812 938 cum
825 871 920 941 melle
938 893 1081 962 papaver
1130 875 1192 942 375

145 985 337 1064 Offendunt,
361 997 487 1074 poterat
508 987 582 1056 duci
604 990 682 1077 quia
703 1011 808 1058 coena
829 993 899 1060 sine
924 995 1006 1062 istis:

147 1108 203 1174 Sic
224 1107 339 1174 animis
360 1118 470 1174 nutum
491 1109 722 1199 inventumque
743 1119 861 1199 poema
882 1115 1043 1192 iuvandis,

146 1228 182 1293 Si
204 1227 337 1315 paulum
358 1250 485 1296 summo
507 1228 663 1306 decessit,
687 1233 790 1319 vergit
812 1233 852 1300 ed
876 1235 984 1302 imum.

170 1424 229 1474 ets.
247 1425 304 1474 Nou
314 1427 352 1486 dl,
369 1439 421 1475 uou
435 1427 545 1476 burim
560 1441 587 1491 p,
605 1429 707 1492 pumus
718 1429 883 1490 Hocbederl,
902 1430 1013 1482 llldlnse
1026 1435 1053 1484 et
1064 1434 1156 1484 bamb.

137 1501 179 1562 (ut
202 1511 265 1559 nos,
291 1499 422 1563 absrod.)
448 1529 476 1538 -
503 1501 560 1554 374.
577 1504 660 1566 pratis
675 1505 705 1553 a.
726 1531 754 1540 —
782 1505 838 1555 sta.
858 1507 915 1556 duci
931 1519 985 1556 om.
1004 1507 1032 1557 B.
1054 1535 1082 1545 -
1100 1509 1157 1559 377.

136 1573 239 1622 assim
253 1574 283 1623 B.
299 1599 325 1611 -
346 1574 403 1625 378.
421 1588 439 1625 a
454 1588 551 1626 umaro
567 1577 618 1627 Lc.
634 1602 660 1613 -
676 1579 778 1628 diuedit
794 1579 824 1639 d,
843 1581 950 1630 <tumult
967 1581 1027 1632 bct.
1049 1582 1088 1646 (lit
1100 1595 1157 1643 nos,

135 1646 251 1709 BbSl'c.)
272 1671 299 1683 —
315 1649 400 1712 perpit
415 1649 444 1698 B.

97 1813 169 1862 tuuis
189 1813 270 1863 ciuilis
288 1815 393 1865 udentia
412 1816 498 1866 clano
514 1817 562 1868 init
578 1819 631 1868 iarn
667 1819 746 1872 nullis
772 1820 903 1885 explicare
928 1821 1033 1874 «lautas
1056 1821 1192 1888 solitisque

98 1889 304 1938 triumvirorum
321 1891 444 1952 tempore
455 1903 480 1940 a.
492 1903 520 1940 u.
534 1905 557 1941 c.
571 1893 629 1942 ata.
667 1897 908 1958 sumptuosiores»
930 1898 979 1948 sed
997 1895 1192 1962 simplicissime

99 1960 242 2012 testeVal.
256 1964 323 2012 liar.
337 1964 361 2024 6,
375 1965 400 2025 2,
414 1965 465 2024 ld..
484 1964 630 2016 admodum
668 1968 911 2033 «incubueratque
930 1969 1053 2021 hilares.»
1075 1997 1102 2008 -
1121 1986 1194 2022 uas·

99 2038 184 2100 igitur
200 2049 284 2086 senex
295 2050 328 2086 eo
338 2050 425 2099 anno,
443 2052 497 2102 quc
509 2040 552 2090 bic
564 2039 632 2090 liber
666 2055 723 2092 sum
732 2043 894 2106 unquentum]
908 2046 1002 2096 «nimis
1013 2047 1130 2109 spissum
1143 2061 1193 2098 nec

99 2112 221 2174 scriptus
238 2113 288 2161 est.
315 2111 368 2162 Sed
385 2113 408 2162 si
424 2111 467 2163 vel
487 2117 632 2176 octogena·
668 2117 732 2168 satis
749 2116 943 2170 defaecatum.»
963 2117 1035 2182 (Plio.
1053 2121 1084 2171 ll.
1102 2122 1133 2171 N.
1151 2121 1191 2180 43,

98 2187 160 2236 rins
178 2183 239 2244 luit,
264 2186 289 2234 in
307 2186 373 2236 vivis
391 2187 536 2237 etiamtunc
554 2187 632 2237 luerit
669 2192 699 2250 4,
717 2192 746 2240 2:
774 2192 866 2242 Ornata
890 2199 1019 2257 uupueuta
1043 2195 1194 2244 acutiora

99 2271 219 2309 necesse
242 2262 295 2318 est;
322 2257 386 2309 nibil
407 2260 477 2310 enim
495 2261 632 2311 inconcin-
665 2266 731 2328 {taut
747 2271 825 2328 costo,
844 2281 943 2318 amoueo
954 2294 990 2305 --
1000 2281 1010 2326 ,·
1027 2270 1194 2319 crassiora

99 2335 165 2384 nius
183 2332 366 2396 fuissetquam
384 2346 546 2398 componere
559 2348 632 2384 mor·
666 2340 770 2398 murrbo
790 2341 959 2404 moomraqru
981 2343 1032 2391 cet.
1061 2341 1100 2392 lb.
1119 2343 1145 2404 3,
1162 2342 1192 2393 l:

100 2412 182 2458 tuum
199 2420 262 2458 cum
274 2405 394 2460 Messalla
411 2409 485 2469 vivo,
504 2412 534 2458 ut
549 2410 633 2459 mani·
669 2413 795 2474 Quosdam
819 2415 998 2465 crassitudo
1020 2417 1133 2466 masims
1149 2417 1194 2466 dc·

100 2483 173 2533 testo
191 2481 291 2532 Horatii
308 2481 392 2532 verba
409 2483 566 2545 significant.
591 2483 630 2534 Cl.
666 2488 753 2548 tutat,
771 2488 904 2548 spissum
915 2488 1082 2550 appellantes,
1100 2490 1195 2551 licique

100 2553 234 2606 Streuber
257 2555 319 2605 uber
343 2557 382 2606 dic
405 2556 567 2621 Clsrouobpie
588 2559 633 2607 der
666 2561 735 2620 iam,
760 2573 811 2608 aco
833 2561 913 2610 solum
926 2562 1046 2624 perfrmds'
1062 2565 1195 2626 uapumtis

100 2630 275 2680 Horasitcbeu
283 2631 447 2694 Dicdtuupess.
460 2630 546 2693 Basel,
557 2630 629 2682 4843.
666 2633 797 2697 paudust.)
810 2661 836 2670 -
850 2633 933 2682 Sardo
944 2648 1001 2682 otuu
1013 2634 1092 2697 uude]
1109 2635 1195 2686 «Cor-

100 2719 130 2770 p.
145 2705 203 2755 tas.
221 2705 260 2754 De
278 2707 416 2756 nominum
433 2707 583 2757 inversione
596 2705 629 2754 cl.
666 2709 753 2758 sicum
771 2711 798 2757 et
814 2708 928 2757 Sardum
947 2705 999 2756 mel
1021 2707 1131 2770 pessimi
1149 2722 1194 2760 sa·

101 2777 153 2829 ed.
165 2779 198 2839 ἲ,
211 2779 252 2838 44,
266 2779 291 2828 2.
312 2805 339 2814 ·-
357 2780 415 2828 Nou
431 2781 555 2840 Munium,
580 2794 632 2829 stou
666 2782 740 2846 poris
758 2784 824 2830 est.»
843 2781 935 2829 Posce.
955 2779 1026 2842 Virg.
1040 2779 1093 2830 Ecl.
1107 2781 1132 2842 7,
1145 2780 1191 2832 ll:

100 2853 143 2915 dt]
161 2853 288 2904 lnrersns
305 2853 372 2904 ordo
387 2855 445 2904 Nou
462 2856 500 2915 di,
518 2867 568 2904 uou
585 2853 631 2902 bo-
667 2867 712 2918 epo
721 2853 854 2903 Sardoniis
861 2853 947 2903 uidcor
958 2854 1002 2902 tibi
1013 2854 1195 2906 amorium

99 2929 183 2978 mines
197 2926 233 2976 ab
251 2928 283 2978 iis
300 2927 424 2979 inductus
441 2932 499 2988 est,
517 2928 562 2992 qui
579 2927 631 2976 mi-
667 2929 711 2977 bis.
739 2929 793 2978 Nec
809 2928 897 2977 minus
911 2928 1099 2978 rnelOorsiuen
1109 2943 1195 2993 aspere

101 3016 155 3053 nus
177 3002 276 3052 decere
299 3001 492 3053 arbitrarentur
507 3002 631 3052 homines
665 3003 760 3052 mum
776 3001 914 3052 labebatur
932 3000 1004 3066 (Plio.
1018 3003 1048 3054 ll.
1062 3005 1093 3056 N.
1106 3003 1154 3066 30,
1167 3005 1192 3065 4,

101 3077 144 3128 dis
170 3077 301 3141 praeponi
320 3091 353 3128 ec
374 3077 542 3143 praeferrent
557 3075 631 3127 ordi·
667 3077 733 3138 lit),
753 3075 826 3140 quod
844 3077 936 3140 inform
950 3081 1029 3128 vocet
1046 3077 1119 3130 Ouid.
1133 3082 1192 3129 Am.

101 3164 166 3202 nem
184 3149 306 3210 solitum,
330 3153 359 3201 ot
375 3154 418 3201 est
433 3151 505 3214 apud
523 3151 577 3201 Cic.
595 3149 631 3201 ad
668 3151 692 3209 4,
706 3151 747 3210 ts,
762 3151 800 3200 ld.
816 3151 858 3201 Sic
870 3153 1096 3204 etiamPonticum
1110 3153 1191 3216 (Dios.

102 3227 177 3276 Fam.
193 3227 218 3287 4,
232 3225 260 3274 9:
280 3226 318 3274 dis
332 3225 519 3288 Mmiudtuque
534 3239 631 3288 appro-
667 3224 794 3288 ap.Stob.
810 3227 837 3276 T.
849 3226 889 3284 43,
901 3227 940 3276 48.
956 3239 982 3290 p.
993 3227 1051 3277 263.
1065 3227 1192 3288 Taucbn.)

100 3299 227 3348 bamibus
246 3299 301 3349 Lir.
311 3299 335 3358 3,
350 3301 390 3349 47.
403 3299 446 3358 to,
457 3300 508 3358 tar
521 3300 565 3348 cui
577 3298 631 3349 lor·
667 3293 771 3368 πικρὸν
787 3301 837 3350 καὶ
854 3292 958 3364 ἀηδές,
977 3302 1109 3365 optimum
1127 3314 1193 3351 con·

101 3373 194 3424 mulae
205 3369 284 3444 παρὰ
295 3372 473 3444 προσδοκίαν
483 3373 569 3424 addit:
581 3387 632 3422 noa
667 3374 707 3420 tra
717 3374 882 3434 Hymettium
894 3377 922 3422 et
936 3372 1095 3436 Hyblaeum.
1108 3402 1135 3410 -
1144 3388 1195 3436 pu

101 3461 244 3498 commem
258 3447 402 3508 columae,
421 3449 543 3508 eaedem.
562 3460 631 3510 qnae
662 3446 753 3510 pauer]
774 3445 839 3497 Plln.
853 3447 883 3497 ll.
900 3449 927 3498 N.
942 3447 985 3507 49,
999 3447 1029 3508 8,
1043 3447 1090 3496 53:
1107 3449 1194 3508 Papo·

101 3524 200 3583 Satl,
218 3521 542 3584 l‚7t.rocantorpilae‚
570 3524 631 3572 ante
666 3521 937 3572 uerucoudidisuueu
948 3521 1194 3570 testamiusecuuda

100 3594 310 3660 bibliopolarum
322 3595 462 3655 tabernas;
478 3595 576 3658 quibus
589 3609 632 3646 cc
666 3608 753 3644 marusa
769 3609 826 3646 cum
841 3595 911 3644 uuile
928 3595 997 3656 apud
1013 3595 1130 3656 caticum
1146 3595 1194 3644 dc-

101 3670 202 3721 lmnnis
227 3669 357 3722 librorum
379 3670 512 3722 venalium
530 3671 631 3722 indices
666 3669 750 3719 batur.
766 3697 793 3706 η
807 3668 872 3733 duci]
892 3671 1011 3733 upoterat
1027 3682 1113 3733 aeque
1130 3667 1195 3720 hile·

100 3743 289 3808 affigebantur.
308 3746 410 3796 «Etiam
426 3744 632 3797 columnasillas
668 3745 734 3795 riter
753 3743 864 3808 produci
885 3756 969 3794 coena
991 3745 1048 3794 sine
1066 3744 1122 3796 istis
1139 3759 1194 3794 aa·

101 3819 263 3870 inanimatas
278 3819 364 3884 pudet
376 3820 552 3871 mediocrium
569 3824 633 3884 poe-
668 3820 794 3890 ρέργοις,
820 3830 903 3881 quae,
930 3829 992 3868 cum
1021 3821 1195 3883 praepostera

103 3897 193 3944 tarum
211 3894 239 3943 et
255 3893 352 3944 borum
370 3895 478 3944 nomina
494 3893 546 3946 sibi
562 3893 632 3956 elligi
668 3896 743 3954 uum¹
769 3891 890 3944 molestia
907 3891 1024 3942 alliciunt
1042 3893 1194 3943 convivas.»

102 3966 275 4029 indignentur
285 3980 339 4018 non
350 3981 430 4019 secum
441 3971 522 4032 atque
534 3968 566 4018 iis
574 3967 632 4016 irati
670 3993 698 4003 -
717 3966 824 4030 messit]
853 3967 958 4016 Rectior
974 3967 1042 4016 baec
1059 3968 1100 4018 est
1116 3964 1195 4015 lectio

103 4043 169 4092 sunt
186 4040 431 4105 dihominesqne.»
445 4039 544 4105 (Nullos
560 4042 633 4092 vide·
668 4053 751 4104 qnam
772 4040 891 4100 ducum,
918 4051 980 4090 cum
1003 4039 1132 4104 significet
1158 4051 1194 4088 aa

103 4116 168 4166 licet
184 4115 322 4180 reperiunt
338 4117 495 4180 emptores.)
669 4127 776 4165 summo
802 4113 904 4178 lastigie
926 4114 1066 4166 demittere
1090 4125 1120 4163 se
1143 4113 1196 4162 bu-

137 4189 261 4242 374-378.
286 4190 384 4254 patus]
405 4189 462 4241 Noli
484 4203 546 4240 cum
564 4203 633 4240 uon·
669 4201 744 4240 mum
761 4201 886 4240 versus»
908 4217 934 4226 -
960 4190 1041 4253 carpit
1057 4189 1092 4238 ad
1106 4186 1193 4253 uuum]

193 4281 284 4329 licus.
301 4293 355 4328 ror..
371 4281 399 4328 ll.
430 4293 471 4326 an.
486 4292 537 4328 rau.
554 4280 592 4327 ill.
980 4279 1008 4328 ts
