2925 4892
502 374 561 424 nn.
582 375 600 423 1.
637 374 737 427 nersr.
755 376 832 429 nvn.
1147 382 1204 448 iili

161 526 286 591 Caecus
310 526 371 592 iter
392 536 570 595 monstrare
591 528 683 609 velit;
707 540 814 598 tamen
836 532 984 621 adspice,
1008 538 1137 627 siquid

159 646 198 710 Et
218 666 293 721 nos,
318 646 407 734 quod
429 666 526 714 curas
549 650 715 737 proprium
737 652 869 732 iecisse,
899 656 1079 744 loquamur.
1187 664 1207 727 5

160 766 193 831 Si
216 776 248 832 te
270 776 361 853 graia
383 768 477 856 quies
499 780 532 835 et
553 770 689 857 primam
712 793 846 843 somnus
869 778 901 842 in
923 778 1036 845 horam

158 886 318 966 Delectat,
341 888 368 954 si
391 899 424 955 te
446 888 552 977 pulvis
574 892 794 981 strepitusque
816 906 975 976 rotarum,

158 1008 191 1075 Si
215 1008 314 1075 laedit
334 1028 497 1097 caupona,
522 1012 727 1079 Ferentinum
751 1015 798 1082 ire
821 1016 960 1099 iubeb03

157 1132 238 1196 Nam
259 1150 368 1217 neque
389 1128 541 1197 divitibus
564 1132 751 1221 contingunt
770 1138 889 1223 gaudia
911 1140 1007 1219 solis,

156 1252 224 1317 Nec
246 1250 322 1315 vixit
343 1250 440 1327 male,
464 1251 520 1339 qui
543 1262 636 1319 natus
658 1256 866 1345 moriensque
888 1260 1005 1329 lelellit.
1162 1268 1203 1333 io
1284 1347 1288 1353 ¹

179 1410 205 1460 8.
223 1410 304 1460 uiuet
323 1409 424 1475 ussup,
443 1412 559 1463 Pettierii
579 1410 713 1478 plerique,
742 1418 806 1467 cet
822 1417 969 1482 senicius,
995 1423 1081 1474 taedai
1100 1438 1169 1477 unus

146 1484 264 1535 Potiierii
282 1484 321 1534 43.
341 1486 381 1548 (Ut
397 1498 459 1546 nos,
478 1486 532 1537 duo
546 1485 665 1539 Blendin.
685 1492 713 1541 et
729 1490 783 1542 duo
798 1494 936 1557 Poitierii.)

114 1612 238 1683 ὁδηγὸν,
259 1614 334 1683 μήτε
350 1614 489 1685 ἐκνόητον
506 1618 639 1685 σύμβου-
676 1621 820 1673 molestum
845 1634 907 1675 esse
933 1638 986 1675 non
1010 1640 1099 1691 posse.
1127 1654 1154 1666 -
1178 1632 1200 1681 ri

113 1689 174 1741 λον.
190 1720 217 1728 -
228 1694 363 1755 proprium
375 1693 467 1758 [scine]
485 1688 637 1765 ἀορίστως,
674 1695 752 1747 laedit
767 1697 892 1761 caupone]
904 1699 1015 1749 Dacier:
1033 1702 1062 1750 Si
1076 1716 1138 1751 vous
1152 1707 1201 1755 etei

113 1767 155 1817 uin
178 1778 238 1817 rem
262 1768 336 1818 tuam
356 1770 493 1830 verterem
520 1770 638 1833 degene—
673 1769 829 1820 immunde
851 1771 887 1821 (lu
909 1772 1037 1837 uossmupe
1061 1777 1136 1827 ‹l'eere
1156 1783 1200 1827 ta·

112 1841 195 1891 rantis
211 1842 357 1892 Latinitatis
373 1844 550 1905 appropriare.
672 1856 756 1893 nuru.
785 1842 910 1895 Similiter
932 1846 1076 1898 Obbarius:
1106 1850 1150 1900 «si
1172 1853 1198 1901 te

144 1915 218 1963 o-iu.
248 1914 277 1963 Si
300 1919 324 1965 te
344 1916 406 1979 cet]
429 1918 471 1965 «Si
496 1916 637 1968 delecteris
674 1916 785 1969 offendit
808 1918 910 1970 clamer
934 1918 976 1971 ite
996 1934 1029 1971 ac
1054 1922 1196 1987 tumultus,

111 1988 203 2049 quiete
226 1990 308 2051 atque
330 1990 397 2049 otio,
424 1991 564 2054 strepitum
582 1989 637 2041 cla·
674 1993 719 2057 qui
745 2007 777 2043 ex
801 1998 929 2059 cauponis
954 1997 980 2047 in
1005 1998 1072 2049 vicis
1097 2002 1198 2053 Romae

110 2074 271 2125 moremque
297 2061 409 2113 moleste
435 2062 538 2126 serene,
566 2065 635 2117 Urbe
672 2069 820 2119 constitutis
836 2068 871 2118 ud
895 2073 954 2121 tuas
974 2083 1054 2121 eures
1073 2074 1196 2125 accidit..

110 2140 138 2189 et
154 2140 290 2189 maiorum
301 2140 494 2191 consuetudine
506 2140 596 2191 relicta
609 2144 636 2193 in
671 2140 720 2191 tiit
732 2144 761 2191 et
771 2154 897 2193 somnum
908 2144 1087 2211 interruptum
1096 2150 1125 2199 ei
1135 2162 1198 2199 cau·

109 2213 201 2264 locum
218 2213 354 2275 quendem
372 2214 568 2279 infrequentem
588 2216 635 2267 tibi
671 2226 771 2278 ponam
784 2217 862 2280 (quae
879 2219 942 2269 tunc
958 2222 1093 2283 pessimae
1104 2226 1194 2285 erant;

109 2286 301 2338 decedendum
327 2290 395 2338 est.»
423 2312 450 2325 ·-
472 2292 636 2351 prunorum
672 2288 704 2339 cl.
726 2290 792 2353 Epp.
815 2292 844 2352 t,
868 2293 914 2352 li,
937 2294 988 2356 tr.)
1006 2299 1034 2345 et
1056 2296 1196 2360 pulverem

107 2361 208 2425 iorem]
227 2360 281 2411 diei
296 2360 378 2413 civilis
390 2362 451 2413 inde
463 2377 479 2412 a
491 2362 553 2415 solis
565 2367 633 2424 ortu;
671 2365 867 2428 strepitumque
884 2369 1004 2419 rotarum
1021 2370 1140 2422 relerunt
1161 2372 1195 2422 ad

107 2436 217 2487 diverse
243 2437 320 2499 igitur
344 2436 393 2486 luit
417 2450 450 2488 ex
471 2437 635 2502 singulorum
671 2438 796 2490 itinerum
807 2453 870 2491 cum
886 2440 1011 2493 divitibus
1028 2447 1147 2508 patronis
1159 2446 1196 2497 la·

108 2510 172 2564 anni
199 2512 352 2574 temporum
377 2512 488 2563 ratione.
517 2512 576 2563 Vid.
599 2512 635 2563 ed
671 2512 829 2563 ciendomm
841 2515 875 2576 lv.
887 2516 920 2565 52
931 2517 1001 2580 sqq.)
1014 2518 1193 2572 incommoda.

108 2586 177 2649 Epp.
192 2585 220 2644 i,
239 2585 268 2644 7,
286 2582 327 2635 ii.
352 2586 482 2636 Somnum
498 2589 589 2637 eutem
607 2589 634 2638 in
673 2612 700 2623 -
714 2587 880 2651 Ferentium]
893 2590 1069 2642 Hernicorum
1080 2594 1194 2657 oppidu-

107 2658 180 2712 Urbe
204 2657 312 2708 turbant
333 2658 418 2709 cilicia
440 2660 494 2709 iam
511 2673 527 2709 a
547 2662 633 2725 primo
670 2658 740 2720 lum,
759 2663 917 2711 montanum
933 2665 1013 2725 utque
1030 2664 1192 2730 solitarium

108 2746 190 2785 mene
212 2732 383 2796 praestanda.
414 2733 452 2784 Cl.
472 2732 581 2787 llerliel.
600 2735 631 2795 l,
671 2733 861 2797 emunicipium
888 2736 947 2785 viae
980 2738 1127 2789 lavicanae
1158 2741 1194 2792 ad

106 2808 137 2869 8,
157 2809 188 2857 i:
206 2808 295 2857 leiim
309 2806 445 2857 seiuienter
460 2812 536 2870 utque
551 2809 634 2859 utera
669 2808 778 2857 XLVIII.
809 2805 957 2871 lapidem.»
997 2812 1082 2861 Con.
1112 2814 1192 2873 Cnuo.

105 2882 214 2931 eontmii
224 2881 296 2929 iore.
308 2882 348 2941 ti,
359 2880 403 2931 68:
416 2882 631 2944 llutuiineciiens,
669 2878 791 2933 Nonnulli
808 2882 910 2932 habent
919 2897 969 2948 pro
980 2886 1090 2936 Tusciae
1102 2888 1194 2950 oppido

104 2956 177 3006 uriir
198 2955 261 3005 miii
282 2967 360 3005 cuma
381 2956 495 3017 relictos,
513 2982 528 2993 -
544 2982 559 2992 -
576 2957 633 3007 Oiie
669 2955 800 3006 Ferentino
824 2958 903 3020 (suet.
923 2959 983 3009 oth.
1004 2961 1053 3023 t.)‚
1077 2960 1120 3011 uel
1143 2975 1192 3026 pro

105 3044 146 3081 mo
161 3042 312 3091 retrususque
327 3030 429 3090 iuveni,
456 3043 521 3091 quae
536 3044 633 3094 muana
668 3030 770 3092 oppido,
789 3032 865 3083 cuius
877 3033 929 3083 adi.
944 3035 1193 3088 estFFliFNFlFN-

105 3105 210 3169 nepauit
231 3104 312 3153 lieniu
331 3103 400 3153 milei.
422 3130 449 3139 -
466 3104 548 3167 prauis
567 3110 632 3155 rire-
668 3102 718 3154 sis
735 3104 790 3167 (sic)
812 3106 840 3156 iu
861 3108 944 3158 inscr.
960 3108 1054 3159 Δηηαλί
1074 3111 1189 3162 ietl'lnet.

101 3181 222 3241 priusque
245 3177 369 3240 retarurn]
395 3178 417 3228 A
442 3180 530 3229 causis
557 3180 632 3230 inso—
667 3179 776 3230 urcisci.
794 3182 813 3230 l.
832 3193 860 3244 p.
880 3182 936 3233 476.
967 3185 1058 3235 Uirum
1078 3185 1104 3235 in
1126 3185 1191 3237 locis

105 3254 243 3304 mniorum
254 3254 348 3303 uenali
358 3251 393 3301 ad
405 3251 550 3314 molestias,
563 3266 630 3317 quas
668 3250 716 3303 illis
734 3252 872 3316 solitariis,
897 3257 934 3306 uti
957 3256 1074 3309 nonnulli
1091 3262 1192 3323 opinati

105 3328 218 3391 queens
245 3326 297 3377 diei
322 3327 387 3377 hora
413 3328 513 3377 Romae
538 3326 631 3379 incolis
667 3327 1190 3391 sunt,villamhabueritscaevanecne.

105 3404 188 3451 creet.
225 3399 265 3451 Cl.
286 3400 445 3451 Pseudovid.
466 3402 531 3451 Nuc.
545 3414 570 3451 v.
584 3402 629 3453 87:
667 3412 716 3451 nos
733 3402 895 3465 ignoramus.
910 3429 937 3439 -
950 3404 1055 3465 amia]
1074 3404 1190 3468 «ubique

105 3476 176 3527 Fetiz
191 3480 287 3525 secreto
303 3488 369 3537 quoe
383 3480 448 3525 uoto
464 3481 499 3525 ert
515 3475 631 3526 artorio
667 3476 694 3525 et
718 3487 768 3537 per
789 3477 872 3525 iotam
888 3476 1002 3534 ritam;»
1027 3488 1081 3527 non
1103 3477 1191 3529 solum
1213 3479 1215 3482 ’

104 3552 183 3601 urvo!
195 3575 211 3585 -
221 3576 237 3586 -
247 3550 304 3599 Non
319 3550 448 3599 lominum
457 3552 574 3613 strepitu
584 3564 630 3601 aar·
667 3549 740 3599 enim
755 3549 956 3599 rusticationem
973 3551 1000 3599 in
1017 3548 1082 3599 locis
1096 3563 1191 3601 amoe-

104 3624 153 3685 iit,
170 3637 224 3673 nou
240 3622 287 3673 lita
301 3628 433 3682 rotonum
449 3625 507 3675 Non
518 3638 535 3673 a
546 3625 631 3674 υίοίηα
667 3623 721 3684 nis,
740 3626 771 3673 ul
786 3624 928 3687 Doeringio
940 3625 1093 3685 visumst,
1111 3626 1190 3689 signi-

103 3698 281 3761 puluerulenta
302 3698 346 3749 uia
374 3704 417 3749 est.
458 3702 629 3751 Permirum
666 3698 736 3747 licet.
752 3724 780 3733 -
793 3698 837 3759 qui
851 3711 923 3747 em.
935 3698 1029 3762 fefellit]
1047 3700 1191 3763 «quirem-

105 3766 253 3836 a'ssiewiar
269 3770 386 3822 nonnulli
408 3772 572 3836 explicarunt
594 3773 630 3825 de
666 3784 715 3835 per
732 3770 819 3833 latuit,
845 3773 909 3822 uixit
929 3774 1061 3835 ignotus.»
1077 3773 1134 3837 vel,
1160 3777 1190 3826 ut

106 3850 236 3897 nocturno
246 3848 274 3897 in
285 3844 354 3898 Urbe
367 3858 495 3898 curruum
506 3848 628 3912 strepitu,
666 3847 703 3896 ait
718 3847 820 3897 Acron:
848 3848 910 3907 «qui
926 3844 1013 3910 latuit,
1032 3840 1063 3898 ut'
1072 3851 1100 3899 ei
1110 3853 1189 3900 natue

105 3920 139 3970 de
162 3932 216 3984 quo
238 3920 329 3970 iuven.
347 3920 376 3981 3,
398 3920 462 3970 236:
487 3922 630 3971 iliadum
666 3921 693 3969 et
709 3919 829 3971 moriens
846 3922 1038 3984 ignoraretur.»
1067 3922 1106 3973 Ci.
1120 3924 1187 3987 Epp.

106 3996 227 4044 nauium
250 3998 308 4043 urio
336 3994 451 4044 Vicorun
474 3995 571 4059 infirm
589 4020 629 4031 --
666 3994 694 4054 l,
714 3995 759 4055 lii,
778 3994 839 4044 ⁴03:
857 3996 1189 4059 secretreniteretsullen·

106 4068 220 4130 srtpent
245 4080 360 4117 sunm
387 4068 471 4119 Dirce
497 4068 629 4130 auumque
663 4067 695 4117 tir
710 4069 800 4119 souitu
813 4069 889 4120 vitoe.
920 4071 1056 4134 Frequens
1072 4071 1188 4121 esteen-

105 4143 221 4192 mcrinir.
250 4142 462 4204 licentiarum,
488 4141 628 4207 pulverem
664 4142 755 4192 tentia.
790 4143 879 4207 Eurip.
902 4144 985 4209 lphig.
1008 4144 1034 4193 in
1058 4141 1116 4195 Aul.
1138 4143 1185 4193 ti:

107 4217 187 4266 noctu
199 4216 245 4276 iis,
264 4216 310 4279 qui
321 4217 348 4267 in
360 4214 458 4268 lectulo
469 4230 519 4269 oue
530 4216 626 4279 iacent,
663 4212 746 4281 Ζηλῶ
757 4209 902 4287 &deipsis
910 4212 945 4280 ὃς
955 4212 1109 4269 ἀκίνδυνον
1116 4215 1187 4267 Bion
