2925 4892
534 326 592 376 trs.
613 328 631 375 Ι.
667 330 735 379 8ΑΤ.
757 330 796 380 vt.

161 480 260 561 Qnod
282 500 348 545 non
370 481 528 567 ingenuos
549 480 668 549 hebeat
688 481 859 572 clerosque
881 496 1046 573 parentes,

160 604 214 669 Sic
236 623 290 667 rne
312 601 492 668 defendam.
535 603 644 689 Longe
665 624 739 670 mea
767 604 930 692 discrepat
951 608 1018 675 istis

159 724 198 789 Et
217 744 284 788 vox
307 723 458 789 stratio:
480 743 555 789 nem
574 726 602 790 si
624 734 738 792 nature
761 726 888 793 iuberet

163 844 310 910 scortis
331 843 423 909 annis
445 864 562 911 aevum
587 866 734 912 remeare
757 858 923 933 peractum

161 969 268 1052 Atque
290 964 372 1031 aiios
394 964 505 1051 tegere
527 964 569 1033 ed
590 965 705 1032 festum
726 988 940 1057 quoscunque
968 982 1119 1059 parentes
1171 974 1213 1037 95

161 1087 301 1172 Optaret
326 1085 388 1151 sibi
409 1085 565 1173 quisque,
588 1087 669 1154 meis
691 1098 860 1155 contentus
881 1090 1035 1158 honestos

161 1205 322 1271 Fascibus
343 1215 377 1271 et
397 1203 485 1271 sellis
508 1204 625 1273 nollem
646 1206 723 1272 mihi
746 1228 889 1283 sumere,
913 1210 1047 1279 demens

162 1325 289 1392 iudicio
313 1323 414 1412 voigi,
437 1346 535 1391 sanus
557 1326 693 1394 tortasse
715 1337 789 1405 tuo,
813 1330 902 1417 qnod

160 1446 287 1512 Nollem
303 1466 388 1510 onus
403 1444 490 1511 haud
504 1468 648 1535 unquam
662 1447 776 1514 solitus
790 1460 920 1537 portare
936 1452 1115 1518 molestum.

159 1569 240 1631 Nam
263 1564 343 1631 mihi
365 1567 517 1631 continuo
538 1566 642 1633 maior
662 1569 851 1654 quaerenda
873 1570 955 1639 foret
976 1594 1029 1638 res
1148 1574 1210 1639 too

157 1690 267 1774 ,tique
290 1685 450 1752 salutandi
473 1686 598 1773 piures,
622 1688 792 1756 ducendus
815 1700 847 1756 ct
869 1712 952 1756 unus

180 1878 224 1926 96.
243 1876 363 1925 anemos
379 1876 404 1925 S.
423 1874 535 1939 (essuos
550 1876 635 1929 codd.
654 1875 725 1941 sitq.)
747 1904 773 1913 -
793 1876 833 1927 st.
851 1878 929 1927 notin
946 1882 963 1929 t.

119 2038 206 2075 m
231 2036 349 2073 renem
372 2024 518 2089 missa]
545 2027 648 2076 «vitem
685 2025 770 2075 amitis
790 2026 852 2075 eiiii
875 2026 946 2077 tiberi
962 2027 1081 2089 relinquit
1102 2028 1212 2079 ω’νωιηι-

119 2099 206 2149 denuo
228 2099 366 2161 incipero,
391 2097 454 2148 inde
472 2112 488 2147 e
505 2102 580 2149 certo
600 2112 648 2149 ee-
683 2101 755 2162 stores
770 2101 895 2150 clientium
907 2102 1032 2163 peperisset
1050 2103 1107 2153 Non
1120 2106 1210 2155 temen

121 2174 178 2223 tetis
203 2185 292 2231 anno,
323 2171 528 2235 quadragesimo
557 2174 647 2237 puta.»
685 2174 743 2223 etos
771 2174 1017 2237 interpretationem
1046 2176 1208 2240 comprobo:

119 2248 205 2311 Eorip.
223 2244 320 2309 Suppi.
339 2246 416 2295 soso:
435 2247 463 2295 rt
478 2242 514 2310 δὴ
531 2244 649 2315 βροτοϊ-
685 2259 748 2297 nem
769 2248 942 2297 memorande
966 2262 1032 2299 sane
1054 2252 1113 2299 erat
1133 2248 1210 2314 iunge

120 2337 165 2371 oss
180 2316 238 2371 οὐκ
255 2314 337 2369 ἔστιν
352 2316 420 2369 τόδε
436 2320 529 2382 Nicer
545 2318 589 2382 δὶς
606 2318 647 2371 ei-
684 2321 770 2371 metor
786 2320 908 2371 molestie
925 2320 991 2373 eiios
1011 2322 1156 2383 salutandi;
1184 2326 1211 2375 et

120 2411 165 2446 νω
178 2396 232 2444 καὶ
248 2395 388 2462 γέροντας
399 2384 439 2443 ad
449 2391 552 2453 adhe,-
571 2422 599 2431 —
612 2398 648 2445 ad
684 2395 730 2457 qui
751 2395 866 2445 meiores
890 2396 1007 2447 honores
1030 2396 1208 2462 appetebent,

118 2470 217 2533 [mm]
230 2467 401 2517 «secundum
418 2467 528 2528 testam,
547 2482 596 2533 pro
612 2470 649 2519 ie·
684 2468 765 2517 etiam
776 2480 838 2518 cum
850 2470 997 2529 senatores,
1011 2469 1120 2531 eediies,
1134 2483 1211 2534 pree-

119 2549 159 2595 stn
174 2557 242 2601 seo,
266 2544 411 2605 parentes,
435 2542 534 2605 quibos
550 2541 648 2606 gioria·
684 2543 757 2591 tores
774 2545 876 2601 essent,
899 2542 1085 2604 suffragiorum
1104 2544 1131 2593 ei
1151 2558 1211 2595 am-

119 2622 218 2669 retor.·
256 2614 334 2666 tiand
351 2616 428 2665 Turs.
447 2617 466 2665 t.
479 2628 506 2679 p.
520 2616 583 2667 itt:
602 2619 648 2667 «ut
683 2615 790 2664 hittonis
819 2627 900 2664 censa
936 2617 1067 2679 primores
1100 2619 1210 2667 civitetis

117 2688 385 2743 satisfieretiestui.»
405 2714 433 2725 -
452 2690 483 2737 V.
495 2693 586 2740 eutem
600 2704 648 2752 po·
684 2686 800 2737 satutere
819 2700 931 2737 necesse
949 2688 1094 2739 habebunt.
1131 2692 1167 2739 ite
1181 2692 1207 2740 L.

118 2772 305 2826 missaeque
328 2762 444 2827 pertinet
464 2763 500 2814 ad
523 2777 567 2814 vv.
584 2766 649 2815 otios
684 2761 861 2823 Vargunteius
884 2763 992 2811 senetor
1009 2764 1037 2813 et
1060 2764 1088 2811 C.
1109 2764 1212 2813 Corne-

116 2843 195 2905 iepere
217 2841 249 2889 et
268 2838 305 2886 ad
325 2850 369 2885 vr.
387 2848 546 2898 amoremque
567 2840 648 2900 Opto-
683 2833 734 2885 iius
752 2846 836 2897 eques
854 2836 900 2885 iio.
919 2836 995 2885 sicuti
1013 2834 1157 2885 salutatum
1169 2836 1211 2886 in·

116 2916 210 2966 “iffi
222 2913 343 2975 stimi
362 2913 489 2973 quocirca
500 2913 647 2966 distinctio-
684 2908 765 2958 troire
783 2906 817 2956 ad
836 2908 994 2959 Ciceronem
1016 2906 1156 2970 volebant,
1182 2912 1211 2959 ut

117 3003 178 3041 nem
199 2990 266 3052 post
282 3000 310 3036 v.
329 2986 409 3049 ugare
424 2986 527 3037 sustuli.
552 3012 579 3023 -
601 2988 648 3039 teo-
684 2994 748 3032 eum
771 2980 932 3031 occiderent.
955 2982 1050 3034 Seiust.
1074 2982 1149 3034 Cetii.
1167 2984 1208 3034 28.

117 3069 197 3114 satos
219 3059 344 3111 Fascibus
362 3064 387 3108 et
407 3058 480 3123 wito]
515 3062 648 3111 «nonore-
685 3057 788 3105 Festive
810 3055 929 3107 Manilius
952 3058 979 3117 ii,
999 3055 1043 3109 64:
1072 3057 1211 3121 (salutator

118 3140 157 3187 tes
172 3133 318 3186 curulibus
344 3133 554 3195 magistratibus,
581 3148 648 3186 een·
684 3132 810 3180 strenuus
827 3144 859 3180 ec
876 3129 977 3194 soliers)
999 3133 1084 3181 Instar
1100 3134 1148 3183 erit
1160 3146 1211 3194 po-

118 3207 451 3271 soleresetpreetorios.»
469 3208 646 3265 corruendo.
683 3205 738 3267 peti
754 3209 855 3267 totoque
870 3205 992 3255 inimi
1013 3207 1041 3257 te
1064 3207 1140 3269 iirte,
1167 3208 1211 3256 tt-

119 3284 199 3335 Pisut.
215 3284 296 3345 Cept.
307 3280 332 3338 t.
345 3279 374 3339 3,
387 3280 432 3329 32:
451 3282 546 3342 ociore
556 3282 650 3332 aaron
684 3280 1211 3343 mirapeeoiitcrrs,emerrqeepercnroie

118 3359 285 3409 maereo
302 3367 399 3415 werpe
413 3354 471 3417 lecit
486 3361 510 3404 et
526 3355 598 3418 facit
619 3382 647 3391 —
684 3354 788 3403 rabum
798 3354 875 3404 Meae
885 3354 1013 3402 raimondi
1023 3359 1130 3415 portans
1140 3368 1211 3403 corn-

118 3434 223 3493 iortcrse
240 3428 294 3491 teo]
308 3427 648 3479 -uttndtetumtoretuum
685 3428 769 3477 menis
793 3428 897 3475 eoem.
942 3426 1054 3487 (Mutuas
1079 3424 1210 3477 seiutendi

120 3518 167 3569 par
183 3507 242 3554 est:
262 3504 322 3553 sine
334 3501 442 3561 dnbio»,
460 3503 538 3553 sicuti
554 3502 650 3553 Greeci
686 3500 823 3551 molestias
834 3498 921 3563 iapida
934 3497 1062 3548 describit
1080 3500 1212 3551 Lucienus

120 3580 252 3643 usurpent
267 3574 350 3637 ἴσως.
380 3576 457 3625 Hand
473 3578 549 3629 Ture.
569 3579 600 3627 li.
620 3591 648 3642 p.
686 3576 712 3624 in
734 3574 841 3636 Nigrino
859 3573 900 3621 et.
930 3572 1109 3635 Hieronymus
1129 3573 1210 3637 Epist.

120 3654 174 3703 m.
202 3651 335 3713 «Egregie
348 3651 400 3700 hoc
411 3650 488 3712 dixit,
506 3651 569 3713 qnia
579 3652 651 3703 tiee-
686 3648 732 3702 ts:
759 3649 836 3699 Pudet
857 3648 939 3698 dwers
959 3648 1128 3709 freqseotiam
1143 3648 1214 3699 scio·

121 3740 200 3777 cenes
218 3736 307 3788 eques
329 3725 464 3774 Romanus
485 3726 648 3787 permensit,
685 3724 770 3783 tuadi,
789 3736 840 3785 qua
857 3728 902 3773 oet
917 3722 967 3785 ipsi
983 3723 1092 3785 quotidie
1103 3724 1138 3773 cd
1148 3724 1213 3773 aiios

122 3800 276 3863 contempto
293 3798 429 3847 senatorio
445 3797 566 3848 ordine.»
585 3802 648 3848 Aen.
682 3799 813 3861 pergimus
829 3801 875 3845 aut
891 3798 926 3845 cd
947 3809 993 3845 oar
1008 3797 1131 3847 senentes
1147 3802 1212 3847 ecte-

123 3900 149 3909 -
165 3872 299 3923 wtutaedi
311 3871 407 3935 pluro]
430 3870 549 3935 Explicat
568 3872 650 3923 Hein—
685 3885 729 3921 ros
757 3869 950 3933 exspectaretur.)
982 3898 1009 3907 -
1040 3870 1166 3921 ducendus
1190 3876 1213 3920 et

122 3947 236 3998 doriins:
274 3943 450 3995 «seiutetores
470 3944 561 4009 piures
577 3947 651 3996 ecci-
685 3959 751 3995 usse
775 3947 807 3995 iit
831 3958 911 3995 eones
933 3944 1005 4009 atter]
1032 3944 1213 4007 «Ambiguiia-

122 4021 237 4084 piendi.»
272 4021 384 4069 Praeter
400 4020 456 4069 Cic.
474 4019 510 4070 ed
531 4020 604 4071 Fem.
623 4020 648 4080 7,
687 4021 742 4069 tem
755 4019 781 4069 in
794 4018 835 4069 his
844 4018 1030 4069 offendimus.»
1048 4018 1125 4068 itend
1137 4019 1211 4068 Turs.

122 4095 163 4144 28.
178 4097 207 4145 et
223 4094 251 4155 9,
270 4094 312 4143 20.
331 4096 438 4156 poteret
454 4093 550 4143 eiierre
568 4095 649 4144 etiam
687 4096 718 4145 ii.
731 4107 759 4158 p.
773 4094 830 4143 538.
861 4095 986 4143 Lectores
1002 4094 1091 4142 temen
1109 4091 1214 4141 Latinos

123 4172 241 4219 Senecee
259 4166 548 4218 recenseremus:
567 4170 650 4229 Quom
687 4169 714 4218 in
732 4166 903 4230 enrbiguiiete
921 4168 970 4217 iste
988 4166 1108 4217 haesisse
1126 4166 1214 4215 neuti-
