2925 4892
270 365 333 433 260
652 353 781 408 uonuru
799 351 980 404 siriciana

313 522 459 590 Destinet
479 536 632 594 uxorem;
656 510 825 580 interdicto
846 508 923 574 huic
945 523 1041 571 omne
1063 501 1184 568 adimat
1204 502 1255 566 ius

314 649 447 714 Praetor
468 650 500 708 et
522 637 564 706 ad
590 656 687 704 sanos
712 633 808 702 abeat
829 628 928 696 tutela
948 625 1159 714 propinquos.

314 765 423 847 Quid?
445 763 472 828 si
494 761 569 848 quis
590 766 718 846 gnatam
740 774 799 841 pro
822 759 911 817 mula
933 748 1072 814 devovet
1092 764 1189 832 agna,

314 892 443 974 luteger
464 893 514 950 est
535 879 657 948 animi?
678 879 724 943 Ne
746 873 876 940 dixeris.
921 870 1019 956 Ergo,
1043 867 1099 934 ubi
1122 885 1222 953 prava
1297 863 1364 930 220

291 1032 294 1037 ·
315 1008 464 1084 Stultitia,
488 1005 541 1071 hic
562 1021 688 1070 summa
709 1005 761 1064 est
783 991 922 1071 insania;
946 991 1003 1078 qui
1026 988 1217 1062 sceleratus,

317 1134 356 1199 Et
375 1131 515 1197 latriosus
537 1124 614 1202 erit3
637 1141 735 1210 φιοη]
761 1115 847 1203 cepit
868 1114 972 1180 vitrea
993 1110 1090 1187 lama,

316 1256 410 1320 Hunc
430 1243 655 1318 circumtonuit
678 1237 824 1328 gaudens
844 1231 977 1302 Bellona
998 1231 1149 1299 cruentis.

317 1377 409 1441 Nune
430 1391 490 1459 age
511 1366 671 1434 luxuriam
692 1371 725 1428 et
746 1361 981 1426 Nomentanum
1003 1353 1110 1440 arripe
1133 1371 1276 1419 mecum:

342 1546 400 1597 tle.
418 1543 440 1593 sl
455 1542 500 1603 qui
514 1536 657 1590 Bentleius.
678 1559 705 1569 -
729 1535 819 1582 uatum
835 1528 881 1593 hp.

277 1698 389 1748 riantur.
403 1688 616 1744 Furlauettilser.
629 1686 680 1734 Est.
693 1697 721 1747 p.
736 1681 798 1732 439:
839 1671 1047 1748 ἐμβρόντητος,
1066 1687 1081 1724 a
1099 1675 1151 1726 deo
1170 1671 1257 1737 aliquo
1276 1675 1365 1732 esset,

277 1769 413 1824 CVSONIA
434 1769 469 1817 ti.
488 1765 517 1814 F.
534 1760 679 1819 POSILLA,
705 1756 800 1807 eadem
839 1766 901 1803 eum
913 1753 1036 1801 insanum
1048 1749 1147 1798 iactum
1159 1747 1294 1799 interdum
1308 1760 1370 1797 cre-

277 1848 423 1911 scriptura,
442 1853 512 1903 quae
530 1839 587 1888 eret
603 1837 630 1884 in
647 1833 713 1884 Cod.
726 1829 802 1880 Blan·
838 1825 946 1877 debant.
968 1851 995 1860 -
1018 1823 1130 1887 Bellona]
1153 1820 1313 1886 Splendidus
1332 1820 1368 1871 de

278 1922 332 1972 din.
356 1917 495 1980 antiquiss.
517 1925 532 1961 a
555 1925 596 1975 pr.
621 1923 658 1958 m.
694 1906 802 1968 (Contra
838 1900 944 1951 Bellona
969 1897 1045 1948 locus
1063 1900 1103 1948 est
1129 1896 1201 1960 apud
1225 1895 1317 1946 Silium
1336 1897 1367 1956 li,

278 1992 425 2046 Bentleium
436 2001 486 2053 pro
497 1984 617 2037 Lambini
633 1981 694 2032 lect.
705 1991 803 2042 popam
838 1978 895 2028 220.
915 1974 1088 2026 sacerdotum
1098 1986 1182 2037 genus
1191 1972 1367 2035 significatur.

278 2065 436 2124 notandum,
454 2060 599 2111 hociuisse
611 2059 692 2106 etiam
703 2065 803 2104 nomen
838 2050 912 2115 quod
931 2063 963 2100 ex
980 2047 1070 2098 infima
1089 2047 1168 2112 plebe
1181 2049 1249 2102 eral;
1269 2047 1315 2109 qui
1328 2045 1370 2095 iu-

278 2140 425 2208 proprium.
462 2135 514 2185 Cir.
533 2134 657 2184 Murator.
676 2143 703 2193 p.
722 2125 801 2185 4239,
840 2127 972 2175 riosorum
989 2123 1015 2173 iu
1038 2135 1142 2174 morem
1165 2121 1292 2172 saltantes
1317 2120 1370 2171 de·

280 2217 305 2267 3.
328 2217 356 2264 et
376 2227 404 2276 p.
429 2209 505 2269 ⁴273,
532 2207 582 2268 44.)
610 2233 638 2242 -
664 2201 803 2262 interdicto]
840 2199 937 2251 strictis
954 2196 1318 2261 gladiiasesecruentabaut,
1338 2197 1371 2244 ut

280 2289 336 2354 Ulp.
349 2289 391 2338 Fr.
405 2286 451 2345 lt,
469 2285 499 2333 2:
518 2284 572 2332 lec
587 2280 640 2330 ΧΠ.
659 2277 804 2328 tabularum
840 2271 916 2333 Galli,
936 2274 1045 2336 Magnae
1063 2272 1153 2322 Matris
1171 2271 1252 2321 deum
1270 2269 1370 2320 Idaeae

278 2364 403 2428 rualem
418 2360 524 2420 imaque
536 2356 686 2419 prodierim,
704 2352 746 2401 eui
761 2351 804 2400 bo-
840 2346 1004 2399 secerdotes.
1039 2344 1076 2395 llli
1095 2348 1183 2396 auteur
1200 2343 1372 2394 vocabantur

278 2441 319 2488 oia
334 2434 536 2486 interdictam
558 2435 607 2491 erl,
631 2430 658 2478 la
674 2427 805 2476 curatione
839 2422 946 2487 scudici
962 2435 996 2470 ec
1012 2421 1073 2470 aede
1086 2421 1210 2470 Bellonae.
1231 2421 1314 2469 lusor.
1328 2431 1368 2468 nt.

279 2513 338 2578 (pro
355 2523 408 2574 quo
424 2521 483 2558 voc.
501 2505 609 2570 proprio
629 2501 752 2553 Horatius
775 2500 801 2548 h.
840 2498 896 2546 Lat.
909 2497 940 2546 N.
952 2495 1026 2545 2347.
1047 2493 1122 2545 Conl.
1135 2492 1227 2544 Tibull.
1242 2494 1270 2554 4,
1284 2492 1315 2552 b,
1335 2491 1370 2542 itt

279 2587 297 2638 l.
316 2584 439 2636 aloldo
454 2581 544 2644 utitur)
562 2579 628 2628 labet
649 2590 700 2628 ease
719 2587 804 2638 apua-
841 2583 900 2634 sqq.
923 2569 1181 2629 Lucan.1²uars.t,
1205 2568 1267 2617 560:
1296 2571 1369 2627 tran,

278 2668 370 2713 tonare.
398 2657 514 2722 (lippi,
529 2656 557 2717 l,
576 2654 637 2703 ⁴02:
655 2651 706 2701 Nec
716 2649 805 2699 medici
841 2645 983 2708 quossectis
992 2643 1095 2693 Bellona
1111 2642 1211 2692 braun
1221 2641 1372 2691 δααυαηιο-

279 2737 360 2787 eredla
375 2746 420 2783 oce
433 2729 560 2780 curatoria
570 2727 672 2791 opereat
687 2729 805 2787 praetore
840 2724 892 2781 vet,
914 2719 1025 2768 cecinere
1042 2719 1098 2767 deos
1117 2717 1259 2778 maenala
1276 2720 1372 2765 rotca-

280 2810 355 2874 doti.)
372 2797 470 2857 ‘Verba
493 2804 550 2868 ipsa
574 2802 641 2851 baec
658 2801 747 2850 erant:
775 2798 807 2846 Sl
844 2792 1061 2856 lesSouqaiueam
1071 2791 1171 2853 popillia
1180 2789 1374 2842 mmanuelis

279 2881 436 2935 Furiosus
451 2878 545 2928 itscir
560 2876 638 2938 (erit),
661 2872 805 2923 AGNATO-
841 2869 891 2917 stlo
907 2867 982 2918 Galli.
1012 2868 1104 2917 iuven.
1117 2865 1144 2928 4,
1165 2865 1227 2916 tal:
1246 2871 1274 2916 ut
1288 2865 1372 2928 fano-

279 2959 351 3008 llllll
376 2957 415 3004 IN
436 2954 480 3004 ito
503 2948 707 3009 PllcllNlAOllE
730 2946 806 2996 EIUS
842 2945 904 2993 licea
921 2947 1000 2992 oestro
1017 2943 1161 3003 Percosia,
1183 2941 1298 3001 Bellum,
1325 2945 1371 2990 iao

279 3026 539 3082 maasiasusio.
564 3023 722 3087 (Dirksenp.
736 3020 804 3084 vta.)
842 3018 946 3066 divinat.
989 3015 1174 3080 Spectaculum
1195 3014 1259 3064 iliud
1280 3026 1374 3079 popu-

562 3094 565 3100 '
842 3089 867 3140 lo
884 3088 1063 3155 praebebant,
1084 3089 1276 3154 posterioribus
1293 3091 1372 3138 certe

313 3175 435 3230 llll-223.
461 3175 530 3237 Erae
548 3171 610 3235 cet]
629 3170 732 3220 Festive
750 3169 807 3220 llo·
843 3164 1019 3227 temporibus,
1033 3179 1057 3214 a.
1069 3163 1095 3214 d.
1106 3165 1147 3214 ix.
1158 3162 1213 3213 Kal.
1224 3161 1303 3227 April.
1317 3161 1371 3225 (2l.

280 3254 363 3304 ratius
380 3247 475 3314 triplici
492 3247 544 3297 hoc
560 3246 644 3296 inciso
655 3244 807 3308 ridetputi-
844 3238 870 3289 d.
889 3239 993 3302 Martii.)
1011 3236 1124 3288 Trebeil.
1143 3235 1206 3289 Poll.
1226 3236 1318 3288 Claud.
1339 3236 1371 3288 l:

281 3327 346 3378 dum
363 3327 513 3378 Stoicorum
529 3333 636 3372 morem
657 3318 709 3367 hoc
727 3330 806 3368 suum
843 3326 901 3364 clm
912 3319 972 3362 esset
988 3313 1206 3363 auctiototnoonc
1217 3312 1275 3362 Kal.
1286 3311 1372 3373 April.

281 3394 458 3473 παράδοξον,
487 3395 560 3461 quod
588 3393 732 3458 praecipue
757 3392 807 3441 ad·
845 3387 1025 3450 --soapuiuis
1046 3386 1085 3436 dle
1102 3387 1234 3436 Claudiam
1256 3387 1375 3446 impera-

281 3475 449 3534 amaveraut‚
469 3464 515 3522 ὅτι
526 3467 582 3532 πᾶς
592 3461 696 3538 ἄφρων
707 3467 807 3531 μαίνε-
843 3467 922 3511 loram
945 3460 1049 3523 [cotenu.
1085 3458 1181 3510 Vetera
1205 3463 1294 3510 tomen
1316 3459 1374 3509 Ka-

280 3565 341 3611 ται,
364 3547 510 3599 identidem
526 3542 660 3600 variandi,
683 3554 737 3604 quo
757 3554 808 3589 au·
843 3535 962 3585 leudaria
978 3535 1031 3585 hoc
1048 3534 1090 3585 die
1109 3533 1171 3584 nihil
1189 3531 1319 3584 eiusmodi
1333 3534 1375 3583 si-

280 3622 412 3675 ditoribus
430 3620 513 3683 magu
530 3616 717 3668 inculcaretur.
751 3615 807 3664 Hoc
845 3612 938 3674 guent,
957 3610 1006 3661 sed
1020 3610 1152 3672 QUANDO
1165 3608 1232 3658 REX
1241 3607 1375 3658 comrlo

273 3698 359 3764 igitur
375 3694 434 3744 loco
452 3695 502 3744 ita:
531 3691 633 3753 «quivis
659 3690 686 3738 et
710 3686 807 3739 stultus
843 3685 948 3735 FUGIT.
969 3711 996 3720 -
1015 3683 1133 3746 cuculle]
1152 3680 1250 3731 «rebus
1267 3693 1289 3731 s.
1306 3693 1376 3745 spe-

281 3773 310 3821 el
325 3767 471 3820 sceleratus
486 3767 514 3814 et
530 3763 674 3813 ambitione
691 3764 807 3826 flagrans
844 3757 968 3820 otaoulis,
987 3771 1108 3808 cruore.»
1136 3754 1185 3806 Alii
1202 3756 1290 3806 uduus
1306 3768 1376 3818 pro-

280 3855 347 3894 vero
364 3840 472 3890 nomine
496 3839 611 3888 fumosus
634 3840 701 3887 est.»
720 3837 808 3886 -ol-
843 3830 976 3883 babiliter:
988 3832 1149 3882 «cruentatis
1158 3827 1374 3881 sacerdotibus.»

281 3915 344 3979 aaa]
358 3913 439 3965 «laiso
451 3909 594 3976 splendore
607 3912 706 3972 nitens,
725 3912 806 3974 atque
844 3909 891 3958 Esl
913 3909 976 3969 τοῖς
991 3906 1177 3978 αἱματηροῑς,
1189 3907 1193 3916 ’
1204 3916 1237 3956 ac
1258 3916 1375 3967 prorsus

282 4002 315 4040 eo
337 4001 386 4038 nos
408 3985 571 4050 decipiens.»
609 3984 684 4035 Coni.
706 3984 755 4034 0d.
776 3985 805 4044 4,
844 3981 883 4032 sic
900 3978 977 4030 Silius
995 3981 1024 4042 4,
1044 3981 1106 4030 llll:
1132 3979 1212 4029 saeuis
1227 3990 1288 4040 perra
1304 3978 1378 4028 lacto

282 4064 327 4123 47,
345 4061 387 4110 2⁰.
406 4086 434 4096 -
451 4059 524 4109 Hanc
539 4059 722 4123 οἰνααηιοηιιὶι]
745 4058 808 4122 Epi·
844 4057 872 4106 et
889 4054 952 4105 ibid.
966 4053 1029 4105 53³:
1048 4053 1317 4119 qacatqaenlaseere
1329 4053 1377 4102 du-

282 4147 344 4188 cum
359 4132 478 4184 colorem
494 4133 578 4184 babet
594 4133 637 4184 hic
648 4129 805 4183 versiculus.
843 4131 881 4181 iis
899 4131 1029 4180 lirtutem.

281 4211 364 4263 Estne
394 4209 548 4262 Ennianus?
583 4207 632 4268 Qui
662 4206 806 4268 attonitus,
877 4203 999 4260 tit-230.
1026 4199 1219 4266 Nomotlamm]
1244 4199 1320 4254 coni.
1346 4215 1374 4251 v.
