<?xml version="1.0" encoding="UTF-8"?>
<!DOCTYPE html PUBLIC "-//W3C//DTD XHTML 1.0 Transitional//EN"
    "http://www.w3.org/TR/xhtml1/DTD/xhtml1-transitional.dtd">
<html xmlns="http://www.w3.org/1999/xhtml" xml:lang="en" lang="en">
 <head>
  <title>
</title>
<meta http-equiv="Content-Type" content="text/html;charset=utf-8" />
  <meta name='ocr-system' content='tesseract 3.04.00' />
  <meta name='ocr-capabilities' content='ocr_page ocr_carea ocr_par ocr_line ocrx_word'/>
</head>
<body>
  <div class='ocr_page' id='page_1' title='image "./qhoratiusflaccu03baitgoog/qhoratiusflaccu03baitgoog_0742.png"; bbox 0 0 2925 4892; ppageno 0'>
   <div class='ocr_carea' id='block_1_1' title="bbox 272 372 879 437">
    <p class='ocr_par' dir='ltr' id='par_1_1' title="bbox 272 372 879 437">
     <span class='ocr_line' id='line_1_1' title="bbox 272 372 879 437; baseline -0.025 0"><span class='ocrx_word' id='word_1_1' title='bbox 272 373 334 437; x_wconf 73' lang='lat' dir='ltr'><strong>tta</strong></span> <span class='ocrx_word' id='word_1_2' title='bbox 750 372 879 423; x_wconf 82' lang='lat' dir='ltr'><strong>nonant</strong></span> 
     </span>
    </p>
   </div>
   <div class='ocr_carea' id='block_1_2' title="bbox 313 526 1361 1099">
    <p class='ocr_par' dir='ltr' id='par_1_2' title="bbox 313 526 1141 615">
     <span class='ocr_line' id='line_1_2' title="bbox 313 526 1141 615; baseline -0.004 -21"><span class='ocrx_word' id='word_1_3' title='bbox 313 532 375 594; x_wconf 73' lang='lat' dir='ltr'><strong>Aut</strong></span> <span class='ocrx_word' id='word_1_4' title='bbox 396 548 516 615; x_wconf 80' lang='lat' dir='ltr'><strong>operae</strong></span> <span class='ocrx_word' id='word_1_5' title='bbox 538 526 655 594; x_wconf 89' lang='lat' dir='ltr'><strong>coleris</strong></span> <span class='ocrx_word' id='word_1_6' title='bbox 678 527 811 593; x_wconf 91' lang='lat' dir='ltr'><strong>nimium</strong></span> <span class='ocrx_word' id='word_1_7' title='bbox 834 547 979 614; x_wconf 86' lang='lat' dir='ltr'><strong>curaque</strong></span> <span class='ocrx_word' id='word_1_8' title='bbox 1003 526 1141 593; x_wconf 89' lang='lat' dir='ltr'><strong>carentis</strong></span> 
     </span>
    </p>

    <p class='ocr_par' dir='ltr' id='par_1_3' title="bbox 314 647 1075 736">
     <span class='ocr_line' id='line_1_3' title="bbox 314 647 1075 736; baseline -0.007 -21"><span class='ocrx_word' id='word_1_9' title='bbox 314 652 376 715; x_wconf 75' lang='lat' dir='ltr'><strong>dut</strong></span> <span class='ocrx_word' id='word_1_10' title='bbox 398 650 562 735; x_wconf 77' lang='lat' dir='ltr'><strong>ignoratae</strong></span> <span class='ocrx_word' id='word_1_11' title='bbox 584 649 701 736; x_wconf 82' lang='lat' dir='ltr'><strong>premit</strong></span> <span class='ocrx_word' id='word_1_12' title='bbox 722 648 800 713; x_wconf 88' lang='lat' dir='ltr'><strong>artis</strong></span> <span class='ocrx_word' id='word_1_13' title='bbox 823 647 957 713; x_wconf 85' lang='lat' dir='ltr'><strong>crimine</strong></span> <span class='ocrx_word' id='word_1_14' title='bbox 981 648 1075 733; x_wconf 82' lang='lat' dir='ltr'><strong>turpi.</strong></span> 
     </span>
    </p>

    <p class='ocr_par' dir='ltr' id='par_1_4' title="bbox 314 766 1159 858">
     <span class='ocr_line' id='line_1_4' title="bbox 314 766 1159 858; baseline -0.007 -21"><span class='ocrx_word' id='word_1_15' title='bbox 314 772 384 837; x_wconf 92' lang='lat' dir='ltr'><strong>Non</strong></span> <span class='ocrx_word' id='word_1_16' title='bbox 408 770 513 858; x_wconf 89' lang='lat' dir='ltr'><strong>quivis</strong></span> <span class='ocrx_word' id='word_1_17' title='bbox 536 768 624 836; x_wconf 88' lang='lat' dir='ltr'><strong>videt</strong></span> <span class='ocrx_word' id='word_1_18' title='bbox 646 767 854 835; x_wconf 89' lang='lat' dir='ltr'><strong>immodulata</strong></span> <span class='ocrx_word' id='word_1_19' title='bbox 877 775 1026 855; x_wconf 79' lang='lat' dir='ltr'><strong>poiimata</strong></span> <span class='ocrx_word' id='word_1_20' title='bbox 1048 766 1159 841; x_wconf 84' lang='lat' dir='ltr'><strong>iudex,</strong></span> 
     </span>
    </p>

    <p class='ocr_par' dir='ltr' id='par_1_5' title="bbox 315 887 1101 980">
     <span class='ocr_line' id='line_1_5' title="bbox 315 887 1101 980; baseline -0.005 -23"><span class='ocrx_word' id='word_1_21' title='bbox 315 892 353 957; x_wconf 88' lang='lat' dir='ltr'><strong>Et</strong></span> <span class='ocrx_word' id='word_1_22' title='bbox 374 890 448 957; x_wconf 90' lang='lat' dir='ltr'><strong>data</strong></span> <span class='ocrx_word' id='word_1_23' title='bbox 470 891 621 957; x_wconf 85' lang='lat' dir='ltr'><strong>Romanis</strong></span> <span class='ocrx_word' id='word_1_24' title='bbox 643 889 737 980; x_wconf 84' lang='lat' dir='ltr'><strong>vanip</strong></span> <span class='ocrx_word' id='word_1_25' title='bbox 760 899 810 955; x_wconf 89' lang='lat' dir='ltr'><strong>ast</strong></span> <span class='ocrx_word' id='word_1_26' title='bbox 831 887 963 976; x_wconf 81' lang='lat' dir='ltr'><strong>indigna</strong></span> <span class='ocrx_word' id='word_1_27' title='bbox 987 888 1101 975; x_wconf 68' lang='lat' dir='ltr'><strong>poetis.</strong></span> 
     </span>
    </p>

    <p class='ocr_par' dir='ltr' id='par_1_6' title="bbox 316 1008 1361 1099">
     <span class='ocr_line' id='line_1_6' title="bbox 316 1008 1361 1099; baseline 0 -24"><span class='ocrx_word' id='word_1_28' title='bbox 316 1010 484 1078; x_wconf 89' lang='lat' dir='ltr'><strong>idcircone</strong></span> <span class='ocrx_word' id='word_1_29' title='bbox 505 1030 605 1099; x_wconf 76' lang='lat' dir='ltr'><strong>vager</strong></span> <span class='ocrx_word' id='word_1_30' title='bbox 620 1010 827 1098; x_wconf 80' lang='lat' dir='ltr'><strong>scribamque</strong></span> <span class='ocrx_word' id='word_1_31' title='bbox 849 1008 1010 1077; x_wconf 83' lang='lat' dir='ltr'><strong>licenter?</strong></span> <span class='ocrx_word' id='word_1_32' title='bbox 1033 1030 1073 1075; x_wconf 92' lang='lat' dir='ltr'><strong>an</strong></span> <span class='ocrx_word' id='word_1_33' title='bbox 1096 1029 1210 1075; x_wconf 90' lang='lat' dir='ltr'><strong>omues</strong></span> <span class='ocrx_word' id='word_1_34' title='bbox 1305 1010 1361 1075; x_wconf 71' lang='lat'><strong>265</strong></span> 
     </span>
    </p>
   </div>
   <div class='ocr_carea' id='block_1_3' title="bbox 306 1176 1335 1462">
    <p class='ocr_par' dir='ltr' id='par_1_7' title="bbox 306 1176 1335 1462">
     <span class='ocr_line' id='line_1_7' title="bbox 337 1176 1329 1241; baseline -0.003 -11"><span class='ocrx_word' id='word_1_35' title='bbox 337 1180 397 1231; x_wconf 75' lang='lat' dir='ltr'><strong>att.</strong></span> <span class='ocrx_word' id='word_1_36' title='bbox 414 1181 520 1229; x_wconf 80' lang='lat' dir='ltr'><strong>nimium</strong></span> <span class='ocrx_word' id='word_1_37' title='bbox 540 1179 626 1229; x_wconf 78' lang='lat' dir='ltr'><strong>celeris</strong></span> <span class='ocrx_word' id='word_1_38' title='bbox 644 1178 663 1228; x_wconf 94' lang='lat' dir='ltr'><strong>d</strong></span> <span class='ocrx_word' id='word_1_39' title='bbox 686 1180 713 1228; x_wconf 90' lang='lat' dir='ltr'><strong>et</strong></span> <span class='ocrx_word' id='word_1_40' title='bbox 734 1176 834 1241; x_wconf 77' lang='lat' dir='ltr'><strong>aliquot</strong></span> <span class='ocrx_word' id='word_1_41' title='bbox 854 1176 896 1229; x_wconf 88' lang='lat' dir='ltr'><strong>alii</strong></span> <span class='ocrx_word' id='word_1_42' title='bbox 915 1177 998 1228; x_wconf 92' lang='lat' dir='ltr'><strong>Codd.</strong></span> <span class='ocrx_word' id='word_1_43' title='bbox 1025 1178 1064 1241; x_wconf 81' lang='lat' dir='ltr'><strong>(Ut</strong></span> <span class='ocrx_word' id='word_1_44' title='bbox 1081 1191 1143 1240; x_wconf 91' lang='lat' dir='ltr'><strong>nos,</strong></span> <span class='ocrx_word' id='word_1_45' title='bbox 1165 1178 1282 1239; x_wconf 77' lang='lat' dir='ltr'><strong>RbSl&#39;c.)</strong></span> <span class='ocrx_word' id='word_1_46' title='bbox 1305 1207 1329 1214; x_wconf 92' lang='lat'>-</span> 
     </span>
     <span class='ocr_line' id='line_1_8' title="bbox 306 1250 1335 1316; baseline -0.004 -11"><span class='ocrx_word' id='word_1_47' title='bbox 306 1254 363 1305; x_wconf 75' lang='lat' dir='ltr'><strong>att.</strong></span> <span class='ocrx_word' id='word_1_48' title='bbox 382 1259 417 1304; x_wconf 81' lang='lat' dir='ltr'><strong>ert</strong></span> <span class='ocrx_word' id='word_1_49' title='bbox 432 1266 486 1304; x_wconf 91' lang='lat' dir='ltr'><strong>om.</strong></span> <span class='ocrx_word' id='word_1_50' title='bbox 508 1254 536 1302; x_wconf 84' lang='grc' dir='ltr'><strong>Β.</strong></span> <span class='ocrx_word' id='word_1_51' title='bbox 558 1279 585 1289; x_wconf 92' lang='grc'><strong>-</strong></span> <span class='ocrx_word' id='word_1_52' title='bbox 604 1250 861 1316; x_wconf 75' lang='lat' dir='ltr'><strong>aot.an13nsrdp,</strong></span> <span class='ocrx_word' id='word_1_53' title='bbox 885 1252 1001 1302; x_wconf 86' lang='lat' dir='ltr'><strong>Pottierii</strong></span> <span class='ocrx_word' id='word_1_54' title='bbox 1022 1251 1156 1316; x_wconf 85' lang='lat' dir='ltr'><strong>plerique,</strong></span> <span class='ocrx_word' id='word_1_55' title='bbox 1181 1252 1335 1302; x_wconf 87' lang='lat' dir='ltr'><strong>liocbederi</strong></span> 
     </span>
     <span class='ocr_line' id='line_1_9' title="bbox 307 1325 1330 1388; baseline -0.003 -9"><span class='ocrx_word' id='word_1_56' title='bbox 307 1342 413 1379; x_wconf 88' lang='lat' dir='ltr'><strong>omnes:</strong></span> <span class='ocrx_word' id='word_1_57' title='bbox 432 1334 460 1377; x_wconf 83' lang='lat' dir='ltr'><strong>ct</strong></span> <span class='ocrx_word' id='word_1_58' title='bbox 477 1342 505 1388; x_wconf 86' lang='lat' dir='ltr'><strong>c,</strong></span> <span class='ocrx_word' id='word_1_59' title='bbox 524 1332 553 1377; x_wconf 87' lang='lat' dir='ltr'><strong>ut</strong></span> <span class='ocrx_word' id='word_1_60' title='bbox 569 1326 658 1377; x_wconf 82' lang='lat' dir='ltr'><strong>Codex</strong></span> <span class='ocrx_word' id='word_1_61' title='bbox 670 1328 758 1387; x_wconf 88' lang='lat' dir='ltr'><strong>Statii,</strong></span> <span class='ocrx_word' id='word_1_62' title='bbox 778 1340 832 1376; x_wconf 89' lang='lat' dir='ltr'><strong>var.</strong></span> <span class='ocrx_word' id='word_1_63' title='bbox 847 1325 907 1376; x_wconf 90' lang='lat' dir='ltr'><strong>lect.</strong></span> <span class='ocrx_word' id='word_1_64' title='bbox 921 1343 957 1387; x_wconf 87' lang='grc' dir='ltr'><strong>ω,</strong></span> <span class='ocrx_word' id='word_1_65' title='bbox 978 1326 1093 1377; x_wconf 86' lang='lat' dir='ltr'><strong>Potiierii</strong></span> <span class='ocrx_word' id='word_1_66' title='bbox 1105 1325 1190 1377; x_wconf 91' lang='lat' dir='ltr'><strong>Codd.</strong></span> <span class='ocrx_word' id='word_1_67' title='bbox 1210 1325 1236 1377; x_wconf 86' lang='lat' dir='ltr'><strong>l.</strong></span> <span class='ocrx_word' id='word_1_68' title='bbox 1251 1328 1279 1375; x_wconf 90' lang='lat' dir='ltr'><strong>et</strong></span> <span class='ocrx_word' id='word_1_69' title='bbox 1292 1326 1330 1387; x_wconf 82' lang='lat' dir='ltr'><strong>ts,</strong></span> 
     </span>
     <span class='ocr_line' id='line_1_10' title="bbox 306 1400 1333 1462; baseline -0.004 -9"><span class='ocrx_word' id='word_1_70' title='bbox 306 1402 439 1453; x_wconf 86' lang='lat' dir='ltr'><strong>Bentleius</strong></span> <span class='ocrx_word' id='word_1_71' title='bbox 456 1405 484 1452; x_wconf 90' lang='lat' dir='ltr'><strong>et</strong></span> <span class='ocrx_word' id='word_1_72' title='bbox 501 1402 538 1462; x_wconf 84' lang='lat' dir='ltr'><strong>tt,</strong></span> <span class='ocrx_word' id='word_1_73' title='bbox 556 1406 579 1451; x_wconf 88' lang='lat' dir='ltr'><strong>et</strong></span> <span class='ocrx_word' id='word_1_74' title='bbox 591 1402 617 1451; x_wconf 84' lang='lat' dir='ltr'><strong>F.</strong></span> <span class='ocrx_word' id='word_1_75' title='bbox 635 1429 660 1437; x_wconf 88' lang='lat'><em>-</em></span> <span class='ocrx_word' id='word_1_76' title='bbox 674 1400 755 1449; x_wconf 82' lang='lat' dir='ltr'><strong>omnis</strong></span> <span class='ocrx_word' id='word_1_77' title='bbox 771 1401 836 1450; x_wconf 84' lang='lat' dir='ltr'><strong>BTc.</strong></span> <span class='ocrx_word' id='word_1_78' title='bbox 853 1428 879 1436; x_wconf 99' lang='lat'>-</span> <span class='ocrx_word' id='word_1_79' title='bbox 898 1400 956 1451; x_wconf 68' lang='lat'>266.</span> <span class='ocrx_word' id='word_1_80' title='bbox 975 1406 998 1451; x_wconf 87' lang='lat' dir='ltr'><strong>et</strong></span> <span class='ocrx_word' id='word_1_81' title='bbox 1014 1406 1091 1451; x_wconf 64' lang='lat' dir='ltr'><strong>extre</strong></span> <span class='ocrx_word' id='word_1_82' title='bbox 1107 1400 1253 1461; x_wconf 79' lang='lat' dir='ltr'><strong>Lambinus</strong></span> <span class='ocrx_word' id='word_1_83' title='bbox 1266 1413 1333 1449; x_wconf 87' lang='lat' dir='ltr'><strong>con·</strong></span> 
     </span>
    </p>
   </div>
   <div class='ocr_carea' id='block_1_4' title="bbox 274 1546 1368 2428">
    <p class='ocr_par' dir='ltr' id='par_1_8' title="bbox 274 1546 1368 2428">
     <span class='ocr_line' id='line_1_11' title="bbox 274 1546 1364 1617; baseline -0.005 -16"><span class='ocrx_word' id='word_1_84' title='bbox 274 1551 350 1617; x_wconf 90' lang='lat' dir='ltr'><strong>pedis</strong></span> <span class='ocrx_word' id='word_1_85' title='bbox 367 1551 546 1615; x_wconf 87' lang='lat' dir='ltr'><strong>irequeutiam</strong></span> <span class='ocrx_word' id='word_1_86' title='bbox 563 1550 642 1599; x_wconf 89' lang='lat' dir='ltr'><strong>nimis</strong></span> <span class='ocrx_word' id='word_1_87' title='bbox 657 1561 753 1613; x_wconf 65' lang='lat' dir='ltr'><strong>mares</strong></span> <span class='ocrx_word' id='word_1_88' title='bbox 770 1561 802 1598; x_wconf 88' lang='lat' dir='ltr'><strong>ac</strong></span> <span class='ocrx_word' id='word_1_89' title='bbox 840 1550 1015 1609; x_wconf 88' lang='lat' dir='ltr'><strong>Graecorum;</strong></span> <span class='ocrx_word' id='word_1_90' title='bbox 1028 1551 1057 1599; x_wconf 90' lang='lat' dir='ltr'><strong>ut</strong></span> <span class='ocrx_word' id='word_1_91' title='bbox 1067 1562 1099 1599; x_wconf 83' lang='lat' dir='ltr'><strong>cr</strong></span> <span class='ocrx_word' id='word_1_92' title='bbox 1111 1549 1152 1599; x_wconf 87' lang='lat' dir='ltr'><strong>his</strong></span> <span class='ocrx_word' id='word_1_93' title='bbox 1161 1546 1195 1597; x_wconf 89' lang='lat' dir='ltr'><strong>de</strong></span> <span class='ocrx_word' id='word_1_94' title='bbox 1207 1548 1319 1611; x_wconf 79' lang='lat' dir='ltr'><strong>integris</strong></span> <span class='ocrx_word' id='word_1_95' title='bbox 1328 1547 1364 1597; x_wconf 85' lang='lat' dir='ltr'><strong>la-</strong></span> 
     </span>
     <span class='ocr_line' id='line_1_12' title="bbox 274 1620 1363 1689; baseline -0.006 -13"><span class='ocrx_word' id='word_1_96' title='bbox 274 1626 375 1676; x_wconf 88' lang='lat' dir='ltr'><strong>tardos.</strong></span> <span class='ocrx_word' id='word_1_97' title='bbox 389 1653 417 1661; x_wconf 97' lang='lat'><em>-</em></span> <span class='ocrx_word' id='word_1_98' title='bbox 435 1624 724 1689; x_wconf 77' lang='lat' dir='ltr'><strong>cranmopnopondere]</strong></span> <span class='ocrx_word' id='word_1_99' title='bbox 743 1623 803 1674; x_wconf 66' lang='lat' dir='ltr'><strong>«tat-</strong></span> <span class='ocrx_word' id='word_1_100' title='bbox 839 1620 909 1672; x_wconf 89' lang='lat' dir='ltr'><strong>bulis</strong></span> <span class='ocrx_word' id='word_1_101' title='bbox 917 1622 990 1672; x_wconf 89' lang='lat' dir='ltr'><strong>idem</strong></span> <span class='ocrx_word' id='word_1_102' title='bbox 1001 1624 1151 1673; x_wconf 78' lang='lat' dir='ltr'><strong>existimare</strong></span> <span class='ocrx_word' id='word_1_103' title='bbox 1160 1621 1363 1671; x_wconf 76' lang='lat' dir='ltr'><strong>liceat-Barna.</strong></span> 
     </span>
     <span class='ocr_line' id='line_1_13' title="bbox 275 1695 1365 1762; baseline -0.005 -12"><span class='ocrx_word' id='word_1_104' title='bbox 275 1714 326 1751; x_wconf 88' lang='lat' dir='ltr'><strong>nus</strong></span> <span class='ocrx_word' id='word_1_105' title='bbox 343 1700 410 1750; x_wconf 85' lang='lat' dir='ltr'><strong>scite</strong></span> <span class='ocrx_word' id='word_1_106' title='bbox 428 1699 542 1749; x_wconf 81' lang='lat' dir='ltr'><strong>Codices</strong></span> <span class='ocrx_word' id='word_1_107' title='bbox 558 1712 617 1748; x_wconf 75' lang='lat' dir='ltr'><strong>men</strong></span> <span class='ocrx_word' id='word_1_108' title='bbox 631 1711 725 1762; x_wconf 72' lang='lat' dir='ltr'><strong>mopso</strong></span> <span class='ocrx_word' id='word_1_109' title='bbox 739 1711 803 1759; x_wconf 79' lang='lat' dir='ltr'><strong>poo-</strong></span> <span class='ocrx_word' id='word_1_110' title='bbox 871 1696 929 1746; x_wconf 68' lang='lat'>263.</span> <span class='ocrx_word' id='word_1_111' title='bbox 943 1695 1000 1747; x_wconf 72' lang='lat' dir='ltr'><strong>itii.</strong></span> <span class='ocrx_word' id='word_1_112' title='bbox 1025 1697 1082 1747; x_wconf 81' lang='lat' dir='ltr'><strong>Non</strong></span> <span class='ocrx_word' id='word_1_113' title='bbox 1099 1696 1179 1758; x_wconf 77' lang='lat' dir='ltr'><strong>quivis</strong></span> <span class='ocrx_word' id='word_1_114' title='bbox 1196 1696 1261 1760; x_wconf 79' lang='lat' dir='ltr'><strong>cat]</strong></span> <span class='ocrx_word' id='word_1_115' title='bbox 1290 1698 1365 1745; x_wconf 73' lang='lat' dir='ltr'><strong>«non</strong></span> 
     </span>
     <span class='ocr_line' id='line_1_14' title="bbox 275 1770 1366 1837; baseline -0.005 -13"><span class='ocrx_word' id='word_1_116' title='bbox 275 1776 348 1834; x_wconf 84' lang='lat' dir='ltr'><strong>dere,</strong></span> <span class='ocrx_word' id='word_1_117' title='bbox 367 1774 452 1837; x_wconf 89' lang='lat' dir='ltr'><strong>inquit</strong></span> <span class='ocrx_word' id='word_1_118' title='bbox 468 1774 663 1823; x_wconf 87' lang='lat' dir='ltr'><strong>Bersmannus:</strong></span> <span class='ocrx_word' id='word_1_119' title='bbox 682 1786 736 1821; x_wconf 92' lang='lat' dir='ltr'><strong>non</strong></span> <span class='ocrx_word' id='word_1_120' title='bbox 754 1771 803 1821; x_wconf 90' lang='lat' dir='ltr'><strong>ad·</strong></span> <span class='ocrx_word' id='word_1_121' title='bbox 840 1771 927 1832; x_wconf 86' lang='lat' dir='ltr'><strong>quivis</strong></span> <span class='ocrx_word' id='word_1_122' title='bbox 951 1771 1057 1821; x_wconf 78' lang='lat' dir='ltr'><strong>auditor</strong></span> <span class='ocrx_word' id='word_1_123' title='bbox 1082 1772 1135 1821; x_wconf 86' lang='lat' dir='ltr'><strong>tam</strong></span> <span class='ocrx_word' id='word_1_124' title='bbox 1158 1772 1287 1820; x_wconf 87' lang='lat' dir='ltr'><strong>accurate</strong></span> <span class='ocrx_word' id='word_1_125' title='bbox 1311 1770 1366 1819; x_wconf 91' lang='lat' dir='ltr'><strong>ani-</strong></span> 
     </span>
     <span class='ocr_line' id='line_1_15' title="bbox 274 1844 1366 1908; baseline -0.005 -10"><span class='ocrx_word' id='word_1_126' title='bbox 274 1850 354 1899; x_wconf 88' lang='lat' dir='ltr'><strong>vertit</strong></span> <span class='ocrx_word' id='word_1_127' title='bbox 369 1847 473 1899; x_wconf 85' lang='lat' dir='ltr'><strong>scilicet</strong></span> <span class='ocrx_word' id='word_1_128' title='bbox 482 1851 511 1899; x_wconf 89' lang='lat' dir='ltr'><strong>et</strong></span> <span class='ocrx_word' id='word_1_129' title='bbox 521 1845 586 1897; x_wconf 86' lang='lat' dir='ltr'><strong>alias</strong></span> <span class='ocrx_word' id='word_1_130' title='bbox 602 1848 641 1897; x_wconf 88' lang='lat' dir='ltr'><strong>sic</strong></span> <span class='ocrx_word' id='word_1_131' title='bbox 651 1844 739 1897; x_wconf 87' lang='lat' dir='ltr'><strong>solere</strong></span> <span class='ocrx_word' id='word_1_132' title='bbox 748 1846 803 1895; x_wconf 85' lang='lat' dir='ltr'><strong>lio-</strong></span> <span class='ocrx_word' id='word_1_133' title='bbox 840 1844 983 1895; x_wconf 88' lang='lat' dir='ltr'><strong>madvertit</strong></span> <span class='ocrx_word' id='word_1_134' title='bbox 998 1844 1116 1908; x_wconf 82' lang='lat' dir='ltr'><strong>rhythmi</strong></span> <span class='ocrx_word' id='word_1_135' title='bbox 1127 1846 1202 1905; x_wconf 86' lang='lat' dir='ltr'><strong>vitia,</strong></span> <span class='ocrx_word' id='word_1_136' title='bbox 1216 1848 1247 1893; x_wconf 87' lang='lat' dir='ltr'><strong>ut</strong></span> <span class='ocrx_word' id='word_1_137' title='bbox 1258 1846 1366 1908; x_wconf 77' lang='lat' dir='ltr'><strong>propior</strong></span> 
     </span>
     <span class='ocr_line' id='line_1_16' title="bbox 275 1917 1367 1985; baseline -0.005 -12"><span class='ocrx_word' id='word_1_138' title='bbox 275 1925 362 1973; x_wconf 70' lang='lat' dir='ltr'><strong>sunm</strong></span> <span class='ocrx_word' id='word_1_139' title='bbox 380 1922 449 1985; x_wconf 84' lang='lat' dir='ltr'><strong>(vide</strong></span> <span class='ocrx_word' id='word_1_140' title='bbox 461 1924 546 1972; x_wconf 86' lang='lat' dir='ltr'><strong>serm.</strong></span> <span class='ocrx_word' id='word_1_141' title='bbox 561 1921 586 1982; x_wconf 88' lang='lat' dir='ltr'><strong>l,</strong></span> <span class='ocrx_word' id='word_1_142' title='bbox 600 1922 640 1982; x_wconf 79' lang='lat'><strong>⁴0,</strong></span> <span class='ocrx_word' id='word_1_143' title='bbox 657 1919 707 1983; x_wconf 79' lang='lat' dir='ltr'><strong>ta.)</strong></span> <span class='ocrx_word' id='word_1_144' title='bbox 721 1920 803 1970; x_wconf 87' lang='lat' dir='ltr'><strong>ethic</strong></span> <span class='ocrx_word' id='word_1_145' title='bbox 840 1918 908 1969; x_wconf 86' lang='lat' dir='ltr'><strong>haec</strong></span> <span class='ocrx_word' id='word_1_146' title='bbox 919 1921 1003 1969; x_wconf 84' lang='lat' dir='ltr'><strong>totam</strong></span> <span class='ocrx_word' id='word_1_147' title='bbox 1015 1917 1132 1970; x_wconf 89' lang='lat' dir='ltr'><strong>labulam</strong></span> <span class='ocrx_word' id='word_1_148' title='bbox 1142 1917 1283 1983; x_wconf 80' lang='lat' dir='ltr'><strong>explodat3</strong></span> <span class='ocrx_word' id='word_1_149' title='bbox 1297 1918 1367 1968; x_wconf 80' lang='lat' dir='ltr'><strong>ideo</strong></span> 
     </span>
     <span class='ocr_line' id='line_1_17' title="bbox 275 1992 1366 2059; baseline -0.001 -16"><span class='ocrx_word' id='word_1_150' title='bbox 275 2010 404 2047; x_wconf 86' lang='lat' dir='ltr'><strong>venerem</strong></span> <span class='ocrx_word' id='word_1_151' title='bbox 417 1996 552 2059; x_wconf 86' lang='lat' dir='ltr'><strong>quandem</strong></span> <span class='ocrx_word' id='word_1_152' title='bbox 569 1997 595 2045; x_wconf 91' lang='lat' dir='ltr'><strong>in</strong></span> <span class='ocrx_word' id='word_1_153' title='bbox 613 1996 669 2058; x_wconf 89' lang='lat' dir='ltr'><strong>ipsa</strong></span> <span class='ocrx_word' id='word_1_154' title='bbox 684 2006 804 2058; x_wconf 86' lang='lat' dir='ltr'><strong>pronun·</strong></span> <span class='ocrx_word' id='word_1_155' title='bbox 841 2006 893 2057; x_wconf 90' lang='lat' dir='ltr'><strong>que</strong></span> <span class='ocrx_word' id='word_1_156' title='bbox 915 1992 1015 2044; x_wconf 86' lang='lat' dir='ltr'><strong>iactum</strong></span> <span class='ocrx_word' id='word_1_157' title='bbox 1037 1996 1092 2053; x_wconf 86' lang='lat' dir='ltr'><strong>est,</strong></span> <span class='ocrx_word' id='word_1_158' title='bbox 1116 1998 1144 2043; x_wconf 93' lang='lat' dir='ltr'><strong>ut</strong></span> <span class='ocrx_word' id='word_1_159' title='bbox 1165 1994 1265 2043; x_wconf 87' lang='lat' dir='ltr'><strong>Latinis</strong></span> <span class='ocrx_word' id='word_1_160' title='bbox 1281 1994 1366 2057; x_wconf 74' lang='lat' dir='ltr'><strong>poetis</strong></span> 
     </span>
     <span class='ocr_line' id='line_1_18' title="bbox 276 2066 1367 2133; baseline -0.003 -14"><span class='ocrx_word' id='word_1_161' title='bbox 276 2071 383 2121; x_wconf 89' lang='lat' dir='ltr'><strong>tiatione</strong></span> <span class='ocrx_word' id='word_1_162' title='bbox 394 2070 482 2119; x_wconf 87' lang='lat' dir='ltr'><strong>studio</strong></span> <span class='ocrx_word' id='word_1_163' title='bbox 495 2069 643 2133; x_wconf 86' lang='lat' dir='ltr'><strong>quaesitam</strong></span> <span class='ocrx_word' id='word_1_164' title='bbox 654 2080 730 2119; x_wconf 90' lang='lat' dir='ltr'><strong>esse:</strong></span> <span class='ocrx_word' id='word_1_165' title='bbox 747 2080 804 2117; x_wconf 78' lang='lat' dir='ltr'><strong>men</strong></span> <span class='ocrx_word' id='word_1_166' title='bbox 841 2068 1035 2119; x_wconf 82' lang='lat' dir='ltr'><strong>concederetur</strong></span> <span class='ocrx_word' id='word_1_167' title='bbox 1052 2068 1093 2128; x_wconf 93' lang='lat' dir='ltr'><strong>id,</strong></span> <span class='ocrx_word' id='word_1_168' title='bbox 1113 2066 1186 2133; x_wconf 90' lang='lat' dir='ltr'><strong>quod</strong></span> <span class='ocrx_word' id='word_1_169' title='bbox 1198 2068 1292 2117; x_wconf 80' lang='lat' dir='ltr'><strong>Atticis</strong></span> <span class='ocrx_word' id='word_1_170' title='bbox 1304 2080 1367 2117; x_wconf 91' lang='lat' dir='ltr'><strong>nun-</strong></span> 
     </span>
     <span class='ocr_line' id='line_1_19' title="bbox 275 2142 1367 2208; baseline -0.005 -13"><span class='ocrx_word' id='word_1_171' title='bbox 275 2157 369 2208; x_wconf 79' lang='lat' dir='ltr'><strong>mepno</strong></span> <span class='ocrx_word' id='word_1_172' title='bbox 382 2145 508 2206; x_wconf 77' lang='lat' dir='ltr'><strong>pondere,</strong></span> <span class='ocrx_word' id='word_1_173' title='bbox 529 2142 801 2207; x_wconf 86' lang='lat' dir='ltr'><strong>quaedumprolers,</strong></span> <span class='ocrx_word' id='word_1_174' title='bbox 841 2156 922 2207; x_wconf 84' lang='lat' dir='ltr'><strong>quam</strong></span> <span class='ocrx_word' id='word_1_175' title='bbox 940 2143 1119 2195; x_wconf 87' lang='lat' dir='ltr'><strong>condonatum</strong></span> <span class='ocrx_word' id='word_1_176' title='bbox 1141 2142 1235 2192; x_wconf 77' lang='lat' dir='ltr'><strong>toret·</strong></span> <span class='ocrx_word' id='word_1_177' title='bbox 1264 2142 1304 2192; x_wconf 87' lang='lat' dir='ltr'><strong>Ci.</strong></span> <span class='ocrx_word' id='word_1_178' title='bbox 1324 2142 1367 2191; x_wconf 89' lang='lat' dir='ltr'><strong>Ci-</strong></span> 
     </span>
     <span class='ocr_line' id='line_1_20' title="bbox 276 2214 1368 2282; baseline -0.002 -15"><span class='ocrx_word' id='word_1_179' title='bbox 276 2220 364 2282; x_wconf 89' lang='lat' dir='ltr'><strong>ipsum</strong></span> <span class='ocrx_word' id='word_1_180' title='bbox 381 2216 445 2266; x_wconf 91' lang='lat' dir='ltr'><strong>illud</strong></span> <span class='ocrx_word' id='word_1_181' title='bbox 462 2217 567 2281; x_wconf 89' lang='lat' dir='ltr'><strong>pondus</strong></span> <span class='ocrx_word' id='word_1_182' title='bbox 585 2218 613 2266; x_wconf 88' lang='lat' dir='ltr'><strong>et</strong></span> <span class='ocrx_word' id='word_1_183' title='bbox 627 2215 698 2266; x_wconf 88' lang='lat' dir='ltr'><strong>lente</strong></span> <span class='ocrx_word' id='word_1_184' title='bbox 710 2214 804 2266; x_wconf 89' lang='lat' dir='ltr'><strong>ambu-</strong></span> <span class='ocrx_word' id='word_1_185' title='bbox 841 2231 969 2269; x_wconf 85' lang='lat' dir='ltr'><strong>ceronam</strong></span> <span class='ocrx_word' id='word_1_186' title='bbox 981 2219 1015 2269; x_wconf 88' lang='lat' dir='ltr'><strong>de</strong></span> <span class='ocrx_word' id='word_1_187' title='bbox 1027 2219 1098 2268; x_wconf 82' lang='lat' dir='ltr'><strong>orat.</strong></span> <span class='ocrx_word' id='word_1_188' title='bbox 1112 2216 1136 2278; x_wconf 87' lang='lat'><strong>3,</strong></span> <span class='ocrx_word' id='word_1_189' title='bbox 1149 2218 1206 2273; x_wconf 80' lang='lat' dir='ltr'><strong>to.;</strong></span> <span class='ocrx_word' id='word_1_190' title='bbox 1226 2219 1255 2267; x_wconf 90' lang='lat' dir='ltr'><strong>et</strong></span> <span class='ocrx_word' id='word_1_191' title='bbox 1268 2217 1294 2266; x_wconf 86' lang='lat' dir='ltr'><strong>in</strong></span> <span class='ocrx_word' id='word_1_192' title='bbox 1306 2216 1368 2265; x_wconf 88' lang='lat' dir='ltr'><strong>Ora-</strong></span> 
     </span>
     <span class='ocr_line' id='line_1_21' title="bbox 277 2290 1367 2354; baseline 0 -13"><span class='ocrx_word' id='word_1_193' title='bbox 277 2291 363 2341; x_wconf 88' lang='lat' dir='ltr'><strong>laates</strong></span> <span class='ocrx_word' id='word_1_194' title='bbox 375 2290 510 2354; x_wconf 88' lang='lat' dir='ltr'><strong>spondeos</strong></span> <span class='ocrx_word' id='word_1_195' title='bbox 521 2304 587 2340; x_wconf 87' lang='lat' dir='ltr'><strong>voce</strong></span> <span class='ocrx_word' id='word_1_196' title='bbox 599 2292 627 2339; x_wconf 90' lang='lat' dir='ltr'><strong>et</strong></span> <span class='ocrx_word' id='word_1_197' title='bbox 637 2290 731 2354; x_wconf 86' lang='lat' dir='ltr'><strong>spiritu</strong></span> <span class='ocrx_word' id='word_1_198' title='bbox 743 2302 804 2353; x_wconf 89' lang='lat' dir='ltr'><strong>per·</strong></span> <span class='ocrx_word' id='word_1_199' title='bbox 841 2294 899 2342; x_wconf 90' lang='lat' dir='ltr'><strong>tore</strong></span> <span class='ocrx_word' id='word_1_200' title='bbox 917 2294 958 2351; x_wconf 82' lang='lat' dir='ltr'><strong>at,</strong></span> <span class='ocrx_word' id='word_1_201' title='bbox 972 2292 1032 2341; x_wconf 74' lang='lat' dir='ltr'><strong>tta:</strong></span> <span class='ocrx_word' id='word_1_202' title='bbox 1050 2292 1079 2341; x_wconf 86' lang='lat' dir='ltr'><strong>ln</strong></span> <span class='ocrx_word' id='word_1_203' title='bbox 1095 2304 1170 2341; x_wconf 83' lang='lat' dir='ltr'><strong>versu</strong></span> <span class='ocrx_word' id='word_1_204' title='bbox 1187 2292 1288 2351; x_wconf 81' lang='lat' dir='ltr'><strong>quidem</strong></span> <span class='ocrx_word' id='word_1_205' title='bbox 1298 2291 1367 2341; x_wconf 72' lang='lat' dir='ltr'><strong>theo·</strong></span> 
     </span>
     <span class='ocr_line' id='line_1_22' title="bbox 278 2362 1367 2428; baseline -0.001 -13"><span class='ocrx_word' id='word_1_206' title='bbox 278 2365 430 2417; x_wconf 72' lang='lat' dir='ltr'><strong>renoscis.-</strong></span> <span class='ocrx_word' id='word_1_207' title='bbox 456 2366 549 2414; x_wconf 77' lang='lat' dir='ltr'><strong>Berrs.</strong></span> <span class='ocrx_word' id='word_1_208' title='bbox 586 2366 615 2413; x_wconf 89' lang='lat' dir='ltr'><strong>ln</strong></span> <span class='ocrx_word' id='word_1_209' title='bbox 641 2362 749 2414; x_wconf 73' lang='lat' dir='ltr'><strong>Marcilii</strong></span> <span class='ocrx_word' id='word_1_210' title='bbox 777 2366 804 2412; x_wconf 87' lang='lat' dir='ltr'><strong>et</strong></span> <span class='ocrx_word' id='word_1_211' title='bbox 841 2372 884 2416; x_wconf 86' lang='lat' dir='ltr'><strong>tre</strong></span> <span class='ocrx_word' id='word_1_212' title='bbox 901 2371 953 2415; x_wconf 89' lang='lat' dir='ltr'><strong>totc</strong></span> <span class='ocrx_word' id='word_1_213' title='bbox 970 2367 1128 2426; x_wconf 65' lang='lat' dir='ltr'><strong>meminent,</strong></span> <span class='ocrx_word' id='word_1_214' title='bbox 1146 2365 1167 2415; x_wconf 87' lang='lat' dir='ltr'><strong>si</strong></span> <span class='ocrx_word' id='word_1_215' title='bbox 1183 2366 1233 2428; x_wconf 79' lang='lat' dir='ltr'><strong>suit</strong></span> <span class='ocrx_word' id='word_1_216' title='bbox 1249 2366 1367 2427; x_wconf 69' lang='lat' dir='ltr'><strong>mospi-</strong></span> 
     </span>
    </p>
   </div>
   <div class='ocr_carea' id='block_1_5' title="bbox 276 2439 1447 2575">
    <p class='ocr_par' dir='ltr' id='par_1_9' title="bbox 276 2434 1447 2575">
     <span class='ocr_line' id='line_1_23' title="bbox 278 2439 1369 2503; baseline -0.002 -13"><span class='ocrx_word' id='word_1_217' title='bbox 278 2439 388 2490; x_wconf 87' lang='lat' dir='ltr'><strong>Bentleii</strong></span> <span class='ocrx_word' id='word_1_218' title='bbox 406 2439 690 2488; x_wconf 64' lang='lat' dir='ltr'><strong>conturbata-versus</strong></span> <span class='ocrx_word' id='word_1_219' title='bbox 705 2450 803 2499; x_wconf 86' lang='lat' dir='ltr'><strong>v.pre-</strong></span> <span class='ocrx_word' id='word_1_220' title='bbox 841 2440 901 2491; x_wconf 85' lang='lat' dir='ltr'><strong>leba</strong></span> <span class='ocrx_word' id='word_1_221' title='bbox 921 2444 965 2488; x_wconf 81' lang='lat' dir='ltr'><strong>out</strong></span> <span class='ocrx_word' id='word_1_222' title='bbox 994 2440 1092 2489; x_wconf 84' lang='lat' dir='ltr'><strong>breuior</strong></span> <span class='ocrx_word' id='word_1_223' title='bbox 1114 2444 1159 2488; x_wconf 82' lang='lat' dir='ltr'><strong>out</strong></span> <span class='ocrx_word' id='word_1_224' title='bbox 1184 2440 1299 2503; x_wconf 75' lang='lat' dir='ltr'><strong>loupior·,·</strong></span> <span class='ocrx_word' id='word_1_225' title='bbox 1323 2452 1369 2488; x_wconf 83' lang='lat' dir='ltr'><strong>nec</strong></span> 
     </span>
     <span class='ocr_line' id='line_1_24' title="bbox 276 2510 1447 2575; baseline -0.003 -10"><span class='ocrx_word' id='word_1_226' title='bbox 276 2516 322 2565; x_wconf 84' lang='lat' dir='ltr'><strong>mit</strong></span> <span class='ocrx_word' id='word_1_227' title='bbox 346 2515 421 2563; x_wconf 90' lang='lat' dir='ltr'><strong>caret</strong></span> <span class='ocrx_word' id='word_1_228' title='bbox 445 2511 565 2573; x_wconf 89' lang='lat' dir='ltr'><strong>obiecto,</strong></span> <span class='ocrx_word' id='word_1_229' title='bbox 598 2510 669 2574; x_wconf 90' lang='lat' dir='ltr'><strong>quod</strong></span> <span class='ocrx_word' id='word_1_230' title='bbox 695 2510 801 2569; x_wconf 88' lang='lat' dir='ltr'><strong>dicunt;</strong></span> <span class='ocrx_word' id='word_1_231' title='bbox 840 2528 899 2563; x_wconf 86' lang='lat' dir='ltr'><strong>vero</strong></span> <span class='ocrx_word' id='word_1_232' title='bbox 915 2514 1047 2563; x_wconf 69' lang='lat' dir='ltr'><strong>muddudo</strong></span> <span class='ocrx_word' id='word_1_233' title='bbox 1067 2514 1142 2575; x_wconf 84' lang='lat' dir='ltr'><strong>pedes</strong></span> <span class='ocrx_word' id='word_1_234' title='bbox 1157 2514 1227 2562; x_wconf 84' lang='lat' dir='ltr'><strong>novit</strong></span> <span class='ocrx_word' id='word_1_235' title='bbox 1243 2526 1290 2564; x_wconf 81' lang='lat' dir='ltr'><strong>uec</strong></span> <span class='ocrx_word' id='word_1_236' title='bbox 1305 2512 1369 2562; x_wconf 82' lang='lat' dir='ltr'><strong>ullos</strong></span> <span class='ocrx_word' id='word_1_237' title='bbox 1446 2516 1447 2521; x_wconf 78' lang='grc'>’</span> 
     </span>
    </p>
   </div>
   <div class='ocr_carea' id='block_1_6' title="bbox 274 2584 1434 4284">
    <p class='ocr_par' dir='ltr' id='par_1_10' title="bbox 274 2584 1434 4284">
     <span class='ocr_line' id='line_1_25' title="bbox 276 2584 1368 2650; baseline 0 -13"><span class='ocrx_word' id='word_1_238' title='bbox 276 2586 410 2637; x_wconf 88' lang='lat' dir='ltr'><strong>Bentleius</strong></span> <span class='ocrx_word' id='word_1_239' title='bbox 428 2586 539 2650; x_wconf 90' lang='lat' dir='ltr'><strong>quidem</strong></span> <span class='ocrx_word' id='word_1_240' title='bbox 555 2598 605 2635; x_wconf 89' lang='lat' dir='ltr'><strong>suc</strong></span> <span class='ocrx_word' id='word_1_241' title='bbox 619 2584 750 2634; x_wconf 89' lang='lat' dir='ltr'><strong>arbitratu</strong></span> <span class='ocrx_word' id='word_1_242' title='bbox 762 2584 803 2634; x_wconf 93' lang='lat' dir='ltr'><strong>di·</strong></span> <span class='ocrx_word' id='word_1_243' title='bbox 840 2600 958 2638; x_wconf 78' lang='lat' dir='ltr'><strong>omneros</strong></span> <span class='ocrx_word' id='word_1_244' title='bbox 975 2592 1038 2637; x_wconf 81' lang='lat' dir='ltr'><strong>tenet</strong></span> <span class='ocrx_word' id='word_1_245' title='bbox 1055 2590 1117 2648; x_wconf 81' lang='lat' dir='ltr'><strong>cet,</strong></span> <span class='ocrx_word' id='word_1_246' title='bbox 1140 2586 1165 2636; x_wconf 93' lang='lat' dir='ltr'><strong>id</strong></span> <span class='ocrx_word' id='word_1_247' title='bbox 1184 2590 1240 2647; x_wconf 88' lang='lat' dir='ltr'><strong>est,</strong></span> <span class='ocrx_word' id='word_1_248' title='bbox 1259 2586 1368 2650; x_wconf 79' lang='lat' dir='ltr'><strong>siugulis</strong></span> 
     </span>
     <span class='ocr_line' id='line_1_26' title="bbox 277 2659 1368 2725; baseline -0.002 -14"><span class='ocrx_word' id='word_1_249' title='bbox 277 2664 315 2711; x_wconf 82' lang='lat' dir='ltr'><strong>xit</strong></span> <span class='ocrx_word' id='word_1_250' title='bbox 331 2660 511 2725; x_wconf 85' lang='lat' dir='ltr'><strong>supplendum</strong></span> <span class='ocrx_word' id='word_1_251' title='bbox 529 2672 589 2710; x_wconf 85' lang='lat' dir='ltr'><strong>esse</strong></span> <span class='ocrx_word' id='word_1_252' title='bbox 606 2660 760 2721; x_wconf 83' lang='lat' dir='ltr'><strong>scriptorem.</strong></span> <span class='ocrx_word' id='word_1_253' title='bbox 774 2686 799 2695; x_wconf 79' lang='lat'>-</span> <span class='ocrx_word' id='word_1_254' title='bbox 841 2663 866 2711; x_wconf 93' lang='lat' dir='ltr'><strong>in</strong></span> <span class='ocrx_word' id='word_1_255' title='bbox 883 2662 997 2711; x_wconf 83' lang='lat' dir='ltr'><strong>vocibus</strong></span> <span class='ocrx_word' id='word_1_256' title='bbox 1014 2659 1177 2723; x_wconf 86' lang='lat' dir='ltr'><strong>syllabarum</strong></span> <span class='ocrx_word' id='word_1_257' title='bbox 1194 2662 1330 2723; x_wconf 87' lang='lat' dir='ltr'><strong>quantitas</strong></span> <span class='ocrx_word' id='word_1_258' title='bbox 1340 2664 1368 2709; x_wconf 90' lang='lat' dir='ltr'><strong>ut</strong></span> 
     </span>
     <span class='ocr_line' id='line_1_27' title="bbox 274 2733 1368 2800; baseline 0 -15"><span class='ocrx_word' id='word_1_259' title='bbox 274 2738 367 2797; x_wconf 76' lang='lat' dir='ltr'><strong>prenrit</strong></span> <span class='ocrx_word' id='word_1_260' title='bbox 378 2734 515 2798; x_wconf 81' lang='lat' dir='ltr'><strong>-crtmineJ</strong></span> <span class='ocrx_word' id='word_1_261' title='bbox 542 2735 585 2784; x_wconf 86' lang='lat' dir='ltr'><strong>Sic</strong></span> <span class='ocrx_word' id='word_1_262' title='bbox 601 2736 656 2785; x_wconf 87' lang='lat' dir='ltr'><strong>Liv.</strong></span> <span class='ocrx_word' id='word_1_263' title='bbox 670 2735 699 2796; x_wconf 82' lang='lat'><strong>3,</strong></span> <span class='ocrx_word' id='word_1_264' title='bbox 716 2734 759 2793; x_wconf 83' lang='grc'><strong>43,</strong></span> <span class='ocrx_word' id='word_1_265' title='bbox 774 2737 800 2783; x_wconf 88' lang='lat' dir='ltr'><strong>t:</strong></span> <span class='ocrx_word' id='word_1_266' title='bbox 841 2738 976 2795; x_wconf 88' lang='lat' dir='ltr'><strong>servetur,</strong></span> <span class='ocrx_word' id='word_1_267' title='bbox 995 2736 1138 2800; x_wconf 86' lang='lat' dir='ltr'><strong>imperiose</strong></span> <span class='ocrx_word' id='word_1_268' title='bbox 1156 2733 1274 2799; x_wconf 86' lang='lat' dir='ltr'><strong>postulat</strong></span> <span class='ocrx_word' id='word_1_269' title='bbox 1289 2738 1368 2785; x_wconf 87' lang='lat' dir='ltr'><strong>etiam</strong></span> 
     </span>
     <span class='ocr_line' id='line_1_28' title="bbox 276 2808 1368 2876; baseline 0.001 -17"><span class='ocrx_word' id='word_1_270' title='bbox 276 2808 433 2860; x_wconf 81' lang='lat' dir='ltr'><strong>Premebat</strong></span> <span class='ocrx_word' id='word_1_271' title='bbox 456 2821 530 2858; x_wconf 83' lang='lat' dir='ltr'><strong>reum</strong></span> <span class='ocrx_word' id='word_1_272' title='bbox 550 2814 654 2871; x_wconf 84' lang='lat' dir='ltr'><strong>praeter</strong></span> <span class='ocrx_word' id='word_1_273' title='bbox 675 2809 804 2872; x_wconf 56' lang='lat' dir='ltr'><strong>rometam</strong></span> <span class='ocrx_word' id='word_1_274' title='bbox 840 2808 931 2876; x_wconf 84' lang='lat' dir='ltr'><strong>piebs;</strong></span> <span class='ocrx_word' id='word_1_275' title='bbox 959 2810 1114 2873; x_wconf 87' lang='lat' dir='ltr'><strong>neutiquam</strong></span> <span class='ocrx_word' id='word_1_276' title='bbox 1131 2822 1196 2859; x_wconf 80' lang='lat' dir='ltr'><strong>vero</strong></span> <span class='ocrx_word' id='word_1_277' title='bbox 1218 2811 1368 2860; x_wconf 81' lang='lat' dir='ltr'><strong>metrorum</strong></span> 
     </span>
     <span class='ocr_line' id='line_1_29' title="bbox 276 2880 1368 2946; baseline -0.001 -13"><span class='ocrx_word' id='word_1_278' title='bbox 276 2884 399 2933; x_wconf 76' lang='lat' dir='ltr'><strong>inuidiam</strong></span> <span class='ocrx_word' id='word_1_279' title='bbox 415 2884 534 2932; x_wconf 80' lang='lat' dir='ltr'><strong>crimen</strong></span> <span class='ocrx_word' id='word_1_280' title='bbox 550 2896 637 2932; x_wconf 81' lang='lat' dir='ltr'><strong>onem.</strong></span> <span class='ocrx_word' id='word_1_281' title='bbox 674 2880 803 2933; x_wconf 81' lang='lat' dir='ltr'><strong>«lumbus</strong></span> <span class='ocrx_word' id='word_1_282' title='bbox 841 2882 913 2946; x_wconf 78' lang='lat' dir='ltr'><strong>leges</strong></span> <span class='ocrx_word' id='word_1_283' title='bbox 926 2888 1050 2933; x_wconf 87' lang='lat' dir='ltr'><strong>accurate</strong></span> <span class='ocrx_word' id='word_1_284' title='bbox 1062 2884 1144 2933; x_wconf 76' lang='lat' dir='ltr'><strong>norit.</strong></span> <span class='ocrx_word' id='word_1_285' title='bbox 1168 2884 1293 2933; x_wconf 86' lang='lat' dir='ltr'><strong>Horatius</strong></span> <span class='ocrx_word' id='word_1_286' title='bbox 1305 2896 1368 2932; x_wconf 83' lang='lat' dir='ltr'><strong>vero</strong></span> 
     </span>
     <span class='ocr_line' id='line_1_30' title="bbox 278 2955 1434 3023; baseline 0 -16"><span class='ocrx_word' id='word_1_287' title='bbox 278 2970 311 3008; x_wconf 84' lang='lat' dir='ltr'><strong>ex</strong></span> <span class='ocrx_word' id='word_1_288' title='bbox 327 2955 438 3006; x_wconf 88' lang='lat' dir='ltr'><strong>sedibus</strong></span> <span class='ocrx_word' id='word_1_289' title='bbox 455 2958 511 3006; x_wconf 89' lang='lat' dir='ltr'><strong>suis</strong></span> <span class='ocrx_word' id='word_1_290' title='bbox 529 2956 655 3019; x_wconf 85' lang='lat' dir='ltr'><strong>expulsus</strong></span> <span class='ocrx_word' id='word_1_291' title='bbox 671 2955 746 3007; x_wconf 79' lang='lat' dir='ltr'><strong>velut</strong></span> <span class='ocrx_word' id='word_1_292' title='bbox 761 2968 804 3005; x_wconf 74' lang='lat' dir='ltr'><strong>ac</strong></span> <span class='ocrx_word' id='word_1_293' title='bbox 840 2960 950 3022; x_wconf 85' lang='lat' dir='ltr'><strong>propter</strong></span> <span class='ocrx_word' id='word_1_294' title='bbox 961 2958 1031 3008; x_wconf 87' lang='lat' dir='ltr'><strong>hanc</strong></span> <span class='ocrx_word' id='word_1_295' title='bbox 1044 2959 1128 3023; x_wconf 90' lang='lat' dir='ltr'><strong>ipsam</strong></span> <span class='ocrx_word' id='word_1_296' title='bbox 1138 2960 1289 3007; x_wconf 85' lang='lat' dir='ltr'><strong>metrorum</strong></span> <span class='ocrx_word' id='word_1_297' title='bbox 1299 2960 1369 3021; x_wconf 79' lang='lat' dir='ltr'><strong>igno</strong></span> <span class='ocrx_word' id='word_1_298' title='bbox 1430 2990 1434 3001; x_wconf 83' lang='lat'>.</span> 
     </span>
     <span class='ocr_line' id='line_1_31' title="bbox 278 3030 1368 3097; baseline 0.002 -18"><span class='ocrx_word' id='word_1_299' title='bbox 278 3031 385 3079; x_wconf 86' lang='lat' dir='ltr'><strong>cusator</strong></span> <span class='ocrx_word' id='word_1_300' title='bbox 397 3030 530 3079; x_wconf 85' lang='lat' dir='ltr'><strong>convincit</strong></span> <span class='ocrx_word' id='word_1_301' title='bbox 542 3031 616 3079; x_wconf 87' lang='lat' dir='ltr'><strong>Ennii</strong></span> <span class='ocrx_word' id='word_1_302' title='bbox 627 3042 738 3081; x_wconf 76' lang='lat' dir='ltr'><strong>versus»</strong></span> <span class='ocrx_word' id='word_1_303' title='bbox 751 3033 801 3081; x_wconf 88' lang='lat' dir='ltr'><strong>cet.</strong></span> <span class='ocrx_word' id='word_1_304' title='bbox 841 3033 972 3083; x_wconf 90' lang='lat' dir='ltr'><strong>rationem</strong></span> <span class='ocrx_word' id='word_1_305' title='bbox 997 3046 1013 3082; x_wconf 90' lang='lat' dir='ltr'><strong>a</strong></span> <span class='ocrx_word' id='word_1_306' title='bbox 1038 3030 1115 3096; x_wconf 82' lang='lat' dir='ltr'><strong>volgo</strong></span> <span class='ocrx_word' id='word_1_307' title='bbox 1136 3034 1257 3082; x_wconf 83' lang='lat' dir='ltr'><strong>liomano</strong></span> <span class='ocrx_word' id='word_1_308' title='bbox 1284 3032 1368 3097; x_wconf 73' lang='lat' dir='ltr'><strong>poetis</strong></span> 
     </span>
     <span class='ocr_line' id='line_1_32' title="bbox 278 3102 1368 3167; baseline 0.002 -14"><span class='ocrx_word' id='word_1_309' title='bbox 278 3104 324 3153; x_wconf 86' lang='lat' dir='ltr'><strong>ilis</strong></span> <span class='ocrx_word' id='word_1_310' title='bbox 340 3104 432 3153; x_wconf 88' lang='lat' dir='ltr'><strong>autem</strong></span> <span class='ocrx_word' id='word_1_311' title='bbox 449 3104 528 3153; x_wconf 88' lang='lat' dir='ltr'><strong>tacite</strong></span> <span class='ocrx_word' id='word_1_312' title='bbox 542 3102 742 3166; x_wconf 87' lang='lat' dir='ltr'><strong>quodammodo</strong></span> <span class='ocrx_word' id='word_1_313' title='bbox 754 3116 804 3167; x_wconf 88' lang='lat' dir='ltr'><strong>op·</strong></span> <span class='ocrx_word' id='word_1_314' title='bbox 842 3108 922 3157; x_wconf 89' lang='lat' dir='ltr'><strong>etiam</strong></span> <span class='ocrx_word' id='word_1_315' title='bbox 939 3105 1077 3158; x_wconf 78' lang='lat' dir='ltr'><strong>manifesta</strong></span> <span class='ocrx_word' id='word_1_316' title='bbox 1090 3107 1151 3155; x_wconf 88' lang='lat' dir='ltr'><strong>vitia</strong></span> <span class='ocrx_word' id='word_1_317' title='bbox 1163 3106 1313 3157; x_wconf 89' lang='lat' dir='ltr'><strong>condonari</strong></span> <span class='ocrx_word' id='word_1_318' title='bbox 1328 3108 1368 3156; x_wconf 94' lang='lat' dir='ltr'><strong>in-</strong></span> 
     </span>
     <span class='ocr_line' id='line_1_33' title="bbox 278 3176 1364 3245; baseline 0.003 -20"><span class='ocrx_word' id='word_1_319' title='bbox 278 3179 413 3241; x_wconf 88' lang='lat' dir='ltr'><strong>ponuntur</strong></span> <span class='ocrx_word' id='word_1_320' title='bbox 430 3177 555 3239; x_wconf 78' lang='lat' dir='ltr'><strong>Augustei</strong></span> <span class='ocrx_word' id='word_1_321' title='bbox 576 3176 705 3238; x_wconf 90' lang='lat' dir='ltr'><strong>temporis</strong></span> <span class='ocrx_word' id='word_1_322' title='bbox 722 3178 804 3240; x_wconf 79' lang='lat' dir='ltr'><strong>tragi-</strong></span> <span class='ocrx_word' id='word_1_323' title='bbox 842 3181 971 3245; x_wconf 78' lang='lat' dir='ltr'><strong>dignatur.</strong></span> <span class='ocrx_word' id='word_1_324' title='bbox 1007 3178 1125 3231; x_wconf 89' lang='lat' dir='ltr'><strong>Similem</strong></span> <span class='ocrx_word' id='word_1_325' title='bbox 1149 3179 1239 3230; x_wconf 85' lang='lat' dir='ltr'><strong>locum</strong></span> <span class='ocrx_word' id='word_1_326' title='bbox 1261 3193 1289 3231; x_wconf 82' lang='lat' dir='ltr'><strong>r.</strong></span> <span class='ocrx_word' id='word_1_327' title='bbox 1313 3181 1364 3230; x_wconf 86' lang='lat' dir='ltr'><strong>Cic.</strong></span> 
     </span>
     <span class='ocr_line' id='line_1_34' title="bbox 282 3250 1366 3315; baseline 0 -12"><span class='ocrx_word' id='word_1_328' title='bbox 282 3264 376 3304; x_wconf 85' lang='lat' dir='ltr'><strong>corum</strong></span> <span class='ocrx_word' id='word_1_329' title='bbox 392 3264 487 3303; x_wconf 89' lang='lat' dir='ltr'><strong>versus</strong></span> <span class='ocrx_word' id='word_1_330' title='bbox 506 3250 541 3300; x_wconf 90' lang='lat' dir='ltr'><strong>ad</strong></span> <span class='ocrx_word' id='word_1_331' title='bbox 558 3252 720 3301; x_wconf 81' lang='lat' dir='ltr'><strong>Graecorum</strong></span> <span class='ocrx_word' id='word_1_332' title='bbox 740 3264 804 3300; x_wconf 93' lang='lat' dir='ltr'><strong>nor·</strong></span> <span class='ocrx_word' id='word_1_333' title='bbox 841 3255 968 3306; x_wconf 82' lang='lat' dir='ltr'><strong>Paradox.</strong></span> <span class='ocrx_word' id='word_1_334' title='bbox 982 3254 1011 3315; x_wconf 87' lang='grc'><strong>3,</strong></span> <span class='ocrx_word' id='word_1_335' title='bbox 1024 3255 1052 3314; x_wconf 74' lang='lat' dir='ltr'><strong>t,</strong></span> <span class='ocrx_word' id='word_1_336' title='bbox 1066 3254 1106 3303; x_wconf 73' lang='lat'><strong>26.</strong></span> <span class='ocrx_word' id='word_1_337' title='bbox 1135 3254 1265 3304; x_wconf 86' lang='lat' dir='ltr'><strong>Ceterum</strong></span> <span class='ocrx_word' id='word_1_338' title='bbox 1285 3254 1366 3304; x_wconf 82' lang='lat' dir='ltr'><strong>liora-</strong></span> 
     </span>
     <span class='ocr_line' id='line_1_35' title="bbox 283 3324 1366 3392; baseline -0.001 -15"><span class='ocrx_word' id='word_1_339' title='bbox 283 3338 355 3377; x_wconf 87' lang='lat' dir='ltr'><strong>mam</strong></span> <span class='ocrx_word' id='word_1_340' title='bbox 380 3326 529 3377; x_wconf 76' lang='lat' dir='ltr'><strong>accuratius</strong></span> <span class='ocrx_word' id='word_1_341' title='bbox 553 3324 648 3375; x_wconf 87' lang='lat' dir='ltr'><strong>directi</strong></span> <span class='ocrx_word' id='word_1_342' title='bbox 672 3327 699 3375; x_wconf 90' lang='lat' dir='ltr'><strong>et</strong></span> <span class='ocrx_word' id='word_1_343' title='bbox 718 3326 804 3389; x_wconf 78' lang='lat' dir='ltr'><strong>magis</strong></span> <span class='ocrx_word' id='word_1_344' title='bbox 841 3330 893 3379; x_wconf 89' lang='lat' dir='ltr'><strong>tius</strong></span> <span class='ocrx_word' id='word_1_345' title='bbox 910 3330 936 3378; x_wconf 94' lang='lat' dir='ltr'><strong>in</strong></span> <span class='ocrx_word' id='word_1_346' title='bbox 954 3330 1007 3378; x_wconf 90' lang='lat' dir='ltr'><strong>hoc</strong></span> <span class='ocrx_word' id='word_1_347' title='bbox 1029 3330 1087 3392; x_wconf 91' lang='lat' dir='ltr'><strong>ipso</strong></span> <span class='ocrx_word' id='word_1_348' title='bbox 1103 3340 1184 3378; x_wconf 82' lang='lat' dir='ltr'><strong>versu</strong></span> <span class='ocrx_word' id='word_1_349' title='bbox 1206 3340 1261 3378; x_wconf 89' lang='lat' dir='ltr'><strong>non</strong></span> <span class='ocrx_word' id='word_1_350' title='bbox 1280 3328 1366 3391; x_wconf 75' lang='lat' dir='ltr'><strong>elingit</strong></span> 
     </span>
     <span class='ocr_line' id='line_1_36' title="bbox 282 3399 1367 3467; baseline -0.002 -15"><span class='ocrx_word' id='word_1_351' title='bbox 282 3399 364 3467; x_wconf 92' lang='lat' dir='ltr'><strong>politi.</strong></span> <span class='ocrx_word' id='word_1_352' title='bbox 391 3400 514 3451; x_wconf 81' lang='lat' dir='ltr'><strong>«ovidius</strong></span> <span class='ocrx_word' id='word_1_353' title='bbox 530 3400 623 3451; x_wconf 82' lang='lat' dir='ltr'><strong>idedea</strong></span> <span class='ocrx_word' id='word_1_354' title='bbox 640 3400 712 3464; x_wconf 90' lang='lat' dir='ltr'><strong>apud</strong></span> <span class='ocrx_word' id='word_1_355' title='bbox 725 3401 805 3460; x_wconf 83' lang='lat' dir='ltr'><strong>Quin·</strong></span> <span class='ocrx_word' id='word_1_356' title='bbox 840 3404 934 3453; x_wconf 62' lang='lat' dir='ltr'><strong>cumen</strong></span> <span class='ocrx_word' id='word_1_357' title='bbox 950 3404 1084 3467; x_wconf 81' lang='lat' dir='ltr'><strong>ipnorotos</strong></span> <span class='ocrx_word' id='word_1_358' title='bbox 1100 3400 1141 3451; x_wconf 87' lang='lat' dir='ltr'><strong>vel</strong></span> <span class='ocrx_word' id='word_1_359' title='bbox 1165 3400 1262 3452; x_wconf 82' lang='lat' dir='ltr'><strong>saltem</strong></span> <span class='ocrx_word' id='word_1_360' title='bbox 1282 3401 1367 3465; x_wconf 78' lang='lat' dir='ltr'><strong>negle-</strong></span> 
     </span>
     <span class='ocr_line' id='line_1_37' title="bbox 282 3475 1364 3538; baseline -0.002 -11"><span class='ocrx_word' id='word_1_361' title='bbox 282 3476 318 3527; x_wconf 91' lang='lat' dir='ltr'><strong>tii.</strong></span> <span class='ocrx_word' id='word_1_362' title='bbox 331 3478 356 3538; x_wconf 83' lang='lat'><strong>8,</strong></span> <span class='ocrx_word' id='word_1_363' title='bbox 369 3478 398 3526; x_wconf 80' lang='lat' dir='ltr'><strong>b:</strong></span> <span class='ocrx_word' id='word_1_364' title='bbox 424 3476 533 3525; x_wconf 75' lang='lat' dir='ltr'><strong>semera</strong></span> <span class='ocrx_word' id='word_1_365' title='bbox 546 3476 632 3537; x_wconf 81' lang='lat' dir='ltr'><strong>potet,</strong></span> <span class='ocrx_word' id='word_1_366' title='bbox 647 3475 754 3536; x_wconf 78' lang='lat' dir='ltr'><strong>perdere</strong></span> <span class='ocrx_word' id='word_1_367' title='bbox 770 3488 804 3524; x_wconf 83' lang='lat' dir='ltr'><strong>cn</strong></span> <span class='ocrx_word' id='word_1_368' title='bbox 841 3478 899 3527; x_wconf 87' lang='lat' dir='ltr'><strong>ctae</strong></span> <span class='ocrx_word' id='word_1_369' title='bbox 925 3478 997 3527; x_wconf 86' lang='lat' dir='ltr'><strong>ortis.</strong></span> <span class='ocrx_word' id='word_1_370' title='bbox 1024 3477 1211 3527; x_wconf 86' lang='lat' dir='ltr'><strong>Lachmannus</strong></span> <span class='ocrx_word' id='word_1_371' title='bbox 1237 3479 1312 3527; x_wconf 91' lang='lat' dir='ltr'><strong>enirn</strong></span> <span class='ocrx_word' id='word_1_372' title='bbox 1334 3475 1364 3525; x_wconf 85' lang='lat' dir='ltr'><strong>ad</strong></span> 
     </span>
     <span class='ocr_line' id='line_1_38' title="bbox 275 3548 1364 3615; baseline 0 -14"><span class='ocrx_word' id='word_1_373' title='bbox 275 3552 369 3613; x_wconf 80' lang='lat' dir='ltr'><strong>possim</strong></span> <span class='ocrx_word' id='word_1_374' title='bbox 384 3550 481 3615; x_wconf 76' lang='lat' dir='ltr'><strong>repas?</strong></span> <span class='ocrx_word' id='word_1_375' title='bbox 497 3550 591 3600; x_wconf 88' lang='lat' dir='ltr'><strong>Varius</strong></span> <span class='ocrx_word' id='word_1_376' title='bbox 602 3549 718 3610; x_wconf 83' lang='lat' dir='ltr'><strong>Thyeste</strong></span> <span class='ocrx_word' id='word_1_377' title='bbox 737 3548 801 3597; x_wconf 89' lang='lat' dir='ltr'><strong>ibid.</strong></span> <span class='ocrx_word' id='word_1_378' title='bbox 842 3552 945 3601; x_wconf 86' lang='lat' dir='ltr'><strong>Lucret.</strong></span> <span class='ocrx_word' id='word_1_379' title='bbox 958 3552 982 3611; x_wconf 84' lang='lat'><strong>6,</strong></span> <span class='ocrx_word' id='word_1_380' title='bbox 998 3550 1077 3601; x_wconf 80' lang='lat' dir='ltr'><strong>todi:</strong></span> <span class='ocrx_word' id='word_1_381' title='bbox 1104 3551 1219 3601; x_wconf 71' lang='lat' dir='ltr'><strong>uversus</strong></span> <span class='ocrx_word' id='word_1_382' title='bbox 1237 3551 1364 3602; x_wconf 86' lang='lat' dir='ltr'><strong>hexame-</strong></span> 
     </span>
     <span class='ocr_line' id='line_1_39' title="bbox 277 3624 1363 3691; baseline -0.002 -16"><span class='ocrx_word' id='word_1_383' title='bbox 277 3624 803 3688; x_wconf 76' lang='lat' dir='ltr'><strong>3,8:1omserotosmrdtssimc,lcmso·</strong></span> <span class='ocrx_word' id='word_1_384' title='bbox 840 3626 895 3677; x_wconf 89' lang='lat' dir='ltr'><strong>tros</strong></span> <span class='ocrx_word' id='word_1_385' title='bbox 917 3638 969 3675; x_wconf 89' lang='lat' dir='ltr'><strong>non</strong></span> <span class='ocrx_word' id='word_1_386' title='bbox 994 3624 1109 3688; x_wconf 81' lang='lat' dir='ltr'><strong>legitime</strong></span> <span class='ocrx_word' id='word_1_387' title='bbox 1132 3626 1230 3675; x_wconf 85' lang='lat' dir='ltr'><strong>incisos</strong></span> <span class='ocrx_word' id='word_1_388' title='bbox 1250 3627 1276 3675; x_wconf 96' lang='lat' dir='ltr'><strong>in</strong></span> <span class='ocrx_word' id='word_1_389' title='bbox 1296 3625 1363 3691; x_wconf 78' lang='lat' dir='ltr'><strong>poisi</strong></span> 
     </span>
     <span class='ocr_line' id='line_1_40' title="bbox 278 3697 1364 3763; baseline 0 -14"><span class='ocrx_word' id='word_1_390' title='bbox 278 3712 334 3749; x_wconf 73' lang='lat' dir='ltr'><strong>cere</strong></span> <span class='ocrx_word' id='word_1_391' title='bbox 349 3712 435 3762; x_wconf 76' lang='lat' dir='ltr'><strong>copor.</strong></span> <span class='ocrx_word' id='word_1_392' title='bbox 458 3700 593 3749; x_wconf 86' lang='lat' dir='ltr'><strong>Gracchus</strong></span> <span class='ocrx_word' id='word_1_393' title='bbox 604 3699 720 3760; x_wconf 80' lang='lat' dir='ltr'><strong>Thyeste</strong></span> <span class='ocrx_word' id='word_1_394' title='bbox 730 3697 803 3761; x_wconf 90' lang='lat' dir='ltr'><strong>apud</strong></span> <span class='ocrx_word' id='word_1_395' title='bbox 841 3700 930 3750; x_wconf 86' lang='lat' dir='ltr'><strong>Latina</strong></span> <span class='ocrx_word' id='word_1_396' title='bbox 944 3699 1001 3761; x_wconf 86' lang='lat' dir='ltr'><strong>(aad</strong></span> <span class='ocrx_word' id='word_1_397' title='bbox 1012 3699 1058 3761; x_wconf 89' lang='lat' dir='ltr'><strong>qui</strong></span> <span class='ocrx_word' id='word_1_398' title='bbox 1070 3698 1297 3763; x_wconf 85' lang='lat' dir='ltr'><strong>postluvenalem</strong></span> <span class='ocrx_word' id='word_1_399' title='bbox 1306 3700 1364 3751; x_wconf 85' lang='lat' dir='ltr'><strong>scri·</strong></span> 
     </span>
     <span class='ocr_line' id='line_1_41' title="bbox 278 3771 1364 3838; baseline 0.005 -16"><span class='ocrx_word' id='word_1_400' title='bbox 278 3772 549 3837; x_wconf 73' lang='lat' dir='ltr'><strong>Priscianvipttti.</strong></span> <span class='ocrx_word' id='word_1_401' title='bbox 561 3774 597 3832; x_wconf 84' lang='lat' dir='ltr'><strong>(T.</strong></span> <span class='ocrx_word' id='word_1_402' title='bbox 608 3774 627 3821; x_wconf 92' lang='lat' dir='ltr'><strong>l.</strong></span> <span class='ocrx_word' id='word_1_403' title='bbox 637 3786 664 3836; x_wconf 90' lang='lat' dir='ltr'><strong>p.</strong></span> <span class='ocrx_word' id='word_1_404' title='bbox 672 3772 729 3823; x_wconf 74' lang='lat'><strong>278.</strong></span> <span class='ocrx_word' id='word_1_405' title='bbox 738 3771 801 3834; x_wconf 77' lang='lat' dir='ltr'><strong>lini:</strong></span> <span class='ocrx_word' id='word_1_406' title='bbox 841 3775 965 3837; x_wconf 87' lang='lat' dir='ltr'><strong>pserunt,</strong></span> <span class='ocrx_word' id='word_1_407' title='bbox 985 3785 1032 3823; x_wconf 86' lang='lat' dir='ltr'><strong>eos</strong></span> <span class='ocrx_word' id='word_1_408' title='bbox 1046 3784 1097 3822; x_wconf 92' lang='lat' dir='ltr'><strong>non</strong></span> <span class='ocrx_word' id='word_1_409' title='bbox 1110 3774 1184 3835; x_wconf 82' lang='lat' dir='ltr'><strong>curo)</strong></span> <span class='ocrx_word' id='word_1_410' title='bbox 1201 3776 1299 3838; x_wconf 86' lang='lat' dir='ltr'><strong>paucis</strong></span> <span class='ocrx_word' id='word_1_411' title='bbox 1317 3776 1364 3827; x_wconf 85' lang='lat' dir='ltr'><strong>Eo·</strong></span> 
     </span>
     <span class='ocr_line' id='line_1_42' title="bbox 277 3845 1362 3913; baseline 0 -16"><span class='ocrx_word' id='word_1_412' title='bbox 277 3848 365 3897; x_wconf 80' lang='lat' dir='ltr'><strong>liersit</strong></span> <span class='ocrx_word' id='word_1_413' title='bbox 374 3848 497 3908; x_wconf 59' lang='lat' dir='ltr'><strong>”queuis</strong></span> <span class='ocrx_word' id='word_1_414' title='bbox 505 3846 634 3895; x_wconf 70' lang='lat' dir='ltr'><strong>iunidmn</strong></span> <span class='ocrx_word' id='word_1_415' title='bbox 643 3846 804 3907; x_wconf 76' lang='lat' dir='ltr'><strong>plantasia-</strong></span> <span class='ocrx_word' id='word_1_416' title='bbox 841 3848 924 3897; x_wconf 87' lang='lat' dir='ltr'><strong>nianis</strong></span> <span class='ocrx_word' id='word_1_417' title='bbox 947 3848 1067 3911; x_wconf 83' lang='lat' dir='ltr'><strong>exceptis</strong></span> <span class='ocrx_word' id='word_1_418' title='bbox 1089 3848 1139 3897; x_wconf 89' lang='lat' dir='ltr'><strong>bos</strong></span> <span class='ocrx_word' id='word_1_419' title='bbox 1156 3845 1228 3898; x_wconf 88' lang='lat' dir='ltr'><strong>solos</strong></span> <span class='ocrx_word' id='word_1_420' title='bbox 1246 3850 1362 3913; x_wconf 79' lang='lat' dir='ltr'><strong>cognovi,</strong></span> 
     </span>
     <span class='ocr_line' id='line_1_43' title="bbox 278 3917 1364 3985; baseline 0.001 -15"><span class='ocrx_word' id='word_1_421' title='bbox 278 3934 354 3970; x_wconf 81' lang='lat' dir='ltr'><strong>mum.</strong></span> <span class='ocrx_word' id='word_1_422' title='bbox 374 3919 448 3970; x_wconf 90' lang='lat' dir='ltr'><strong>idem</strong></span> <span class='ocrx_word' id='word_1_423' title='bbox 459 3917 579 3969; x_wconf 80' lang='lat' dir='ltr'><strong>Atalanta</strong></span> <span class='ocrx_word' id='word_1_424' title='bbox 590 3918 692 3970; x_wconf 89' lang='lat' dir='ltr'><strong>ibidem</strong></span> <span class='ocrx_word' id='word_1_425' title='bbox 703 3934 730 3984; x_wconf 89' lang='lat' dir='ltr'><strong>p.</strong></span> <span class='ocrx_word' id='word_1_426' title='bbox 744 3920 800 3971; x_wconf 82' lang='lat'>638.</span> <span class='ocrx_word' id='word_1_427' title='bbox 841 3922 939 3971; x_wconf 84' lang='lat' dir='ltr'><strong>Horatii</strong></span> <span class='ocrx_word' id='word_1_428' title='bbox 957 3921 1038 3981; x_wconf 91' lang='lat' dir='ltr'><strong>dnos,</strong></span> <span class='ocrx_word' id='word_1_429' title='bbox 1067 3920 1180 3972; x_wconf 71' lang='lat' dir='ltr'><strong>Vestram</strong></span> <span class='ocrx_word' id='word_1_430' title='bbox 1199 3929 1321 3985; x_wconf 80' lang='lat' dir='ltr'><strong>praetor,</strong></span> <span class='ocrx_word' id='word_1_431' title='bbox 1344 3923 1364 3971; x_wconf 82' lang='lat' dir='ltr'><strong>ir</strong></span> 
     </span>
     <span class='ocr_line' id='line_1_44' title="bbox 280 3995 1360 4059; baseline 0.002 -14"><span class='ocrx_word' id='word_1_432' title='bbox 280 3996 367 4058; x_wconf 62' lang='lat' dir='ltr'><strong>(ml</strong></span> <span class='ocrx_word' id='word_1_433' title='bbox 387 3996 494 4059; x_wconf 71' lang='lat' dir='ltr'><strong>darete</strong></span> <span class='ocrx_word' id='word_1_434' title='bbox 509 3995 597 4056; x_wconf 83' lang='lat' dir='ltr'><strong>cerdo,</strong></span> <span class='ocrx_word' id='word_1_435' title='bbox 609 3996 708 4059; x_wconf 77' lang='lat' dir='ltr'><strong>reptem</strong></span> <span class='ocrx_word' id='word_1_436' title='bbox 719 4008 803 4059; x_wconf 78' lang='lat' dir='ltr'><strong>opres-</strong></span> <span class='ocrx_word' id='word_1_437' title='bbox 839 3996 985 4045; x_wconf 78' lang='lat' dir='ltr'><strong>tatestobiiis</strong></span> <span class='ocrx_word' id='word_1_438' title='bbox 1001 4001 1024 4045; x_wconf 87' lang='lat' dir='ltr'><strong>et</strong></span> <span class='ocrx_word' id='word_1_439' title='bbox 1040 4008 1113 4047; x_wconf 80' lang='lat' dir='ltr'><strong>socer</strong></span> <span class='ocrx_word' id='word_1_440' title='bbox 1134 4000 1184 4046; x_wconf 81' lang='lat' dir='ltr'><strong>esto</strong></span> <span class='ocrx_word' id='word_1_441' title='bbox 1207 3997 1269 4057; x_wconf 86' lang='lat' dir='ltr'><strong>(sat.</strong></span> <span class='ocrx_word' id='word_1_442' title='bbox 1290 3999 1319 4058; x_wconf 62' lang='grc' dir='ltr'><strong>ἰ,</strong></span> <span class='ocrx_word' id='word_1_443' title='bbox 1338 3996 1360 4056; x_wconf 83' lang='grc'><strong>3,</strong></span> 
     </span>
     <span class='ocr_line' id='line_1_45' title="bbox 277 4067 1361 4133; baseline 0.001 -12"><span class='ocrx_word' id='word_1_444' title='bbox 277 4084 333 4121; x_wconf 79' lang='lat' dir='ltr'><strong>sum</strong></span> <span class='ocrx_word' id='word_1_445' title='bbox 348 4071 469 4121; x_wconf 69' lang='lat' dir='ltr'><strong>tndem</strong></span> <span class='ocrx_word' id='word_1_446' title='bbox 487 4070 518 4119; x_wconf 90' lang='lat' dir='ltr'><strong>iii</strong></span> <span class='ocrx_word' id='word_1_447' title='bbox 536 4070 662 4127; x_wconf 77' lang='lat' dir='ltr'><strong>trimetri,</strong></span> <span class='ocrx_word' id='word_1_448' title='bbox 690 4071 735 4133; x_wconf 92' lang='lat' dir='ltr'><strong>qui</strong></span> <span class='ocrx_word' id='word_1_449' title='bbox 753 4067 801 4119; x_wconf 86' lang='lat' dir='ltr'><strong>soli</strong></span> <span class='ocrx_word' id='word_1_450' title='bbox 841 4070 921 4131; x_wconf 64' lang='lat' dir='ltr'><strong>tata,</strong></span> <span class='ocrx_word' id='word_1_451' title='bbox 948 4071 1004 4120; x_wconf 83' lang='lat' dir='ltr'><strong>Non</strong></span> <span class='ocrx_word' id='word_1_452' title='bbox 1022 4071 1185 4131; x_wconf 70' lang='lat' dir='ltr'><strong>qmoucidet</strong></span> <span class='ocrx_word' id='word_1_453' title='bbox 1201 4071 1361 4122; x_wconf 65' lang='lat' dir='ltr'><strong>immodum</strong></span> 
     </span>
     <span class='ocr_line' id='line_1_46' title="bbox 279 4142 1360 4208; baseline -0.002 -13"><span class='ocrx_word' id='word_1_454' title='bbox 279 4158 349 4196; x_wconf 88' lang='lat' dir='ltr'><strong>nunc</strong></span> <span class='ocrx_word' id='word_1_455' title='bbox 365 4147 466 4196; x_wconf 89' lang='lat' dir='ltr'><strong>restant</strong></span> <span class='ocrx_word' id='word_1_456' title='bbox 477 4157 510 4193; x_wconf 78' lang='lat' dir='ltr'><strong>ex</strong></span> <span class='ocrx_word' id='word_1_457' title='bbox 521 4144 629 4196; x_wconf 90' lang='lat' dir='ltr'><strong>lioratio</strong></span> <span class='ocrx_word' id='word_1_458' title='bbox 640 4142 802 4208; x_wconf 88' lang='lat' dir='ltr'><strong>supparibus</strong></span> <span class='ocrx_word' id='word_1_459' title='bbox 837 4148 957 4207; x_wconf 79' lang='lat' dir='ltr'><strong>petineis</strong></span> <span class='ocrx_word' id='word_1_460' title='bbox 973 4146 1062 4207; x_wconf 66' lang='lat' dir='ltr'><strong>indere,</strong></span> <span class='ocrx_word' id='word_1_461' title='bbox 1082 4156 1164 4195; x_wconf 88' lang='lat' dir='ltr'><strong>unum</strong></span> <span class='ocrx_word' id='word_1_462' title='bbox 1178 4144 1231 4195; x_wconf 88' lang='lat' dir='ltr'><strong>Silii</strong></span> <span class='ocrx_word' id='word_1_463' title='bbox 1246 4145 1324 4196; x_wconf 85' lang='lat' dir='ltr'><strong>italici</strong></span> <span class='ocrx_word' id='word_1_464' title='bbox 1337 4145 1360 4193; x_wconf 91' lang='lat' dir='ltr'><strong>in</strong></span> 
     </span>
     <span class='ocr_line' id='line_1_47' title="bbox 280 4218 1362 4284; baseline -0.001 -15"><span class='ocrx_word' id='word_1_465' title='bbox 280 4222 398 4284; x_wconf 77' lang='lat' dir='ltr'><strong>tragicis,</strong></span> <span class='ocrx_word' id='word_1_466' title='bbox 417 4219 585 4271; x_wconf 83' lang='lat' dir='ltr'><strong>exactissime</strong></span> <span class='ocrx_word' id='word_1_467' title='bbox 604 4224 712 4271; x_wconf 76' lang='lat' dir='ltr'><strong>servant</strong></span> <span class='ocrx_word' id='word_1_468' title='bbox 729 4218 802 4283; x_wconf 82' lang='lat' dir='ltr'><strong>leges</strong></span> <span class='ocrx_word' id='word_1_469' title='bbox 839 4220 867 4279; x_wconf 82' lang='lat'><strong>8,</strong></span> <span class='ocrx_word' id='word_1_470' title='bbox 887 4219 949 4281; x_wconf 77' lang='lat' dir='ltr'><strong>tto,</strong></span> <span class='ocrx_word' id='word_1_471' title='bbox 972 4219 1122 4270; x_wconf 69' lang='lat' dir='ltr'><strong>raconem</strong></span> <span class='ocrx_word' id='word_1_472' title='bbox 1132 4232 1244 4282; x_wconf 73' lang='lat' dir='ltr'><strong>quesere</strong></span> <span class='ocrx_word' id='word_1_473' title='bbox 1259 4224 1362 4271; x_wconf 74' lang='lat' dir='ltr'><strong>caetere</strong></span> 
     </span>
    </p>
   </div>
   <div class='ocr_carea' id='block_1_7' title="bbox 0 0 1473 4892">
    <p class='ocr_par' dir='ltr' id='par_1_11' title="bbox 0 0 1473 4892">
     <span class='ocr_line' id='line_1_48' title="bbox 0 0 1473 4892; baseline 0 0"><span class='ocrx_word' id='word_1_474' title='bbox 0 0 1473 4892; x_wconf 95' lang='lat' dir='ltr'><strong> </strong></span> 
     </span>
    </p>
   </div>
  </div>
 </body>
</html>
