2925 4892
488 348 549 401 ω.
567 350 586 401 r.
623 350 721 403 enar.
738 352 794 403 xv.
1127 351 1191 419 aio

144 503 239 585 Quod
262 524 315 571 me
336 502 486 571 Lucanae
510 506 660 573 iuvenem
682 506 888 575 commendet
907 508 1097 577 amicae.-

144 628 278 693 Tractos
299 634 372 693 nter
394 624 505 713 plores
527 623 672 713 lepores,
698 634 772 693 uter
791 626 912 695 educm
931 648 1046 717 apros,

143 747 218 815 Utra
241 746 343 834 magis
364 747 474 833 pisces
496 755 530 815 ct
549 745 684 815 echinos
706 766 853 834 aequora
873 748 997 826 celent,

144 867 276 955 Pinguis
298 876 334 933 ut
353 867 429 935 inde
451 866 584 935 domum
605 868 728 955 possim
750 866 947 957 Phaeaxque
968 871 1102 947 reverti.

144 987 296 1055 Scribere
317 998 349 1055 te
372 986 492 1065 uobis.
506 987 562 1055 tibi
585 1008 645 1055 nos
668 988 844 1057 accredere
864 1010 926 1079 par
946 1000 1005 1057 est.
1147 992 1190 1059 at

142 1108 303 1185 ltaenius,
327 1118 362 1175 ut
384 1106 482 1175 rebus
504 1109 658 1175 maternis
679 1118 779 1197 atque
799 1108 944 1199 paternis

143 1230 283 1296 Fortiter
303 1230 482 1318 absumptis
503 1229 648 1296 urbanus
670 1232 779 1318 coepit
802 1229 932 1308 baberi,

141 1353 262 1417 Scurra
283 1370 398 1437 vagus,
423 1370 487 1415 non
509 1350 565 1439 qui
588 1360 712 1417 certum
733 1372 895 1439 praesepe
916 1363 1057 1429 teneret,

129 1522 199 1583 serre
215 1518 555 1571 connumeratorum
573 1520 649 1571 Fene.
665 1546 693 1557 -
713 1520 756 1571 46.
768 1520 841 1571 casio
856 1522 883 1571 6.
898 1548 926 1557 -
945 1522 988 1573 24.
999 1524 1156 1575 comm

130 1592 188 1644 sEd
207 1592 265 1657 (sed
282 1592 363 1645 iidem
378 1592 657 1655 πωπω-6446444444).
679 1620 706 1629 -
725 1594 767 1643 22.
782 1594 866 1655 plenia
883 1594 912 1645 E.
928 1620 956 1633 -
973 1596 1064 1646 mot
1080 1595 1107 1646 d.
1126 1623 1153 1633 -

131 1669 172 1719 66.
192 1665 260 1719 ttale
277 1667 312 1719 ab
323 1667 375 1717 boc
386 1680 466 1718 versu
477 1680 574 1718 novam
585 1666 729 1731 Epistolam
745 1669 875 1731 incipiunt
886 1668 970 1719 coda.
982 1668 1056 1732 aliq„
1074 1670 1156 1721 ettam

131 1742 164 1801 E,
182 1740 231 1793 Ed.
257 1742 358 1793 Veneta
379 1740 453 1792 4464.
471 1742 499 1790 et
519 1738 587 1791 aliae
604 1744 719 1792 veteres.
742 1770 769 1779 -
786 1742 890 1793 linatur
906 1742 930 1793 J.
948 1744 1050 1794 Becker
1069 1744 1154 1795 tilleto

130 1818 196 1867 Mur.
215 1816 248 1865 N.
266 1817 295 1867 F.
315 1816 345 1865 V.
364 1828 391 1879 p.
409 1814 467 1865 376.
747 1824 750 1828 ’

101 1966 141 2027 (ab
158 1966 248 2015 aetate
267 1963 626 2029 etsapore,utleoto81a··
695 1964 784 2015 att-ta
803 1965 930 2027 nmen]
948 1966 1016 2017 Cum
1032 1978 1063 2017 se
1079 1978 1130 2029 per
1145 1968 1187 2017 lo-

100 2043 200 2091 reetiao
212 2039 294 2090 Persii
306 2037 335 2099 3,
347 2037 398 2099 93.)
410 2039 534 2103 requiro,
552 2036 626 2101 quod
663 2052 725 2089 cum
747 2041 778 2089 ut
798 2038 955 2090 deliciarum
975 2038 1123 2091 admodum
1139 2053 1188 2091 cu·

100 2114 139 2165 uel
157 2125 268 2165 mecum
285 2112 434 2176 apportabo
452 2111 495 2163 uel
512 2110 549 2163 ibi
561 2125 626 2176 quo-
661 2112 755 2177 pidum
780 2126 813 2163 ac
837 2127 923 2178 prope
949 2112 1114 2165 luxuriosum
1137 2112 1189 2165 de-

100 2202 150 2253 que
172 2188 310 2252 repertam
331 2186 359 2237 in
382 2185 432 2237 alia
448 2186 557 2249 regione
576 2199 625 2237 nu·
661 2187 827 2251 scripsisset,
861 2186 969 2239 subiicit
1001 2186 1119 2253 lepidam
1151 2186 1187 2239 de

101 2266 169 2323 tom.
190 2274 206 2311 a
224 2258 335 2325 propola
348 2263 511 2325 empturos.»
526 2286 554 2297 -
567 2274 625 2311 neo
661 2260 765 2311 Maenio
782 2260 1022 2323 narratiunculam,
1041 2275 1095 2327 qua
1111 2260 1187 2313 dele·

99 2352 138 2400 epe
154 2336 240 2399 wite]
259 2336 290 2387 Ut
307 2333 393 2385 solent
409 2334 480 2385 bene
496 2335 551 2399 poti
568 2333 625 2387 lae·
661 2338 715 2386 ctet
736 2337 912 2388 Numenium:
943 2337 1118 2397 «Nimimm,»
1144 2338 1188 2386 in·

101 2412 216 2462 maiman
238 2420 361 2473 quasque
385 2420 447 2473 spes
469 2410 622 2473 concipere.
661 2410 731 2475 quit,
752 2423 817 2473 «ego
833 2422 895 2461 aum
911 2423 995 2475 prope
1012 2408 1105 2462 similla
1117 2410 1187 2461 ltac-

100 2486 210 2536 ltiuitem
225 2494 305 2547 spem
320 2483 398 2532 uocat
415 2483 539 2533 Horatius
550 2480 624 2535 ttzt
660 2484 696 2533 nti
713 2482 850 2533 Pantolabi
866 2481 966 2545 illiue.»
993 2484 1027 2533 de
1047 2497 1101 2547 quo
1125 2484 1186 2533 vids

100 2553 279 2609 δαὸάπανον
290 2550 379 2619 φύσει
389 2556 509 2619 Thucyd.
522 2558 551 2617 6,
565 2556 622 2609 tot.
660 2559 711 2607 Sat.
727 2559 756 2619 4,
774 2558 803 2618 4,
823 2558 879 2606 tot.
899 2559 927 2607 st
943 2558 972 2617 4,
985 2556 1014 2618 3,
1027 2558 1068 2607 64.
1083 2584 1111 2593 -
1125 2556 1188 2607 For·

100 2634 172 2685 Ceut.
184 2630 238 2683 Silii
255 2632 286 2693 3,
304 2632 366 2682 5⁴2:
382 2631 622 2694 promisstaditibsu.
659 2630 726 2691 liter]
746 2631 884 2690 «abanim,
905 2630 1044 2693 impigre»,
1062 2630 1124 2679 aar
1144 2630 1186 2679 si-

102 2736 127 2747 -
146 2708 220 2771 Quod
241 2720 282 2757 me
306 2708 423 2757 tremes
444 2706 507 2767 cet]
531 2704 624 2767 «Quod
659 2706 788 2775 penam.
819 2704 997 2755 amatotsstb.
1010 2704 1041 2764 3,
1060 2704 1088 2753 9;
1112 2696 1186 2755 ἔνιοι

99 2784 168 2833 viras
186 2781 350 2846 praestatio
367 2793 496 2831 venerem
513 2782 540 2831 et
558 2793 623 2845 pro·
658 2806 673 2816 -
684 2808 700 2819 -
711 2774 784 2850 πρὸς
794 2773 953 2865 χζημάτων
963 2770 1117 2843 ἀποβολὴν
1133 2772 1185 2829 eri·

99 2859 157 2922 pter
169 2858 338 2919 bocgratum
349 2869 393 2906 me
405 2854 502 2906 reddet
513 2853 621 2925 ἑταίρᾳ,
658 2852 797 2926 θαρσῶς
822 2866 951 2913 excocto.
986 2854 1060 2903 Pers.
1080 2853 1109 2914 6,
1134 2854 1184 2903 tl:

100 2935 128 2981 ut
150 2934 174 2983 si
200 2931 304 2981 iuvenis
330 2931 482 2980 etiamnunc
506 2942 622 2980 essem.»
658 2931 697 2980 bic
714 2930 780 2979 bono
796 2930 866 2979 neue
877 2928 994 2979 Groneia
1008 2926 1186 2991 musenim

100 3006 178 3057 lieete
196 3006 314 3055 Dtlntzer
330 3006 417 3067 notat,
444 3005 551 3069 proprie
570 3004 624 3055 Ve-
655 3004 758 3069 peracit
769 3017 844 3066 puer.
868 3027 896 3039 -
913 3000 1034 3063 mimice]
1051 2994 1185 3065 ἀστεῖος,

100 3079 160 3131 liam
186 3079 324 3130 dumtaxat
349 3080 517 3129 Lucanorum
541 3076 623 3129 tuisse
659 3072 845 3149 εὐτράπελος,
865 3076 970 3137 efficax,
989 3076 1036 3141 qui
1052 3076 1107 3127 risu
1123 3089 1193 3129 mo-·

100 3153 242 3220 oppidum,
260 3150 399 3203 Salernum
415 3152 621 3203 Picentiuorum.
658 3153 748 3203 vendo
765 3152 816 3203 sibi
832 3151 868 3202 ad
884 3151 997 3202 divitum
1007 3162 1116 3201 mensas
1127 3148 1186 3200 adi

102 3254 127 3265 -
145 3228 233 3291 apros]
251 3226 290 3277 Cl.
304 3228 357 3277 Sat.
370 3228 402 3289 2,
420 3228 449 3286 8,
468 3228 492 3277 6.
514 3254 541 3263 -
560 3227 624 3279 ecbi-
659 3228 717 3277 tum
734 3228 867 3291 pararet.»
896 3223 1004 3275 Plautus
1021 3224 1092 3273 Toto.
1106 3224 1136 3283 4,
1154 3222 1185 3284 6,

100 3304 155 3368 ιω]
173 3303 303 3355 mannos.
338 3301 411 3353 Conl.
433 3301 562 3366 Epeos,
579 3302 621 3353 27.
661 3301 721 3351 tea:
743 3300 812 3350 Niltil
828 3304 863 3349 est
875 3298 989 3361 profecto
999 3296 1187 3357 stutttuaoeque

100 3378 194 3429 turen.
208 3375 238 3437 3,
256 3374 303 3427 ll:
329 3370 436 3435 Ἑκῑνοι
457 3370 531 3440 μετὰ
553 3369 623 3441 ὀξυ·
659 3375 827 3425 scoticana
845 3375 928 3436 Qum
951 3370 1067 3421 erboni
1090 3368 1186 3419 64346444

99 3450 215 3513 μέλιτος
236 3446 453 3515 λαμβανόμενα
475 3450 525 3501 καὶ
545 3450 624 3501 calt-
659 3451 737 3511 eom,
763 3462 825 3511 quoe
839 3460 943 3498 meroe
958 3448 1058 3495 cocum.
1088 3440 1186 3493 Simili·

100 3540 149 3577 voe
170 3524 223 3575 nat
244 3516 396 3589 ἡδυόσμου
415 3524 623 3590 (Garteomiteze)
660 3525 701 3572 ter
719 3520 813 3573 catull.
826 3521 915 3581 tm:
934 3516 1187 3569 aoao--utcecn

100 3592 453 3665 rinutcrasnleb'xeloe.
468 3626 495 3636 -
511 3600 623 3663 Piceno]
659 3595 880 3656 wbuaur--uci
899 3594 973 3643 modo
994 3588 1186 3641 morenat-

100 3674 625 3739 upp.t,s‚te:.ttoteotqmteeoaac
661 3671 774 3723 nomm
806 3666 1187 3734 Cl.Epp.l,tl,ll.-cea

100 3750 182 3799 mdo
201 3748 259 3811 plata
274 3760 356 3810 meuc
371 3754 478 3811 operato
499 3749 622 3798 twentua
660 3751 714 3795 tiano
726 3743 859 3808 praesepe]
882 3742 987 3793 comice
1010 3753 1059 3804 pro
1076 3752 1185 3801 manaan

103 3849 128 3859 -
148 3822 291 3884 medem]
315 3821 443 3874 accedere
465 3824 576 3889 propter
596 3822 625 3873 id
661 3834 731 3871 «non
757 3822 788 3870 ut
813 3816 931 3869 Velleius
957 3817 1035 3867 Mena
1060 3811 1186 3878 Philippi.

102 3897 202 3960 imum,
226 3896 301 3961 quod
322 3899 351 3947 tu
368 3898 473 3949 sincere
495 3896 559 3947 mibi
577 3910 625 3947 sx-
661 3895 700 3945 sic
717 3892 784 3944 alius
795 3892 845 3941 uiri
860 3890 988 3955 principis
999 3888 1118 3941 Maenius
1130 3888 1188 3937 erat

102 3982 184 4033 pones
195 3969 406 4023 rernmillarum
417 3972 543 4023 alamno.»
561 3970 626 4021 Ven-
661 3967 860 4019 omoeoeusion
871 3966 946 4030 (app.
959 3965 988 4025 4,
1007 3964 1038 4024 i,
1056 3960 1119 4024 ill,
1137 3961 1187 4013 sed

102 4042 165 4097 bom
182 4047 226 4097 est
247 4045 300 4095 iam
322 4043 471 4097 Plautinum
494 4044 575 4109 (Asin
594 4044 624 4106 3,
660 4055 742 4107 uacca
752 4040 835 4092 modo
845 4038 918 4105 apud
928 4038 1009 4098 huuc,
1022 4035 1104 4087 modo
1115 4032 1188 4099 apud

103 4116 130 4177 3,
148 4119 210 4180 li),
222 4120 411 4171 Lucretianum
424 4119 463 4182 (3,
475 4118 555 4182 acen,
567 4116 626 4169 Tul·
661 4116 736 4167 illum
747 4113 906 4167 coenabat.»
926 4114 969 4165 Sic
986 4112 1067 4163 etiam
1083 4108 1185 4161 Graeci.

103 4190 199 4245 mum
218 4191 261 4256 tad
277 4194 330 4245 stt.
343 4194 372 4256 6,
391 4193 421 4255 Ξ,
438 4192 484 4255 3.).
661 4191 752 4255 Eurip.
763 4189 906 4253 Eurysthei
922 4189 963 4239 Fr.
977 4186 1006 4239 6;
1031 4178 1067 4251 ἦν
1084 4198 1126 4247 τις
1143 4178 1187 4235 οἲ·
