2925 4892
509 331 568 382 ΗΒ.
588 331 606 380 l.
642 329 741 382 EPIST.
759 331 813 382 XX.

154 485 285 602 Scilicet
304 495 341 552 ut
361 495 488 572 prostes
510 485 678 552 Sosiorum
700 485 829 572 pumice
847 485 997 554 muudus.

156 607 260 674 Odisti
284 605 393 674 claves
415 616 447 672 et
470 616 559 694 grata
582 605 685 694 sigilla
707 605 844 692 pudico;

152 729 269 795 Paucis
292 727 417 794 ostendi
441 728 543 815 gemis
566 737 598 794 et
619 727 804 794 communia
824 725 956 803 laudas,

108 989 324 1042 vicissitudinum
336 1001 368 1038 ae
381 989 558 1038 mutationum
576 989 637 1051 (Sat.
676 991 706 1040 Α,
720 990 748 1050 4,
766 991 827 1040 titio:
846 990 897 1039 Nec
914 995 959 1039 44444
973 991 1089 1040 mordaci
1102 993 1202 1052 4444444444

108 1065 137 1126 8,
156 1065 185 1124 ’4,
206 1063 273 1126 444,
301 1061 364 1112 laiuo
381 1063 461 1112 etiam
479 1061 640 1113 «vertenda—
675 1075 755 1112 4444444
779 1068 855 1113 mos.
891 1064 931 1114 De
947 1063 1000 1113 hoc
1016 1065 1107 1114 tamen
1124 1077 1200 1116 more

109 1151 169 1188 rum
181 1149 295 1187 rerum·
314 1136 418 1201 (Porph.
433 1135 640 1186 etPseudasco-
676 1137 813 1188 Horatium
837 1137 882 1188 bic
904 1139 1036 1201 cogitasse
1057 1149 1111 1189 non
1127 1151 1199 1189 reor.

108 1212 169 1261 nius
187 1211 214 1261 in
233 1211 310 1260 verr.
329 1213 393 1260 Aac.
412 1211 437 1270 4,
455 1209 502 1270 448,
522 1207 578 1260 tot.
599 1210 636 1274 (p.
707 1211 732 1262 8.
746 1211 771 1262 4.
797 1211 882 1262 clocca
897 1211 1048 1275 st-siotlto]
1066 1212 1119 1262 Cir.
1137 1225 1201 1262 ver-

108 1285 165 1334 8844.
179 1283 224 1334 ed.
238 1284 331 1346 Bait),
351 1282 444 1343 idest,
462 1282 638 1333 emendarum
674 1297 720 1335 sus
740 1284 865 1336 Hartialis
883 1287 910 1347 4,
934 1285 981 1346 dd,
999 1287 1093 1349 seqq.
1118 1299 1200 1350 sopra

109 1362 137 1408 et
151 1357 298 1408 renalium.
325 1359 349 1408 ls
367 1357 401 1408 ad
419 1358 515 1408 Forum
533 1359 559 1408 iu
578 1358 638 1406 vioo
674 1354 776 1408 allatos.
807 1358 948 1409 librorum
965 1357 1098 1409 volumina
1114 1359 1141 1409 ln
1158 1371 1202 1408 ca·

109 1433 210 1482 turario
227 1445 249 1482 s.
268 1433 355 1482 rusco
373 1430 502 1483 sacellum
519 1445 583 1482 oum
600 1433 639 1482 si·
673 1433 729 1496 pais
754 1433 977 1494 asservabantur,
1005 1447 1073 1498 quas
1090 1435 1117 1484 iu
1132 1436 1200 1485 scri·

108 1505 229 1558 mulacro
246 1505 378 1566 habebat,
404 1508 432 1556 ln
449 1507 525 1558 cuius
542 1507 637 1558 vicinia
673 1507 724 1558 uiis
741 1507 842 1558 domini
858 1505 938 1557 analo
948 1507 1057 1570 signatis
1068 1508 1201 1560 custodie·

108 1584 168 1630 erat
182 1581 261 1630 4444444
277 1581 319 1643 (cl.
338 1581 404 1645 Epp.
424 1581 449 1642 4,
468 1581 492 1641 4,
511 1579 578 1644 848,
601 1579 637 1631 4444
673 1581 747 1632 bant.
783 1581 825 1630 Sic
842 1581 925 1631 etiam
940 1581 1075 1631 interdum
1091 1594 1199 1642 uxores,

109 1657 191 1706 etiam
206 1654 308 1706 librarii
324 1668 388 1706 suas
408 1654 535 1706 tabernas
552 1657 579 1704 et
595 1655 637 1720 pl·
673 1654 854 1714 concubinae,
873 1655 950 1719 pueri
967 1653 1071 1704 delicati
1088 1654 1199 1705 domiin

107 1729 147 1780 las
163 1743 186 1780 s.
205 1727 344 1780 columnas
367 1729 429 1793 (Sat.
448 1731 477 1791 4,
496 1727 525 1791 4,
544 1730 585 1779 74.
605 1731 634 1780 Α.
673 1727 793 1780 custodia
811 1727 1006 1788 retinebantur,
1024 1729 1098 1780 ostiis
1115 1728 1199 1793 sigillo

107 1806 135 1854 P.
154 1803 239 1867 878),
266 1803 316 1854 aed
344 1802 455 1854 lenones
478 1815 586 1867 qaoque
610 1805 637 1854 at
672 1803 789 1853 munitis.
830 1803 964 1867 aristoph.
988 1804 1096 1854 Thasm.
1120 1802 1195 1865 444.,

108 1878 266 1929 meretriceo
283 1876 398 1928 fornices
412 1889 476 1928 snos
488 1891 520 1928 ac
536 1890 636 1942 pergu-
671 1875 717 1928 ubi
741 1874 816 1926 litem
838 1875 978 1928 intendens
1003 1877 1120 1940 Euripidi
1136 1890 1199 1928 ma-

108 1951 147 2004 los
164 1951 358 2002 habebant.-
377 1950 533 2015 spectorels
520 1963 635 2014 «magna
672 1947 780 2000 liercula
796 1945 845 2000 dul
864 1947 981 2010 τοῦτον,
1007 1951 1105 2014 inquit,
1133 1954 1198 2012 τα4ς

109 2039 172 2078 cnm
182 2025 381 2089 exspectatione
390 2038 422 2076 ac
431 2024 565 2076 desiderio
573 2037 636 2075 ocu
670 2021 1196 2113 γυναικωνίτισινῑφραγτδαςὲπιβάλ-

108 2099 148 2152 los
165 2113 200 2151 eo
216 2099 365 2162 dirigerem
353 2098 509 2150 nltalorum
522 2099 637 2150 444444444-
671 2097 774 2150 λουσιν
792 2093 847 2166 ἤδη
864 2095 1056 2164 καὶμοχλούς
1073 2096 1198 2171 Tuccio·

108 2189 207 2225 4444.-
220 2173 399 2238 84444444]444444
411 2173 546 2233 irrisione,
564 2174 636 2236 4444-
670 2187 717 2236 τες
734 2169 823 2239 ἡμᾶς.
860 2175 1048 2240 Heuanderp.
1069 2176 1125 2226 488.
1143 2176 1194 2227 le:

106 2249 180 2298 44444.
194 2248 338 2312 -prostesJ
355 2247 470 2298 verbum
479 2247 635 2310 ambiguum
666 2239 762 2310 Ὅστις
777 2247 810 2299 dt
825 2247 951 2314 μοχλοῖς
967 2250 1017 2300 καὶ
1035 2245 1082 2300 διὰ
1099 2264 1197 2319 σφρα-

107 2322 141 2372 de
158 2323 256 2386 quavis
273 2335 379 2382 merce,
398 2323 480 2372 etiam
497 2321 531 2372 de
549 2333 635 2372 mere-
669 2319 820 2388 γισμάτων
839 2321 926 2387 Σωζει
951 2322 1099 2394 δάμαρτα,
1125 2323 1196 2396 dorio

106 2396 218 2448 tricibus
244 2399 272 2448 et
296 2397 390 2448 scortis
412 2395 584 2460 (mediolis).
605 2423 633 2433 -
670 2412 697 2448 u
714 2394 980 2463 δὴδοκῶνσοφόν,
992 2395 1196 2461 Μάτωόςέστι

107 2470 246 2535 8444044444]
264 2471 330 2522 Sosii
348 2470 443 2522 iratres
454 2469 635 2522 iuerebiblio·
670 2473 720 2522 καὶ
739 2473 858 2542 φρονῶν
874 2468 959 2524 οὐδὲν
975 2478 1086 2544 φρονεῖ.
1122 2474 1195 2524 Haec

107 2544 199 2609 polae,
222 2545 364 2595 memorati
381 2545 509 2596 etiami.
528 2545 556 2594 P
575 2543 632 2594 ato
670 2548 784 2598 autam·
778 2559 835 2611 ipsa
852 2547 971 2597 custodia
993 2559 1078 2612 puero
1090 2548 1194 2610 pudeo,

106 2619 183 2684 (sorti
207 2617 351 2668 Soractem
370 2631 437 2681 gens
458 2617 562 2682 plebeia
580 2631 633 2668 uon
670 2621 1078 2684 cuipropositumestunihero
1089 2633 1196 2670 morem

108 2695 205 2756 ignote.
233 2692 260 2744 G.
273 2693 359 2742 Sosius
370 2691 462 2743 consul
474 2692 523 2743 luit
533 2706 557 2742 a.
568 2705 594 2742 n.
607 2707 630 2743 c.
669 2707 779 2757 gerere,
796 2699 875 2757 croto
885 2693 996 2755 accidit,
1014 2707 1078 2743 eum
1088 2695 1123 2743 ita
1135 2695 1194 2745 eius

105 2769 162 2818 788.
191 2765 353 2831 bibliopolae
370 2779 435 2816 vero
448 2767 546 2816 Horatii
558 2779 573 2816 e
585 2779 633 2829 ge·
669 2767 782 2820 fidelitas
794 2770 867 2818 extra
879 2781 988 2819 omnem
1000 2767 1193 2819 dubitationem

105 2855 170 2892 uere
194 2839 319 2892 libertino
339 2839 463 2891 videntur
482 2839 582 2902 luisse.)
603 2867 630 2876 -
667 2845 790 2908 ponatur.
811 2867 838 2878 —
861 2841 958 2906 Poscis]
982 2842 1096 2892 «Amicis
1113 2841 1194 2892 dum-

101 2917 211 2978 mice]
229 2917 336 2966 Partem
353 2913 571 2966 membranarum
583 2926 631 2963 ex·
668 2919 844 2968 terrimotu..
862 2915 1091 2978 ct.Sat.t,t,·13.
1110 2917 1192 2966 Recto

104 2992 248 3050 tenorem,
275 3001 344 3052 quae
361 2989 482 3052 asperior
498 2989 553 3048 est,
580 3000 632 3051 pu·
667 2993 769 3043 Franlre
791 2994 818 3043 F.
844 2993 917 3057 Hp.
935 2992 992 3042 784
1020 2992 1192 3054 «Antequam

104 3066 173 3118 mioe
192 3063 343 3128 levigabant
359 3067 386 3114 et
402 3061 538 3128 poliebant
553 3060 631 3125 gluti·
666 3065 735 3117 liber
751 3067 866 3118 emissus
882 3067 969 3126 essct,
988 3063 1116 3130 epistolae
1134 3065 1191 3115 sin-

104 3141 220 3190 uatores.
240 3135 335 3190 Catuli.
349 3139 372 3198 4,
386 3139 415 3188 t:
434 3136 542 3188 4444444444
551 3135 630 3186 sisso
666 3139 776 3203 galatim
800 3142 827 3190 in
848 3139 960 3191 aliorum
977 3153 1085 3204 quoque
1103 3139 1191 3190 laomi-

105 3215 178 3264 nodo
186 3214 288 3276 4444444444
298 3213 444 3276 4844444444.
462 3211 538 3262 ldem
549 3212 591 3273 88,
603 3211 628 3261 6:
666 3227 747 3266 num·
760 3217 820 3278 (ago
831 3215 922 3265 dicere
937 3213 1028 3264 malim
1040 3213 1189 3274 4444444444)

103 3287 208 3338 Hortos
223 3288 322 3352 recisa,
339 3287 399 3338 novi
409 3286 479 3348 44444,
497 3285 630 3336 Νου444444-
667 3303 778 3340 amanus
789 3290 944 3354 pervenisse
955 3287 1087 3346 videntur,
1101 3287 1124 3337 si
1135 3299 1189 3349 qua

103 3360 181 3422 bilici,
196 3361 356 3423 4444444444,
368 3361 516 3411 monitam
527 3359 630 3410 Directo
666 3364 734 3414 tides
758 3363 849 3412 verbis
870 3362 960 3412 Poscis
981 3363 1045 3420 cet,
1063 3359 1098 3409 ad
1119 3373 1190 3422 qnae

100 3435 214 3496 4444444444,
244 3441 268 3486 44
288 3437 388 3498 peotes
408 3435 494 3484 44444444
510 3439 627 3496 aequato.
665 3438 736 3488 bene
758 3439 886 3500 provocat
910 3435 1016 3486 Hasson
1036 3435 1063 3483 in
1082 3433 1191 3482 Histoire

104 3508 214 3560 4444444444.
234 3511 258 3571 4,
278 3511 334 3570 447,
353 3509 401 3560 st:
418 3509 533 3560 4444444444
549 3508 630 3559 4444444-
664 3511 770 3570 critique
787 3510 817 3560 de
832 3510 859 3558 lo
877 3507 1023 3570 rapacique
1039 3507 1081 3556 4444
1096 3506 1187 3556 lettres.

103 3589 151 3634 4444
175 3584 215 3633 De
236 3583 322 3646 poeno
347 3583 416 3634 444444
440 3583 549 3633 alterove
570 3583 629 3634 nido
664 3587 738 3636 Tom.
757 3584 788 3632 v.
807 3597 834 3646 p.
852 3583 908 3632 478.
927 3584 982 3632 not.
1001 3581 1045 3630 b.»
1066 3605 1094 3616 -
1118 3593 1188 3630 44444-

103 3657 197 3706 84444444
217 3658 318 3719 4444444444
342 3671 511 3720 muroque
534 3657 629 3708 44444444
663 3659 760 3720 mmsis]
784 3659 887 3708 tritam
909 3655 1062 3706 liberiorem
1079 3656 1106 3706 in
1122 3653 1188 3704 locis

103 3731 223 3782 4444444444
255 3732 300 3782 4444
332 3733 441 3796 wodor
473 3731 625 3784 Hostiotsm.
663 3731 804 3798 publicis.
839 3733 908 3783 Loco
931 3730 1075 3782 consuletis
1096 3732 1186 3780 autem

104 3805 219 3868 meme,
233 3807 316 3868 78,4;
333 3809 451 3858 8444444444
465 3808 562 3858 morice
577 3807 628 3856 4444·
663 3809 744 3858 etiam
761 3805 896 3871 lupanaria
913 3807 1051 3857 honestius
1067 3806 1188 3856 nomina-

103 3885 140 3930 4444
163 3893 304 3944 ammonere
326 3882 415 3933 Horas
429 3881 538 3956 punicis
559 3882 628 3932 4444444
663 3883 769 3932 bantur.
799 3883 901 3932 Seneca
919 3882 1009 3931 Contr
1022 3881 1046 3942 4
1059 3881 1084 3930 8.
1102 3894 1129 3943 p
1143 3881 1184 3929 94.

100 3949 628 4018 nomo,amaeenmoporamq1e,o
662 3957 747 4007 amet
762 3955 982 4006 temeratrix
996 3960 1089 4005 vocato
1103 3967 1142 4014 44,
1159 3955 1187 4002 444

103 4028 167 4078 44444.
199 4029 239 4080 Gi
260 4029 461 4092 Pseudotib.³‚
486 4032 513 4091 4,
533 4030 625 4094 Psqq.
662 4031 814 4080 commoni
833 4030 903 4080 loco
918 4030 1016 4090 44444444
1042 4029 1186 4090 4444444444-

103 4103 210 4156 Pumice
231 4105 296 4156 item
318 4105 440 4157 bomiues
460 4105 627 4157 delicatiores
661 4111 701 4156 4444
721 4110 758 4156 444
772 4105 849 4158 mltos
869 4110 928 4155 444444
943 4104 1041 4164 44444444,
1063 4103 1185 4152 4444444444

104 4193 211 4232 crurum
229 4179 297 4244 pilos
313 4180 479 4232 deterebaut.
502 4181 576 4232 Orid.
596 4183 625 4232 Α.
660 4179 782 4243 recepisti.
