2925 4892
517 369 577 421 un.
595 371 626 421 u.
662 369 731 421 sir.
750 369 791 421 nr.
1143 371 1200 439 ili

165 526 301 612 «Accipe
322 525 412 614 qnod
433 545 599 614 nunquam
621 525 741 593 reddas
764 524 877 602 mihi»,
902 527 929 592 si
953 527 1008 595 tibi
1033 527 1152 606 dicam,

162 647 252 713 Tune
275 646 410 713 insanus
431 647 514 722 eris,
538 648 566 714 si
590 645 780 736 acceperis?
802 667 843 713 an
866 649 968 736 magis
989 669 1105 716 excors

161 768 292 835 Reiecta
312 767 451 855 praede,
474 787 573 856 quam
594 789 751 855 praesens
773 769 952 835 Mercurius
974 769 1057 836 serti

162 888 278 955 Scribe
300 887 416 955 decem
438 909 457 954 a
479 890 593 966 Nerio;
615 911 680 956 non
703 899 754 956 est
775 889 871 955 satis:
895 888 979 957 adde
1004 891 1136 960 Cicutae

161 1009 284 1076 Nodosi
305 1008 433 1075 tabulm
454 1020 598 1086 centum,
620 1009 707 1077 mille
728 1009 814 1077 adde
836 1020 984 1078 catenes:
1165 1015 1206 1079 70

163 1129 302 1218 Effugiet
324 1141 430 1198 tamen
451 1129 534 1197 haec
555 1129 732 1199 sceleratus
754 1129 882 1198 vincula
902 1134 1048 1200 Proteus.

184 1311 227 1360 er.
247 1309 310 1360 ibor
325 1309 436 1361 Bentleii
452 1322 551 1374 operae
568 1309 677 1361 Amstel.
699 1337 726 1348 -
754 1311 794 1360 69.
814 1325 831 1360 c
848 1323 955 1362 erasum
973 1313 999 1363 in
1016 1315 1033 1362 S
1050 1315 1175 1366 omittunt

150 1382 265 1435 Aldinae
282 1387 311 1434 et
327 1382 415 1434 schol.
433 1385 558 1444 ceraue,
577 1382 618 1434 44.

113 1555 234 1606 compos
259 1545 302 1593 est
329 1543 387 1594 eius
416 1541 540 1593 creditor.
584 1543 647 1592 Esto
684 1543 876 1604 meretricem,
896 1549 1007 1606 centum,
1026 1559 1206 1612 nequaquam,

112 1617 210 1667 hoel»
237 1616 264 1666 id
286 1619 344 1668 est:
372 1616 574 1668 «concedemus
599 1615 647 1667 ali-
683 1618 714 1667 ut
728 1616 822 1667 volunt
846 1615 902 1679 elii,
930 1619 1071 1681 significari
1096 1624 1209 1685 possunt

112 1692 279 1756 quantisper
295 1691 456 1743 creditorem
476 1689 549 1741 illum
566 1703 648 1755 sepe·
684 1689 790 1740 tabulae
808 1693 911 1756 accepti
933 1696 961 1742 et
983 1695 1106 1758 expensi,
1132 1695 1210 1746 lierb-

111 1779 166 1826 re;
192 1778 290 1815 rerum
306 1778 369 1816 mox
384 1765 560 1831 probabimus
577 1766 647 1816 bunc
683 1765 838 1829 euopsbuoi,
866 1779 920 1830 quo
937 1767 1046 1830 quidem
1067 1766 1210 1820 inclinabat

109 1842 209 1906 ipsum
226 1840 311 1903 magis
328 1840 408 1890 etiam
428 1840 544 1890 insanire
566 1851 648 1903 quam
683 1840 762 1891 Beier
772 1840 806 1890 ad
818 1842 872 1891 Cic.
884 1841 957 1892 Ollio.
968 1844 1043 1893 l'om.
1057 1843 1087 1893 44,
1101 1856 1127 1908 p.
1138 1845 1208 1895 285:

109 1914 341 1979 Damasippum.»
353 1913 476 1977 Plerique
487 1915 647 1978 postucro·
683 1926 779 1965 verum
796 1915 936 1966 manifesto
959 1919 1021 1968 sunt
1043 1919 1211 1983 syngraphas

109 1991 305 2051 ditoreignnm
321 1989 532 2051 interrogationis
547 2000 648 2052 posue—
684 2001 745 2039 rnm
763 1988 891 2040 termulae
909 2003 990 2054 quam
1007 1993 1123 2043 maxime
1137 1995 1212 2043 certis

109 2067 196 2124 runt,
215 2076 271 2127 qno
282 2062 378 2114 onnus
389 2063 583 2127 significarent,
596 2063 647 2113 hac
683 2067 707 2112 et
722 2063 880 2114 mttamnibur
893 2065 974 2114 vorbis
990 2066 1076 2126 [Gaius
1094 2067 1121 2127 4,
1142 2067 1209 2130 tlt.)

110 2140 151 2190 de
171 2151 202 2187 re
221 2139 371 2201 sapientem
385 2136 649 2188 vehementerdubi-
685 2139 862 2200 compositae,
901 2139 1050 2188 cuiusmodi
1082 2139 1210 2204 plurimae

110 2217 187 2264 aare.
200 2211 304 2261 Verum
312 2204 458 2274 ἀντίθεσις
469 2212 648 2262 directainter
685 2211 868 2273 excogitarent
886 2213 981 2262 Nerius
998 2216 1025 2262 et
1042 2213 1148 2275 Cicuta,
1176 2227 1211 2265 ne

109 2302 161 2336 av.
174 2285 217 2337 til.
232 2285 308 2334 etto.
326 2288 418 2350 utique
436 2285 646 2350 aptiorvidetur.
685 2283 821 2336 debitores
833 2285 991 2337 solutionem
1010 2299 1128 2350 unquam
1145 2287 1211 2339 sub·

147 2359 245 2412 et-ro.
260 2360 352 2425 Μαρία]
370 2361 498 2424 apellas.»
527 2361 570 2411 Sic
589 2373 649 2409 ωα-
686 2357 819 2421 tertugere
842 2361 960 2424 possent.
1000 2361 1050 2420 Qui
1072 2375 1136 2412 vero
1157 2375 1211 2412 non

110 2439 155 2502 qis
181 2447 263 2496 quum
286 2446 335 2498 pro
360 2433 539 2498 frequentiore
564 2435 650 2497 potius
686 2433 742 2481 tam
773 2433 900 2484 formulas
928 2445 1009 2497 quarn
1044 2436 1211 2500 syngraphas

111 2522 198 2571 qm
214 2507 290 2558 haud
306 2521 367 2558 raro
378 2508 449 2572 apud
460 2509 570 2559 Livium.
594 2508 647 2559 Ctr.
685 2507 758 2570 ipses
770 2510 963 2572 exposuerunt,
989 2508 1062 2558 baud
1083 2510 1147 2560 setis
1165 2523 1213 2560 co-

110 2583 197 2634 Fabri
224 2582 261 2632 ad
282 2581 339 2632 Lib.
363 2583 411 2644 at,
434 2584 459 2632 5.
486 2611 513 2619 -
536 2583 649 2648 deiectu]
686 2581 801 2644 gitarunt
816 2583 894 2632 unius
912 2581 995 2632 debiti
1012 2594 1065 2632 non
1083 2582 1142 2647 plus
1159 2596 1212 2634 una

112 2655 306 2721 orepndiata.»
334 2683 362 2692 -
385 2656 517 2722 praesen]
542 2658 649 2720 «pr-opi·
686 2667 747 2705 esse
772 2668 853 2719 posse
880 2656 1040 2719 syngrapha.
1077 2657 1213 2720 (Ceterum

111 2735 200 2783 tins.»
245 2729 319 2781 Coni.
347 2731 401 2781 Sat.
424 2731 455 2792 2,
485 2731 517 2790 i,
550 2731 591 2782 lt.
619 2757 646 2768 -
685 2731 778 2780 Nerius
789 2731 938 2794 quaestoris
949 2729 1045 2780 urbani
1062 2743 1160 2782 nomen
1173 2736 1214 2784 est

109 2807 265 2858 lim
279 2804 367 2856 omnis
382 2804 450 2856 lucri
467 2806 558 2868 dator,
576 2806 648 2856 unde
685 2805 713 2855 in
730 2804 856 2854 nummis.
886 2804 974 2854 liiccio
989 2805 1025 2854 M.
1039 2805 1066 2854 F.
1079 2805 1107 2856 44.
1122 2819 1147 2869 p.
1161 2806 1212 2870 el.)

111 2897 130 2932 a
164 2881 279 2932 Graecis
311 2884 423 2932 vocatur
452 2875 560 2951 Ἑρμῆς
591 2880 649 2951 ἐρι-
688 2905 716 2914 -
729 2878 831 2930 Cimone
847 2877 947 2941 Nodost]
968 2878 1086 2930 Perillius
1099 2880 1133 2943 (v.
1147 2880 1210 2941 ilii,

112 2953 239 3018 οόνιος,
271 2952 404 3026 κερδῷος.
429 2981 457 2992 -
478 2955 564 3006 Scribe
586 2957 648 3020 cet}
686 2953 729 3002 cni
749 2953 859 3017 propter
875 2953 1048 3016 asperitatem
1066 2956 1093 3004 et
1114 2955 1213 3005 amari-

113 3030 307 3089 creditorem,
324 3029 352 3079 id
368 3031 441 3092 quod
456 3029 649 3094 probenotan-
686 3026 806 3077 tudinem
835 3039 983 3089 cognomen
1014 3029 1072 3078 erat
1097 3028 1211 3090 tienne,

114 3105 187 3154 dnm
203 3105 260 3162 est,
280 3115 334 3153 non
350 3103 515 3164 debitorem,
533 3104 575 3154 bis
590 3117 651 3154 ver·
686 3101 822 3151 lenerutor
833 3102 935 3151 cantior
947 3101 1027 3151 etium
1040 3103 1131 3163 Nerio,
1146 3115 1214 3166 que·

113 3179 161 3229 bis
184 3176 336 3240 alloquitur.
380 3179 466 3228 «Cura
491 3177 649 3229 scribendas
687 3177 796 3240 propter
811 3176 1054 3238 vocaturnodcrus,
1074 3177 1215 3242 aquiopti·

113 3253 166 3302 tibi
201 3265 217 3301 a
251 3250 374 3301 debitore
411 3252 507 3302 decem
545 3252 650 3303 tabulas
686 3261 730 3299 me
748 3247 826 3299 callet
843 3249 928 3300 nodos
946 3251 973 3300 et
995 3249 1106 3313 laqueos
1123 3249 1212 3314 legum

116 3326 528 3392 {Setuldrcleinlormeln),
556 3325 649 3390 quoles
686 3336 718 3373 ac
729 3322 904 3374 tormularum
916 3325 981 3374 iuris
994 3323 1101 3376 civilis.»
1120 3325 1210 3374 luven.

114 3417 131 3453 a
149 3403 247 3462 Nerio,
265 3401 369 3452 famoso
385 3399 453 3452 illius
471 3403 600 3466 temporis
613 3403 650 3454 ie·
685 3397 717 3459 8,
736 3397 781 3448 50:
802 3399 850 3459 Qui
866 3397 931 3448 iuris
946 3399 1024 3448 nodos
1035 3403 1057 3447 et
1074 3399 1156 3460 lupum
1167 3411 1213 3448 uo-

115 3479 261 3536 ueratore,
276 3476 364 3525 morte
376 3477 518 3538 coniugum
529 3474 649 3538 locuple-
683 3470 802 3534 eipmotu
818 3471 906 3522 solvat.
923 3497 950 3507 -
964 3472 1075 3535 emenus]
1094 3469 1211 3535 intellige

116 3555 175 3603 tato
186 3548 330 3612 (Scholad
342 3552 416 3600 Pers.
429 3551 483 3600 Set.
496 3550 525 3611 Ξ,
539 3550 590 3613 44.)
607 3550 649 3600 di-
685 3545 720 3595 de
738 3545 834 3596 iisdem
852 3545 1019 3596 cautionibus
1039 3545 1111 3594 luris.

116 3625 187 3676 ctari
212 3621 302 3675 solent
333 3623 515 3684 debitoribus,
552 3622 648 3688 plenae
717 3621 759 3671 it.
773 3622 813 3671 72.
832 3619 1213 3684 sceleratiu1proptereuquod

116 3699 303 3751 cautionum.»
322 3726 350 3736 -
374 3711 393 3748 o
411 3698 498 3760 Nerio]
521 3696 646 3760 dietatm,
683 3695 817 3747 sexcentis
845 3694 931 3746 modis
961 3693 1126 3744 consultores
1154 3693 1213 3746 elu-
1312 3727 1319 3736 ·

115 3777 149 3823 nt
165 3774 222 3822 Cic.
244 3771 280 3822 ad
301 3773 353 3822 Ait.
375 3772 422 3833 46,
440 3771 471 3833 7,
490 3772 522 3820 7:
547 3771 649 3822 deuouit
685 3770 775 3821 debat.
811 3770 894 3820 Petita
912 3771 953 3820 est
969 3770 1056 3832 imego
1069 3781 1101 3818 ex
1113 3767 1210 3832 Odyss.

117 3849 227 3897 mm
251 3847 301 3909 lupi
322 3847 443 3896 olineto
467 3847 645 3910 (acceptum).
683 3841 712 3905 d,
725 3842 773 3894 455
785 3856 857 3906 sqq,
875 3842 921 3892 ubi
939 3841 1073 3894 Menelaus
1084 3845 1212 3894 Proteum

117 3919 509 3971 rormmaeutemnneeerat:
528 3921 556 3970 L.
572 3921 649 3970 litteo
683 3915 794 3968 vinculis
817 3915 925 3967 tandem
948 3917 1052 3968 iniectis
1074 3918 1212 3968 vaticinari

117 3994 648 4056 mpumemeptueamtaovtoqotu
684 3991 736 4042 sibi
753 3991 842 4055 adigit.
877 3992 941 4041 l'ota
965 3994 1056 4043 autem
1079 3993 1211 4042 sententia

118 4070 200 4118 axina
214 4073 306 4118 mma
315 4067 521 4119 mmmcmlii
535 4069 565 4118 de
575 4069 648 4118 dono
683 4066 752 4116 baec
769 4067 823 4115 est:
845 4064 908 4116 alibi
926 4067 1048 4116 mutuam
1065 4065 1143 4116 debis
1160 4065 1211 4115 de-

119 4143 156 4205 sid
173 4145 230 4204 est,
249 4155 281 4192 ex
298 4156 374 4204 arca,
395 4155 450 4192 non
466 4155 483 4191 n
500 4154 595 4193 mensa
606 4155 649 4192 an
683 4139 763 4189 bituri
780 4151 890 4202 prorsus
907 4140 979 4204 inopi
995 4137 1128 4203 simulque
1139 4141 1211 4190 astu·

118 4217 253 4280 gentaritl.
286 4216 394 4268 Tubulus
409 4219 501 4268 antem
517 4228 581 4267 cum
597 4228 649 4267 nu·
684 4214 955 4278 tissimopeounlam,
968 4211 1210 4265 nihilomninotibi

207 4309 301 4356 fleur.
316 4320 371 4356 ron
387 4308 414 4356 lL
443 4321 483 4356 an.
498 4318 550 4354 nur.
566 4306 601 4354 lll.
1010 4305 1038 4352 te
