2925 4892
618 388 748 438 nondun
766 387 946 437 sariaanuu

325 961 328 972 Ι
646 876 856 939 ΘΗΜ
876 876 931 935 x.

286 1012 401 1093 Lucili,
425 1031 521 1100 quom
542 1012 585 1077 sia
606 1008 787 1089 ηιενιάοειιε,
810 1018 884 1075 teste
907 1008 1035 1085 Cctoiw,

289 1135 456 1223 Deseruere
476 1144 546 1212 too,
563 1133 759 1219 peruinccm,
783 1131 836 1217 qai
855 1129 937 1195 mole
960 1128 1060 1215 scotos

290 1255 469 1323 Emendare
485 1262 586 1341 porat
605 1273 732 1331 verm·
752 1251 809 1317 hoc
830 1250 927 1316 lenius
948 1250 1012 1329 illc,

289 1381 350 1446 Est
371 1400 431 1467 qao
451 1380 500 1444 vir
519 1376 643 1456 melior,
666 1374 755 1461 inape
775 1373 916 1439 rabidior
939 1372 1006 1452 itio,

312 1569 381 1619 SAT.
399 1568 430 1618 li.
465 1568 515 1617 Vr.
535 1566 606 1616 l-8.
624 1564 782 1615 subditicios
799 1561 926 1615 exhibent
943 1562 1027 1613 codd.
1044 1563 1122 1612 Bern.
1136 1562 1167 1610 N.
1180 1562 1222 1611 tl.
1241 1562 1302 1611 Sec.

282 1643 314 1694 x.
334 1643 384 1707 (b),
407 1644 439 1693 N.
461 1640 519 1692 ais.
544 1642 603 1690 Sec.
623 1638 654 1688 li.
674 1639 722 1703 (c),
747 1639 779 1688 N.
801 1637 857 1688 649.
883 1639 942 1689 Sec.
962 1639 1014 1687 xil.
1034 1636 1084 1699 (h),
1109 1638 1139 1686 N.
1162 1636 1219 1686 327.
1242 1638 1304 1685 Sec.

280 1718 345 1767 lllll.
366 1718 400 1782 (i),
427 1714 638 1780 Peiropolitanus
656 1714 700 1778 (p),
719 1711 919 1775 monarcus,
938 1714 979 1763 LC
998 1712 1120 1775 (uterque
1144 1712 1169 1761 in
1193 1709 1307 1760 adnota-

281 1791 419 1858 tionibus),
446 1792 498 1841 Fea
515 1792 544 1840 et
559 1788 690 1840 Heindori
704 1790 739 1851 (in
757 1790 896 1849 contextu,
924 1788 973 1838 sed
989 1786 1082 1837 litteris
1099 1786 1252 1848 inclinatis),
1278 1787 1307 1836 ll

283 1865 341 1929 (sed
357 1864 496 1927 seclusos).
531 1866 583 1914 Eos
600 1864 726 1913 omittunt
742 1862 807 1913 Cod.
823 1860 1012 1926 sangallensis,
1031 1862 1133 1912 Veneta
1151 1860 1240 1922 liat,
1258 1858 1307 1910 Al-

282 1939 345 1989 dina
362 1939 452 1999 itii,
476 1938 647 1997 Torrentius,
675 1936 822 1998 Bentleius,
849 1937 1020 1987 Kircbnerus.
1041 1964 1069 1973 —
1088 1936 1112 1985 i,
1131 1935 1221 1999 pacm]
1238 1936 1308 1995 cuod

283 2011 368 2063 Codd.
387 2009 516 2062 Lambini.
546 2038 575 2047 -
601 2009 626 2061 i.
646 2012 700 2072 Qoo
715 2012 804 2061 uwlior
819 2012 860 2061 uir
876 2016 911 2061 cat
926 2012 978 2073 bL,
1000 2012 1054 2073 Quo
1069 2010 1158 2061 melior
1173 2011 1214 2059 uir
1230 2013 1254 2059 et
1269 2014 1308 2057 aet

283 2086 385 2144 heti,
413 2085 722 2149 Quocirestmcliorp,
751 2085 1122 2148 Qawcielicrcirlticastc,
1147 2082 1307 2147 anmeliur

282 2162 325 2211 uir
341 2162 411 2210 odeat
427 2159 543 2209 ex¹Cod
561 2158 676 2209 Berolin.
696 2160 899 2231 interpolatione
916 2160 1052 2212 Heindorf.
1084 2160 1123 2224 (Ut
1139 2172 1201 2221 nos,
1220 2158 1254 2220 o.)
1274 2182 1303 2194 —

285 2236 358 2300 lotape
374 2250 406 2285 oc
421 2233 536 2285 subtilior
553 2234 583 2285 C.

283 2386 315 2434 x.
334 2385 407 2434 llaec
423 2384 503 2436 satira
516 2383 700 2434 defensionem
712 2395 778 2432 con-
813 2382 854 2433 Ab
877 2382 972 2432 eadam
993 2380 1123 2446 particula
1140 2382 1231 2447 incipit
1256 2386 1344 2435 Persii

252 2460 319 2508 tinet
334 2458 437 2520 iudicii,
461 2458 535 2521 quod
555 2458 677 2510 lloratius
694 2456 777 2507 Satira
814 2458 897 2506 Satira
920 2458 1007 2506 tertia.
1031 2484 1059 2494 —
1083 2458 1346 2520 inconposito-pede

251 2532 331 2581 huius
348 2530 409 2581 libri
425 2534 519 2594 quarta
532 2532 566 2582 do
578 2530 677 2583 Lucilio
688 2543 779 2595 prom·
814 2544 916 2581 curren
926 2530 1021 2595 vasio]
1036 2544 1161 2596 «asperos
1172 2532 1343 2595 scabrosque

251 2608 355 2670 pserat,
384 2605 419 2655 ab
446 2608 614 2671 antiquariis,
643 2605 778 2670 perversis
814 2604 961 2669 permultos
984 2619 1080 2656 versus
1104 2620 1190 2657 esse.»
1230 2608 1282 2659 Sat.
1310 2611 1342 2670 i,

252 2679 608 2744 buiuspoiitaeiautoribus,
629 2681 725 2729 iniuste
737 2692 780 2729 rs-
815 2678 843 2739 i,
866 2680 894 2730 8:
920 2681 1000 2729 dareta
1021 2694 1168 2743 componere
1188 2694 1282 2731 occa.
1311 2708 1340 2721 —

252 2755 391 2817 prehensi,
410 2755 543 2820 simulque
561 2753 644 2806 multa
661 2767 724 2804 cum
736 2766 780 2802 ur-
812 2754 900 2817 [awos
916 2754 996 2816 inepta
1012 2754 1055 2817 est]
1075 2754 1145 2804 Cava
1163 2754 1265 2805 scribas
1284 2756 1345 2807 ine-

252 2824 370 2878 banitate
382 2832 523 2889 monstrat,
536 2841 617 2893 quam
628 2829 715 2879 insciti
726 2828 780 2878 sint
810 2832 871 2891 ptris
892 2841 954 2878 cum
976 2829 1126 2891 ltoeringio.
1166 2829 1224 2879 Est:
1255 2831 1343 2890 «Quis

253 2900 781 2966 bominesatquerecteiudicandiiacui·
816 2903 869 2951 iam
890 2903 946 2952 tam
967 2904 1058 2966 inepto
1081 2901 1162 2952 modo
1185 2902 1282 2953 Lucilio
1300 2904 1345 2955 la-

253 2976 309 3023 iate
326 2976 458 3038 destituti,
483 2978 529 3040 qui
547 2980 657 3042 propter
672 2990 778 3027 morum
815 2978 874 3039 vet,
892 2980 922 3026 ut
933 2980 1025 3040 aporia
1037 2976 1094 3026 eius
1111 2976 1172 3025 vitia
1184 2980 1296 3039 negati»
1312 3006 1342 3015 .-

254 3048 346 3099 odium
360 3050 490 3101 adversus
503 3049 645 3116 aequalem
657 3055 780 3102 vaterem
814 3052 873 3117 acic]
891 3052 978 3101 «Scias
993 3049 1130 3115 pluraliter
1144 3052 1251 3101 dicendi
1267 3056 1342 3113 sunt,

254 3126 363 3186 podiam
388 3125 475 3175 nimiis
500 3124 623 3177 laudibus
645 3124 778 3177 extollant.
816 3140 879 3177 cum
894 3126 1032 3176 urbanitas
1052 3125 1242 3189 significatur.»
1275 3130 1341 3177 Aca.

254 3198 365 3263 Egregia
382 3204 472 3251 autam
494 3201 546 3251 hac
567 3202 728 3253 defendendi
750 3216 779 3253 se
816 3202 869 3253 Sed
891 3203 946 3253 Cic.
965 3202 999 3251 de
1017 3202 1047 3251 N.
1065 3201 1096 3250 D.
1115 3202 1145 3262 ἲ,
1164 3200 1210 3261 29,
1229 3200 1274 3252 ii:
1302 3202 1346 3251 lto

257 3272 347 3325 oblata
375 3276 518 3327 occasione
543 3279 686 3341 praecepta
715 3279 780 3327 ariis
814 3278 893 3327 solem
909 3277 999 3336 bium,
1017 3288 1065 3336 quo
1082 3280 1153 3325 caret
1168 3280 1252 3325 cairo
1269 3275 1346 3339 (Epi-

256 3351 377 3415 poitticae
393 3351 495 3414 passim
505 3352 606 3402 inserit.
625 3352 729 3416 Scripta
740 3353 781 3401 vi·
817 3350 968 3412 cureorum)
985 3350 1068 3409 natio,
1087 3350 1114 3397 ic
1129 3350 1262 3399 irridendis
1272 3349 1347 3399 nobis

256 3425 335 3475 detur
350 3424 469 3476 Webero
486 3428 514 3476 et
530 3426 700 3477 Grotelendio
714 3440 738 3475 a.
753 3440 779 3476 u.
815 3426 917 3475 nolitote
938 3436 1089 3473 ceumaco.
1126 3424 1182 3473 Cic.
1206 3425 1283 3481 Tusc.
1309 3426 1342 3485 a,

256 3500 360 3562 citi„
373 3501 599 3563 Frankioa.749.‚
614 3501 779 3563 Weicberto,
818 3502 861 3561 ⁴9,
884 3501 930 3550 55:
958 3499 984 3548 ic
1007 3510 1056 3558 qao
1079 3497 1116 3560 (C.
1137 3498 1260 3559 Caesare)
1281 3498 1346 3547 mibi

256 3575 402 3625 Kirchnero
430 3574 540 3639 aliisque
568 3589 592 3625 a.
622 3576 681 3625 723.
723 3576 781 3634 Quo
816 3576 914 3625 cicietur
929 3574 1050 3637 specimen
1071 3572 1343 3636 machumetinis,

256 3662 322 3699 vero
339 3648 478 3699 intervallo
494 3651 562 3700 intra
574 3652 697 3713 quaram
709 3662 782 3700 com·
817 3648 889 3709 colb,
906 3647 1052 3709 suauitatis,
1075 3647 1174 3709 leporis
1205 3647 1276 3696 Brut.
1295 3646 1344 3709 al,

257 3724 343 3784 posita
360 3724 406 3783 sit,
425 3724 548 3786 quanm
563 3724 688 3774 definiet?
705 3723 782 3774 Haud
819 3723 878 3772 ⁴28:
905 3723 931 3771 P.
950 3722 1034 3783 Scipio
1045 3748 1060 3759 —
1071 3734 1180 3773 -omncs
1199 3721 1252 3771 sola
1272 3720 1348 3783 saca·

257 3795 336 3845 nirnis
352 3795 444 3857 brevi,
461 3799 493 3847 ut
508 3798 573 3846 mibi
588 3797 783 3861 quidcmvide-
817 3798 906 3857 tiiaqoe
928 3797 1073 3858 uacabat.
1118 3795 1193 3847 Coni.
1221 3796 1286 3860 Epp.
1312 3796 1343 3857 i,

258 3871 310 3917 tur.
329 3896 356 3904 -
370 3870 408 3919 lie
425 3869 549 3920 versibus
560 3870 708 3923 subditiciis
719 3872 781 3922 vide
817 3872 845 3931 ἲ,
865 3870 905 3920 60.
920 3898 948 3907 -
967 3871 1090 3934 defrircit]
1108 3872 1139 3923 Ut
1156 3869 1233 3921 dolor
1249 3870 1344 3931 oritur,

256 3942 406 3992 excursum
422 3944 442 3992 1.
818 3944 864 3995 ubi
886 3942 941 3995 sale
964 3945 1110 3996 defricetur
1126 3945 1194 3995 cutis
1210 3942 1347 3995 vibicibus

292 4015 346 4064 l-b.
365 4016 466 4081 Nmpe]
485 4018 685 4081 «concedentis,
705 4022 781 4083 quasi
817 4017 859 4069 vel
883 4018 933 4069 alio
955 4018 1106 4083 quomodo
1129 4017 1218 4079 laesa,
1245 4016 1284 4068 sic
1301 4014 1346 4069 ille

259 4088 373 4149 diceret,
392 4088 477 4140 fateor
493 4104 538 4142 me
550 4092 675 4143 dixisse.»
695 4095 779 4145 Couu.
817 4092 944 4145 ridiculos
969 4096 996 4143 et
1022 4105 1165 4157 perversos
1190 4089 1347 4155 aequalium

258 4164 337 4221 Cano.
368 4164 414 4214 Est
430 4168 548 4216 nostrum
562 4169 595 4229 jo
611 4168 688 4228 woic,
707 4169 782 4219 alier-
818 4182 908 4219 moras
933 4167 1030 4218 acerbe
1059 4166 1213 4230 castigando
1245 4163 1347 4218 multos

257 4238 338 4302 dinps.
361 4239 435 4290 coni.
450 4241 525 4292 lland
538 4242 613 4292 Tura.
626 4243 668 4293 lv.
681 4256 708 4307 p.
723 4244 779 4293 ⁴57.
816 4242 906 4303 laesit,
933 4243 997 4293 dum
1014 4240 1113 4294 salibus
1131 4254 1163 4292 ac
1180 4240 1281 4292 facetiis
1300 4242 1345 4302 lis,
