2925 4892
244 366 308 431 20⁰
624 363 951 416 uomruslrrmnuu

286 520 418 607 Ingenio
441 517 555 586 offensi
576 527 633 584 out
653 516 744 586 laeso
766 518 900 586 doluere
923 517 1050 586 lletello

287 642 498 728 Fumosisque
519 641 610 726 Lupo
632 650 787 726 cooperto
809 639 982 708 versibus?
1007 641 1102 728 Atqui

286 764 447 829 Primores
469 760 581 848 populi
603 762 738 848 arripnit
760 760 981 848 populumque
1004 760 1158 834 tributim,

286 882 416 950 Scilicet
436 883 491 947 uui
514 902 640 969 aequus
660 883 767 948 virtuti
790 892 887 969 atque
910 882 981 947 eius
1004 881 1125 948 amicis.
1289 885 1333 949 70

285 1005 370 1084 Quin
391 1003 448 1070 ubi
469 1024 506 1070 se
529 1024 548 1069 u
569 1001 665 1088 volgo
688 1011 721 1069 et
741 1021 840 1070 scene
862 1003 893 1066 in
916 1011 1042 1068 secrete
1063 1013 1225 1070 remorant

306 1211 348 1260 69.
365 1209 486 1260 eroum
504 1211 532 1260 L.

243 1397 286 1458 qui
300 1394 627 1458 domduoomeuobdsrtea
643 1396 768 1444 lucratus
806 1393 1046 1446 «contumeliosis»
1076 1397 1141 1462 Epp.
1158 1398 1186 1458 4,
1211 1397 1256 1458 49,
1280 1395 1329 1447 il:

241 1471 325 1521 rediit.
344 1470 383 1521 Cl.
396 1468 505 1521 Martini.
519 1470 544 1530 2,
557 1471 583 1531 2,
597 1472 621 1518 t.
802 1469 899 1530 samso
920 1471 1040 1520 camnine.
1063 1495 1089 1506 -
1109 1471 1232 1535 cooperto]
1259 1473 1332 1521 tom-

275 1545 364 1594 or-ro.
383 1545 477 1607 offerro]
495 1544 596 1594 omisso
607 1543 692 1592 verbo
704 1541 768 1592 sub·
805 1555 886 1604 quom
903 1540 1034 1607 lapidibus
1052 1545 1079 1594 in
1097 1557 1158 1594 eum
1177 1545 1260 1594 lectis.
1280 1545 1332 1594 Sa·

242 1621 369 1679 stuntivo,
388 1616 596 1669 utv.'it.sotiti.
612 1641 639 1652 -
659 1615 766 1680 Metello]
803 1614 1016 1667 insterstitia:
1041 1618 1147 1682 nuptiis
1163 1623 1239 1679 utque
1261 1619 1332 1680 soci-

240 1693 289 1742 Est
305 1695 335 1753 Q.
350 1691 479 1742 Caecilius
502 1689 623 1741 Metellus
640 1689 768 1742 liucedo-
803 1689 1054 1752 ooribuscoopertsu.
1070 1715 1097 1727 ·-
1115 1691 1189 1752 Atqui
1207 1693 1269 1753 cet]
1282 1693 1332 1742 «Et

242 1767 331 1827 nicus,
358 1779 414 1816 cos.
433 1779 457 1815 u.
474 1778 501 1815 n.
522 1778 546 1814 c.
565 1765 634 1824 644,
661 1765 707 1827 qui
731 1763 766 1812 de
805 1765 908 1824 temen,
928 1767 977 1814 etsi
996 1765 1094 1815 acerbe
1111 1767 1257 1818 insectatus
1272 1771 1333 1817 eret

241 1839 465 1904 Pseudophilippo
493 1839 673 1902 triumphavit.
710 1840 765 1889 Cio.
804 1851 932 1900 proceres
958 1837 1058 1902 aliquot
1083 1841 1208 1901 civitatis,
1240 1844 1332 1890 tumen

242 1912 277 1962 de
289 1912 337 1962 on.
351 1914 362 1962 4
374 1951 380 1972 ,
392 1914 438 1972 ss,
456 1913 488 1962 87
497 1923 503 1960 :
522 1913 571 1975 suit
586 1914 652 1962 inter
661 1914 688 1963 P.
701 1912 768 1975 opi-
804 1913 984 1976 potentiorum
1010 1915 1090 1964 etium
1116 1916 1266 1965 amicorum
1288 1914 1332 1964 ls-

241 1999 335 2036 cuumn
351 1992 374 2035 st
391 1986 559 2047 (4444444444
568 1987 622 2035 oue
633 1985 768 2035 acubitote
804 1998 868 2036 vore
896 1988 1033 2051 protectus
1061 1986 1123 2037 nihil
1146 1988 1208 2038 moli
1233 2001 1332 2052 pessus

242 2060 368 2109 disemus
386 2059 421 2109 de
440 2061 504 2123 liep.
525 2061 553 2120 4,
573 2059 618 2120 49,
636 2060 677 2109 ot.
701 2058 765 2109 Plin.
805 2064 872 2112 est.»
885 2061 1021 2111 Accedere
1033 2075 1139 2126 nequeo
1153 2063 1268 2113 lleusdio
1281 2064 1334 2112 Lu·

243 2134 275 2183 11.
289 2134 360 2192 rii,
378 2131 427 2183 il:
457 2133 580 2195 Equidem
605 2138 629 2182 et
652 2134 768 2197 Africani
806 2135 846 2186 cil.
864 2149 891 2199 p.
911 2137 951 2185 45.
979 2136 1046 2188 hoec
1069 2139 1199 2198 Atquin
1218 2137 1334 2188 44444444

242 2207 366 2267 moestis
390 2207 473 2267 (hunc
502 2206 650 2267 Metellum,
679 2208 768 2258 virum
805 2209 931 2260 tribuenti
949 2209 1085 2270 Trebatio,
1105 2212 1166 2274 quio
1185 2223 1261 2274 seqq.
1276 2212 1334 2261 Sci·

244 2281 381 2344 ceteroqui
413 2280 610 2344 lelicissimum)
638 2283 769 2331 interimere
805 2285 861 2333 lieet
877 2285 998 2333 iunctura
1020 2284 1081 2334 huic
1104 2285 1197 2334 rolloni
1218 2298 1334 2348 prorsus

241 2355 393 2418 [4444444444
402 2355 561 2404 calamitates
572 2356 701 2416 amorim,
714 2357 768 2417 ipso
806 2361 956 2412 repugnare
973 2349 1037 2398 mihi
1054 2348 1167 2400 videtur.
1203 2353 1288 2414 Atque
1303 2351 1333 2401 in

243 2433 302 2479 teste
326 2430 494 2479 Macedonico.
515 2471 518 2477 .
533 2429 662 2491 Siquidm
685 2430 770 2480 tiociis
806 2422 920 2474 Trebatii
937 2435 985 2473 ore
997 2427 1088 2474 esseut
1098 2423 1181 2474 verbo
1194 2425 1272 2476 nimis
1284 2424 1336 2475 eb-

243 2504 323 2552 dieii:
347 2504 384 2552 lte
398 2504 458 2566 sitii,
485 2503 606 2553 oekorats
622 2505 768 2565 ammian
806 2498 884 2560 rupto
916 2500 943 2546 et
972 2498 1048 2560 quasi
1079 2496 1176 2548 debilis
1203 2500 1335 2562 omnique

242 2589 374 2638 numquam
389 2578 450 2626 ciuis
464 2579 571 2626 maioris
588 2579 665 2641 suoru
674 2579 770 2629 videbi·
793 2571 905 2621 -etlectu
929 2574 1056 2622 carentis.
1077 2599 1104 2608 -
1123 2573 1242 2638 arripuit]
1267 2587 1336 2636 aeg-

243 2650 284 2699 tis.
314 2652 371 2700 lom
388 2663 450 2700 curn
472 2651 594 2702 lietellus
616 2652 660 2701 iric
681 2653 770 2702 inimi·
807 2658 915 2707 gressus
937 2647 991 2706 est,
1018 2647 1044 2695 in
1065 2659 1113 2696 eos
1135 2648 1266 2698 acerrime
1288 2649 1334 2697 in-

245 2735 293 2774 cus
310 2725 438 2788 Scipionis
460 2723 552 2786 luerit,
575 2725 650 2775 focile
673 2725 769 2788 uliquis
807 2722 926 2770 vectus.»
950 2721 989 2769 De
1002 2719 1091 2770 Lucilii
1103 2720 1247 2771 acerbitate
1259 2720 1332 2770 conl.

244 2797 370 2858 miretur,
393 2812 442 2848 cur
458 2812 510 2848 non
528 2799 617 2862 potius
634 2812 667 2849 eo
683 2813 699 2848 e
717 2799 771 2847 Lu·
807 2793 930 2843 Trebonii
952 2794 1034 2856 Epist.
1052 2794 1087 2844 ed
1113 2795 1179 2855 Cic..
1197 2794 1230 2843 ed
1256 2795 1332 2844 Fam.

245 2869 305 2920 cilio
329 2870 403 2921 loeso
429 2871 546 2933 gaudere
572 2883 654 2935 quum
676 2870 769 2920 dolere
808 2869 852 2928 49,
878 2869 922 2929 46,
945 2869 974 2918 3:
1003 2870 1032 2918 ln
1054 2869 1143 2931 quibus
1163 2868 1290 2918 cunculis
1310 2869 1337 2917 si

245 2943 288 2994 ille
300 2947 328 2994 et
339 2943 607 3003 Loeliosdebuerint;
624 2957 719 2994 verum
732 2947 771 2994 sic
807 2943 850 2992 4444
875 2942 1025 3004 quibusdam
1046 2943 1127 2994 uubis
1149 2936 1337 3012 εὐθυῤῥημο-

246 3017 362 3081 explico:
382 3029 450 3066 «uon
467 3018 609 3080 propterea
627 3018 700 3081 quod
717 3020 772 3068 Ln—
807 3017 1061 3086 vimepoguidebor,
1073 3019 1202 3079 torpendo
1209 3029 1337 3079 porrum

246 3090 322 3142 cilius
332 3090 469 3141 liberrime
481 3092 601 3141 invectus
610 3093 669 3140 eret
679 3093 706 3141 in
717 3093 772 3141 lie-
808 3091 870 3152 ders,
882 3092 909 3140 in
919 3105 996 3153 prom
1006 3091 1107 3140 liberius
1117 3092 1268 3150 inretimur,
1285 3103 1336 3139 sos

245 3164 347 3223 tellum,
360 3165 604 3229 potentemvirum,
615 3166 769 3226 timuerunt,
807 3165 951 3215 vindicabit.
964 3193 980 3203 -
990 3167 1121 3226 -vdude,
1141 3169 1185 3227 qut
1194 3165 1276 3228 moa&
1285 3164 1335 3213 troc

246 3253 281 3290 ne
308 3241 411 3289 mutato
441 3238 539 3289 ellectu
569 3237 711 3302 aliquando
745 3241 771 3290 in
808 3239 903 3289 Lucilio
930 3239 1029 3290 licuerit
1055 3235 1180 3289 assam
1210 3238 1336 3288 libertatis

246 3317 318 3378 ipsos
335 3313 408 3363 idem
419 3312 556 3363 cuderet.»
568 3341 596 3350 -
609 3313 687 3378 Lttpo]
699 3315 772 3365 llor-
809 3327 886 3376 quom
897 3313 984 3364 sobo?
1007 3327 1073 3374 mern,
1092 3313 1190 3363 44444444
1201 3313 1256 3362 odio
1269 3313 1336 3373 pori

246 3389 343 3438 docem
360 3389 386 3438 in
407 3389 434 3438 L.
456 3387 609 3439 Cornelium
630 3387 772 3438 Lentulum
804 3389 985 3451 foemineos,
998 3388 1153 3449 quostussit,
1171 3393 1254 3437 tomes
1267 3391 1337 3437 certe

248 3465 366 3527 Lupum,
385 3475 441 3513 cos.
460 3476 484 3514 a.
504 3476 532 3512 o.
550 3476 574 3512 c.
587 3462 656 3523 sss,
681 3461 772 3512 Lucilii
807 3477 858 3512 ooo
873 3462 954 3524 mupis
970 3461 1057 3524 diprtm
1073 3461 1202 3523 habuerit,
1225 3462 1253 3510 io
1270 3473 1336 3522 quos

247 3539 337 3587 iocum
354 3538 470 3587 servavit
486 3537 581 3587 Cicero
598 3536 633 3585 de
650 3538 680 3585 N.
694 3537 725 3586 l).
741 3536 770 3598 4,
808 3541 881 3586 tuoto
901 3536 1015 3585 ulutate
1029 3535 1162 3586 cerionem
1182 3537 1334 3586 incurreret.

247 3611 294 3671 23,
312 3611 362 3661 63:
382 3611 489 3660 4444444
503 3612 525 3660 ri
541 3611 633 3660 444444
647 3623 771 3671 uspiam,
811 3638 839 3648 -
856 3610 976 3672 misem]
995 3623 1060 3674 «per
1070 3623 1165 3661 omnes
1176 3611 1275 3661 mv.
1289 3613 1337 3660 tri-

248 3685 277 3734 Si
292 3686 377 3746 Lupm
393 3689 439 3733 out
454 3684 549 3745 corbo,
573 3684 683 3745 Neptuni
694 3684 771 3748 fliius,
809 3685 875 3745 bus,
894 3681 965 3734 nullo
977 3683 1046 3734 lecto
1059 3683 1237 3744 discrimine»,
1256 3687 1334 3747 qussi

247 3761 401 3819 --putassot
416 3770 468 3807 esse
482 3759 553 3818 deos,
580 3763 634 3807 tom
652 3759 774 3820 perimus
809 3759 930 3810 dixisset:
942 3757 1247 3822 «populumcnnctnms
1259 3759 1334 3809 Pers.

249 3835 295 3880 utet
311 3836 364 3879 tom
379 3831 607 3893 intpwrusuisset?
624 3833 772 3882 Dtintzerus
810 3835 838 3895 4,
864 3832 929 3883 444;
953 3833 1036 3883 Sccuit
1057 3833 1167 3882 Lucilius
1188 3831 1282 3880 rebem.
1303 3859 1334 3868 -

249 3905 284 3967 (in
302 3903 418 3952 editione
435 3905 492 3965 sue)
515 3917 577 3955 cum
599 3905 773 3955 Commenta·
810 3905 912 3970 aequus]
937 3905 1070 3956 «tovensi
1099 3907 1142 3955 Sic
1159 3903 1207 3955 0d.
1229 3903 1258 3965 3,
1287 3903 1334 3964 444,

249 3981 307 4028 tore
321 3978 401 4040 Cruq.
414 3977 533 4042 intelligit
542 3981 570 4029 P.
584 3979 709 4030 Rutilium
721 3982 774 4031 Lu·
810 3981 834 4032 4.
854 3982 958 4031 Faunus
970 3981 1121 4040 invocetur,
1140 3979 1170 4028 ut
1181 3976 1261 4027 ebeni
1268 3989 1336 4038 porr-

249 4065 314 4118 pum
326 4065 382 4102 cos.
395 4065 420 4101 u.
433 4065 461 4102 u.
475 4052 544 4115 coi..
557 4067 611 4118 quo
622 4054 695 4105 lasso
707 4067 773 4104 sone
809 4057 847 4104 vis
861 4056 960 4118 Aspim
976 4053 1093 4103 alumno.
1113 4054 1194 4103 Totus
1210 4051 1336 4102 versicu-

250 4126 548 4189 Atricunuslocoieuso.
561 4141 588 4178 u.
602 4129 669 4191 did.)
681 4127 774 4178 dolere
811 4126 866 4190 lus,
893 4128 1005 4179 tortasse
1025 4139 1057 4177 ex
1083 4129 1140 4190 ipso
1163 4123 1262 4176 Lucilio
1285 4123 1338 4173 de·

252 4215 306 4254 uon
322 4201 415 4266 potuit.
435 4229 464 4239 -
481 4203 618 4254 444444444-
629 4201 773 4266 ·omitus]
812 4205 945 4268 sumptus,
964 4201 1006 4254 vel
1023 4203 1134 4267 propter
1149 4213 1175 4250 v.
1187 4201 1242 4251 siris
1252 4209 1338 4263 quem
