2925 4892
238 318 302 389 454
615 320 944 374 uonirusnrrnsnuu

279 482 350 547 Non
372 476 501 547 Verium
524 477 638 557 incies;
662 496 738 543 nam
757 474 831 565 quis
854 494 907 542 me
934 474 1078 543 scribere
1100 476 1210 563 plures

280 602 343 667 Aut
363 600 457 669 citius
478 599 582 687 possit
607 599 744 665 versus?
765 597 839 686 quis
860 596 1006 665 membra
1027 618 1160 667 movere

281 720 431 788 llollius‘l
456 719 600 790 invideat
625 718 716 807 quod
740 727 772 785 44
793 719 1029 807 Hermogenes,
1053 740 1116 808 ogo
1138 730 1242 787 cento.
1286 720 1330 788 214

281 841 508 931 interpellandi
528 841 621 909 locus
642 840 695 907 hio
717 848 801 907 eret:
824 840 880 905 Est
908 839 965 907 tibi
986 849 1103 918 meter,

282 964 424 1051 Cognati,
440 964 514 1051 quis
525 972 557 1030 44
568 961 658 1029 selvo
669 971 721 1029 est
731 962 838 1049 opus?
849 998 891 1009 -
904 960 999 1027 Haud
1014 961 1096 1028 mihi
1108 962 1292 1051 quisquam.

281 1086 404 1153 Omnes
425 1084 604 1172 composui.
627 1120 670 1133 —
690 1082 828 1150 Felices!
851 1102 936 1149 nunc
959 1101 1020 1169 ego
1043 1092 1140 1149 resto.

282 1205 429 1284 Confice;
452 1225 592 1293 nemque
615 1204 710 1270 instet
732 1202 831 1270 letum
852 1202 928 1269 mihi
956 1202 1060 1279 triste,
1084 1203 1215 1272 Sabelle

304 1384 347 1434 23.
368 1384 462 1433 Vanam
477 1396 504 1447 p.
524 1410 553 1420 -
572 1384 613 1434 41.
631 1383 737 1434 114448.

238 1506 295 1555 444444
312 1517 338 1569 p.
358 1503 441 1566 4436.)
461 1528 489 1540 -
514 1502 763 1568 Vortten1tid.ed
800 1501 897 1554 durum
914 1500 1039 1567 nulleque
1056 1504 1268 1568 propinquorum
1280 1517 1330 1556 ce-

238 1580 292 1628 844.
311 1579 341 1639 4,
358 1579 388 1638 11,
406 1578 447 1629 lo.
464 1606 491 1617 ν
500 1578 596 1640 plores]
614 1578 683 1628 Ecce
695 1575 763 1627 41444
799 1576 875 1627 414444
887 1578 988 1627 tectum
1000 1578 1160 1641 exprimunt.
1184 1578 1330 1630 114441444-

238 1653 386 1717 Crispinos.
399 1654 452 1703 Set.
467 1654 496 1715 4,
514 1652 542 1714 i,
563 1652 594 1703 44
604 1664 665 1716 sqq.
684 1653 764 1702 Com·
799 1652 888 1701 ierus:
903 1650 1066 1701 «Gratiflceri
1077 1649 1132 1703 volt
1143 1653 1249 1703 llorntio
1260 1656 1330 1704 tem-

238 1726 366 1776 mendere
383 1729 475 1777 nutem
490 1739 520 1777 ee
542 1726 633 1777 studet
654 1726 762 1775 Horatio
800 1736 881 1787 quem
904 1724 992 1773 lutum
1014 1723 1135 1775 heredi.»
1155 1754 1182 1762 -
1205 1726 1326 1791 Feliceel]

237 1803 268 1851 ut
283 1807 381 1851 44444444
393 1814 503 1864 poem
519 1803 624 1851 44444444.
641 1828 669 1837 -
681 1814 763 1850 mem-
801 1810 862 1859 ·eo,
882 1796 985 1861 quode
1002 1800 1029 1848 te
1046 1800 1099 1849 lem
1117 1797 1187 1849 nulle
1204 1798 1329 1851 molestie

236 1876 285 1926 tra
308 1889 407 1925 monere
430 1875 539 1940 44414444]
557 1888 635 1925 «cum
660 1876 763 1924 meiere
800 1872 975 1921 allicientur.»
1014 1871 1119 1923 Scilicet
1142 1872 1211 1923 hoec
1235 1875 1328 1925 omnio

237 1950 321 2013 gretie
346 1961 378 1998 44
403 1947 527 1999 facilitate
549 1948 695 1999 4441444444
715 1960 764 2011 ge-
800 1945 935 1997 submissn
959 1958 1026 1997 voce
1054 1959 1148 1997 secum
1176 1952 1329 1999 murmurat

237 2021 379 2073 4444441444·
407 2021 553 2083 Lucreti,
572 2022 633 2073 98⁴:
658 2022 763 2072 04444444
801 2021 936 2081 Horatius,
963 2022 993 2071 ui
1009 2034 1035 2073 v.
1056 2023 1110 2083 44,
1140 2021 1167 2072 id
1185 2021 1257 2085 quod
1281 2022 1329 2074 vel

238 2096 355 2147 soltanus
368 2100 392 2145 et
407 2096 494 2145 mollio
509 2096 760 2146 menttromooeotis.
800 2108 834 2146 ex
851 2107 883 2144 eo
901 2093 1001 2155 elucet,
1029 2095 1101 2159 quod
1124 2094 1192 2146 niter
1214 2095 1248 2146 nd
1270 2098 1328 2149 44444

238 2169 313 2220 ovid.
331 2172 362 2219 Α.
385 2170 416 2219 Δ.
440 2170 451 2218 4
493 2170 554 2219 ost:
583 2171 612 2220 Si
635 2184 687 2219 ccx
711 2175 761 2232 444,
799 2170 896 2219 mirem
908 2170 1087 2221 narrationem
1099 2184 1133 2220 ne
1142 2170 1255 2223 verbum
1268 2173 1330 2236 qui-

237 2249 327 2304 44444
352 2244 476 2294 4444441144
495 2244 610 2305 4444444,
636 2245 711 2294 salto.
732 2272 760 2282 -
800 2242 863 2293 dem
880 2242 1034 2307 respondet.
1069 2244 1154 2295 Minus
1168 2247 1242 2295 reete
1260 2258 1330 2297 non-

236 2318 410 2382 llermopenee]
422 2316 521 2381 Tigellii
531 2318 608 2368 Serdi
619 2318 688 2369 iilius
699 2318 763 2368 edo-
799 2328 879 2367 nemo
890 2330 933 2367 vv.
946 2317 1038 2367 Felices
1046 2342 1058 2353 -
1069 2342 1081 2355 -
1089 2323 1155 2367 resto
1173 2319 1327 2383 importuno

237 2392 325 2457 ptivus
343 2392 405 2456 (Set.
425 2394 453 2453 4,
471 2392 505 2453 3,
524 2394 581 2443 449.
606 2392 634 2454 4,
652 2393 692 2443 74.
713 2394 760 2455 to,
798 2390 898 2441 tribuit.
933 2389 1023 2443 Fuisse
1036 2392 1098 2442 huic
1115 2393 1328 2458 interpretationi

238 2468 289 2529 l8.)
307 2465 342 2516 eb
364 2466 557 2530 interpretibus
574 2468 681 2532 saepius
698 2480 761 2517 cum
799 2466 929 2530 imprimis
938 2466 1116 2517 adversentur
1124 2468 1166 2517 vvl
1178 2469 1253 2519 144441
1264 2470 1327 2519 miti

237 2538 361 2604 41144544.
381 2542 410 2602 4,
434 2542 463 2601 t,
486 2542 497 2589 4
519 2545 607 2605 seqq.)
625 2541 760 2593 confusus.
799 2540 1325 2605 44444444444111144444444444444114444;

238 2640 268 2653 -·
286 2630 332 2680 epo
346 2616 431 2680 conto]
449 2616 505 2665 lioc
521 2618 623 2680 ipsum,
643 2616 716 2680 quod
732 2619 763 2666 ut
799 2616 828 2665 ut
840 2627 944 2675 omnes,
962 2614 1007 2678 qui
1019 2616 1111 2666 Latine
1122 2616 1221 2678 4444444,
1235 2618 1327 2667 stetim

235 2689 341 2741 salustii
358 2691 514 2755 Sempronio
531 2692 558 2741 in
574 2691 700 2742 omnibns
720 2692 762 2741 his
798 2687 897 2739 uident.
916 2689 983 2748 Quin
994 2688 1097 2753 longius
1107 2691 1186 2741 etiem
1198 2703 1328 2754 progres-

236 2764 419 2826 excellerem,
435 2766 524 2815 inune
535 2770 593 2816 erte
605 2767 685 2816 etiem
698 2766 764 2816 ller-
799 2776 845 2813 sus
857 2763 973 2814 Diintzer
984 2765 1073 2814 omnis
1091 2764 1159 2815 heec
1170 2766 1215 2814 list
1230 2763 1274 2815 4444
1284 2790 1300 2801 -
1309 2791 1327 2801 -

237 2851 380 2902 megenem
398 2838 471 2889 illum
488 2840 603 2901 (liorntio
621 2842 761 2903 tantopere
799 2836 933 2886 adoleverit
944 2842 1014 2888 44444
1026 2838 1134 2890 11444444
1145 2839 1245 2889 tribuit.
1263 2838 1324 2889 vid.

237 2913 356 2973 exosum)
374 2925 503 2974 superare
520 2912 601 2961 444444
616 2913 697 2962 homo
712 2926 762 2963 ve·
798 2912 954 2961 Excursum.
985 2940 1014 2948 -
1050 2913 1128 2976 resto]
1161 2926 1325 2975 cremense,

237 2986 376 3044 nissimus,
395 2983 477 3034 bilem
492 2989 583 3035 movet
599 2989 707 3049 poetes,
726 2988 762 3037 ite
799 2987 844 3050 qui
861 2988 916 3036 ete
927 2998 1101 3050 componens
1116 3017 1143 3025 -
1157 2986 1326 3053 0444444411-

236 3059 268 3108 ut
283 3058 354 3108 hunc
366 3070 521 3108 sermonem
537 3058 648 3110 tandem
659 3062 763 3124 praeci·
797 3059 849 3110 lico
861 3060 894 3110 do
912 3060 976 3111 mihi
994 3066 1122 3124 mortem,
1141 3064 1324 3127 importunel»

236 3131 283 3182 det
304 3130 440 3194 aliumque
462 3133 550 3183 minus
575 3137 649 3209 certe
675 3134 761 3185 mole·
798 3137 849 3185 Per
865 3135 955 3186 iocum
972 3137 1040 3186 14444
1051 3136 1209 3199 dictasunt,
1227 3138 1327 3201 utqui·

236 3209 309 3258 etum
326 3218 435 3256 movere
453 3210 572 3257 conetur.
607 3210 762 3260 sciscitetur
797 3210 928 3261 4444444414
946 3211 1027 3261 videt.
1049 3238 1077 3249 -
1096 3208 1323 3274 84144144--44441

236 3293 301 3343 ergo
312 3279 347 3329 de
363 3278 461 3330 4444441444
474 3282 604 3344 hominis,
622 3282 759 3345 utsolent,
797 3284 895 3336 sobino
913 3284 1051 3349 sortilega,
1079 3299 1148 3351 quse
1167 3284 1324 3350 quaesticuli

234 3356 353 3420 primum
375 3356 420 3417 qui
443 3368 505 3405 cum
527 3354 616 3420 aliquo
639 3359 759 3409 notitiem
797 3372 877 3410 cause
910 3360 1101 3423 superstitiosis
1132 3358 1322 3411 heriolsbetur.

235 3428 622 3492 contrahunt-quistesoivo
639 3433 758 3497 cstopue]
797 3432 871 3483 Conl.
890 3433 973 3497 Epod.
994 3435 1039 3495 41,
1064 3434 1104 3485 28.
1135 3437 1232 3485 Perse
1250 3436 1325 3499 petet

236 3503 349 3567 «quibus
366 3503 482 3568 optabile
494 3508 521 3555 et
538 3504 601 3557 utile
613 3510 655 3557 est
671 3506 760 3557 44441-
797 3519 854 3557 rem
880 3520 941 3557 esse
967 3507 1066 3559 ocum.
1095 3536 1123 3545 -
1150 3510 1236 3559 4444444
1259 3509 1322 3571 cet]

234 3592 299 3628 vum
315 3590 403 3628 esse.»
795 3585 864 3631 444444
880 3584 949 3631 omit
964 3582 1065 3643 divino,
1085 3586 1243 3648 «postquem
1259 3597 1325 3634 oon-

266 3651 371 3703 28-34.
402 3652 491 3702 Omnes
515 3657 650 3718 omnpotttt]
675 3656 757 3706 Tacit.
796 3656 879 3705 cussit
896 3656 1021 3717 4144444444,
1048 3657 1146 3718 idest,
1173 3660 1203 3708 ut
1224 3658 1258 3707 ite
1281 3657 1324 3707 di-

235 3725 299 3775 llist.
319 3727 349 3785 4,
368 3724 412 3775 ir:
435 3728 548 3776 1444444444
568 3730 675 3789 Veranio
690 3744 760 3778 uror
795 3742 870 3789 cem,
895 3730 1079 3793 propheticam
1096 3743 1192 3781 urnam
1209 3744 1324 3795 sorsque

234 3812 266 3848 oc
286 3798 368 3861 frater
389 3798 580 3862 844444444444,
609 3803 689 3851 litum
716 3806 760 3853 Vi·
795 3816 856 3853 mee
876 3802 1006 3854 exsiluit.»
1036 3806 1127 3855 Sortes
1153 3808 1244 3855 autem
1269 3806 1322 3857 hee

233 3873 304 3922 4444444
321 3872 438 3933 Crispina
452 3874 508 3937 14144
524 3888 689 3937 composuere.
720 3879 758 3927 Si·
793 3877 907 3927 laminae
920 3880 997 3927 erent
1014 3892 1075 3928 cum
1094 3880 1265 3943 inscriptione
1277 3880 1325 3929 nli-

232 3945 330 3997 militer
353 3945 558 4016 περιστέλλειν,
587 3950 755 4014 tetecum,
795 3965 847 4015 que
865 3952 1000 4015 ambiguo.
1029 3966 1109 4017 quom
1128 3953 1244 4015 sortilegi
1271 3966 1323 4017 pro

231 4020 265 4070 de
283 4018 431 4085 sepulture,
457 4022 586 4087 imprimis
607 4026 641 4076 de
659 4028 756 4078 cineri·
794 4028 916 4089 tempore
929 4026 1183 4090 interpretabantur.
1215 4027 1267 4077 Cir.
1282 4028 1323 4077 ln-

231 4094 283 4146 bos
300 4094 417 4146 collectis
434 4099 515 4161 eique
534 4100 561 4149 in
578 4113 645 4151 orne
662 4103 757 4152 condi·
794 4102 895 4165 scripti.
924 4115 960 4151 m.
988 4103 1043 4152 Lei.
1071 4104 1101 4151 N.
1128 4102 1203 4152 2l85.
1249 4102 1321 4151 Cere

230 4171 272 4221 tis.
305 4171 376 4222 llaec
399 4184 507 4236 quoque
530 4174 612 4225 verbe
636 4177 756 4229 animum
793 4178 887 4241 iunges
900 4191 962 4228 cum
979 4176 1089 4228 41444441
1106 4182 1250 4227 4444444444
1263 4176 1323 4241 (no-
