2925 4892
509 385 568 438 mn.
589 389 618 438 ll.
654 389 751 440 Erisr.
771 391 790 440 Ι.

427 547 455 602 ii
475 545 510 601 Χ
529 547 554 605 (3
576 547 606 605 U
625 547 656 606 B
675 547 698 603 S
719 546 792 604 {IS
832 549 876 604 ΙΙ.

458 680 497 727 Aa
515 677 584 728 El’l’.
598 679 628 728 ll.
643 679 661 728 l.
676 691 700 727 v.
715 677 763 728 lid
774 691 833 741 sqq.

171 799 306 849 invenisse
329 799 392 848 milii
418 797 509 848 videor
530 799 556 848 ln
577 798 618 848 bis
634 797 774 848 versiculis
790 795 952 860 singularem
969 800 1152 860 testivitatem,
1177 813 1193 852 a

107 880 189 942 nullo,
217 881 290 944 quod
316 884 414 942 sciam,
439 881 527 932 adbuc
552 881 775 932 animadversam.
811 883 866 932 Cur
889 885 945 947 ipse
971 884 1093 935 Horatius
1114 885 1193 936 Plan·

108 968 161 1016 tum
186 965 259 1014 baud
284 967 362 1015 nimis
388 965 535 1015 admiratus
561 965 606 1024 sit,
633 965 671 1015 sic
695 966 760 1014 satis
781 970 853 1015 recte
872 968 993 1031 exposuit
1009 969 1062 1017 iam
1079 968 1193 1019 Klotzius

109 1049 188 1098 Lecti.
208 1049 274 1098 Ven.
294 1061 319 1112 p.
339 1047 415 1098 tib:
443 1049 541 1107 «Quod
557 1047 690 1100 Plautinos
707 1047 813 1112 lepores
830 1061 883 1099 non
900 1049 997 1113 probet
1013 1051 1135 1102 Horatius
1152 1054 1191 1115 (A.

109 1135 133 1182 Ρ.
146 1147 172 1181 v.
185 1132 269 1190 aial,
289 1145 340 1180 non
360 1133 449 1181 miror.
485 1131 573 1181 Credo
591 1145 643 1182 non
656 1131 764 1195 probari
776 1145 824 1181 eos
836 1134 953 1197 potuisse
971 1147 1003 1183 eo
1016 1134 1122 1195 seculo,
1139 1149 1192 1199 quo

109 1219 145 1264 tot
162 1214 298 1277 elegantes
315 1217 417 1265 venusti
436 1213 562 1281 palliique
580 1216 702 1266 homines
720 1213 859 1271 vivebant,
878 1230 928 1266 nec
946 1215 980 1266 ab
993 1229 1040 1276 eo,
1059 1219 1117 1280 qui,
1136 1219 1192 1268 slve

108 1299 178 1362 quod
196 1300 306 1360 Augusti
323 1299 454 1348 dictorum
472 1299 586 1348 maxime
605 1299 693 1362 cupidi
711 1300 814 1348 amicus
831 1301 903 1359 erat,
922 1301 978 1350 sive
995 1300 1067 1364 quod
1085 1300 1194 1363 elegan-

108 1383 172 1432 tiore
190 1395 257 1431 aevo
276 1385 366 1442 natus,
395 1381 599 1444 elegantioribus
625 1383 704 1432 etiam
730 1383 795 1432 iocis
818 1382 944 1432 delectari
960 1382 1075 1433 volebat.
1110 1383 1193 1434 Plauti

106 1479 169 1515 vero
186 1463 307 1529 lepores,
327 1479 379 1516 non
398 1466 485 1516 dicam
503 1478 611 1526 omncs,
630 1465 678 1515 sed
696 1465 802 1530 plurimi
819 1469 924 1527 lamen,
944 1465 1043 1516 lucilius
1054 1465 1191 1531 populum,

107 1547 315 1602 multitudinem.
334 1547 503 1600 mulierculas
515 1547 697 1608 oblectabant,
717 1563 797 1612 quam
810 1550 881 1598 viros
894 1549 988 1600 doctos
998 1563 1062 1598 vere
1074 1549 1193 1599 urbanos

106 1632 212 1696 lepores
238 1633 432 1697 exspectantes.
467 1631 519 1682 lllis
544 1634 621 1696 igitur
642 1632 706 1682 dum
728 1633 856 1683 inservire
874 1633 947 1696 cupit
964 1633 1101 1690 Comicus,
1128 1632 1193 1683 dum

107 1715 312 1766 inverecundius
328 1717 412 1766 risum
430 1719 531 1779 captat,
558 1717 621 1766 (lum
646 1715 831 1766 immodestior
846 1716 954 1779 profuso
971 1717 1076 1766 iocandi
1093 1728 1192 1780 genere

106 1800 202 1859 utitur,
223 1811 272 1848 nec
289 1799 368 1848 vitata
386 1813 448 1850 cum
459 1813 551 1849 rerum
563 1802 619 1850 turn
632 1797 776 1848 verborum
790 1799 951 1863 turpitudine
962 1803 990 1850 et
1000 1800 1192 1859 obscoenitate,

106 1886 134 1932 ut
159 1883 269 1932 tandem
295 1881 395 1940 dicam,
423 1882 494 1946 qaod
516 1883 628 1932 reticere
652 1882 750 1932 diutius
767 1895 821 1933 non
837 1896 964 1946 possum,
990 1883 1055 1934 dum
1071 1896 1193 1934 scurram

106 1967 157 2028 agit
175 1979 259 2030 saepe
278 1964 445 2025 illiberalem,
465 1968 591 2028 expertus
609 1965 736 2021 estsere,
756 1965 829 2029 quod
846 1967 929 2016 estin
946 1966 1102 2030 proverbio:
1120 1963 1194 2015 Πολ·

107 2047 167 2112 λοϊς
185 2045 318 2120 ἀρέσκειν
335 2047 396 2100 ἐστὶ
413 2053 521 2111 σοφοῖς
538 2043 739 2120 ἀπαρέσκειν.»

172 2135 273 2184 Verum
291 2147 354 2184 ecce
372 2133 512 2184 Suetonius
530 2134 586 2184 Oct.
605 2133 649 2184 89:
676 2135 815 2198 Aspasiae,
840 2135 938 2199 inquit,
958 2135 1035 2198 plone
1047 2137 1193 2197 pomum

106 2232 205 2280 quoque
220 2232 271 2268 noa
287 2219 429 2280 inperitus,
449 2217 618 2268 delectabatur
634 2219 709 2268 etima
725 2219 853 2268 comoedia
867 2221 946 2269 vetui
960 2224 984 2268 et
999 2231 1072 2282 saepe
1082 2231 1140 2268 snm
1151 2232 1195 2267 es-

105 2302 184 2352 Aibait
197 2301 304 2363 publicis
319 2302 472 2364 pecccatis.
507 2299 665 2351 Tacentibus
683 2304 794 2359 ceteris,
822 2315 890 2365 quos
906 2303 973 2362 vidi,
993 2301 1191 2366 interpretibus,

107 2385 283 2436 casaubonus
300 2386 328 2434 et
344 2385 513 2436 liubaleaius
531 2397 626 2436 secure
644 2386 824 2448 exponuntde
841 2388 928 2450 prisca
940 2385 1081 2436 comoedia
1092 2386 1192 2444 Attica;

107 2470 153 2520 sed
181 2483 270 2519 nonne
287 2469 338 2518 boc
355 2481 466 2532 prorsus
483 2467 638 2518 incredibile
656 2472 710 2528 est,
739 2471 837 2519 llomas
853 2471 964 2531 Augusti
979 2471 1067 2519 aetate
1084 2469 1192 2527 Cratini,

106 2551 256 2616 Eupolidis
283 2551 465 2616 Aristophanis
491 2550 592 2602 tabulas
618 2551 730 2616 publicis
756 2551 915 2614 spectaculis
938 2564 1042 2614 saepe
1063 2549 1193 2600 exhibitas

107 2639 191 2687 esse‘i
218 2634 328 2695 Qualem
346 2636 431 2695 enim,
458 2647 571 2699 quaeso,
594 2633 799 2684 delectationem
816 2647 849 2684 en
866 2647 899 2683 eo
916 2647 1015 2697 genere
1032 2635 1153 2696 quemvis
1169 2637 1194 2684 st

106 2719 200 2782 prandi
216 2723 240 2768 et
256 2718 362 2781 elepanti
378 2723 401 2768 et
417 2723 518 2768 venneto
537 2717 650 2780 (Quintil.
665 2719 707 2778 to,
722 2717 814 2778 t‚65.)
832 2718 938 2766 haurire
955 2717 1086 2780 potuisset
1102 2716 1195 2780 plebe·

107 2801 179 2860 cula,
199 2803 243 2852 cui
259 2801 328 2851 vela
345 2803 464 2866 principe
481 2801 681 2852 inserviendum
693 2803 768 2850 erati
797 2800 878 2861 Quid,
898 2800 968 2864 quod
982 2799 1119 2849 dumtaxat
1129 2801 1192 2849 viris

108 2885 232 2948 eruditis,
259 2886 304 2950 qui
329 2885 426 2936 crebro
447 2888 527 2948 atque
548 2887 672 2935 accurate
696 2886 723 2934 et
745 2883 802 2935 illos
819 2886 847 2934 et
863 2887 979 2933 Graecos
997 2897 1091 2933 eorum
1109 2884 1193 2933 inter·

106 2972 198 3035 preles
214 2967 404 3032 perlegissent,
423 2970 449 3018 in
467 2981 578 3020 scenam
596 2969 684 3018 denuo
701 2968 824 3032 producti
840 2965 946 3032 placere
958 2969 1102 3032 poterant?
1123 2969 1195 3028 Quo-

108 3056 178 3104 circa
205 3066 255 3116 ego
281 3052 407 3116 equidem
432 3053 594 3116 interpretor
616 3052 650 3102 de
667 3054 759 3102 vetere
777 3051 916 3102 comoedia
933 3053 1037 3112 Latina,
1064 3052 1193 3115 imprimis

109 3136 203 3187 tabulis
221 3136 302 3187 Plauti
320 3139 348 3186 et
359 3133 466 3187 Caecilii
477 3137 562 3194 Statii,
582 3135 693 3186 tortasse
706 3136 786 3186 etiam
797 3137 873 3186 Attae
885 3138 914 3186 et
923 3136 1069 3194 Dossenni,
1087 3146 1156 3197 quos
1167 3136 1194 3185 in

108 3223 157 3270 bac
181 3219 293 3284 epistula
312 3220 434 3270 lloratius
452 3221 549 3283 carpit,
568 3219 636 3269 adeo
653 3221 683 3267 ut
697 3222 776 3283 poeta
793 3217 836 3268 bic
854 3219 946 3269 lestive
963 3221 1064 3268 iocatus
1081 3219 1114 3266 sit
1131 3230 1195 3268 cam

109 3309 225 3368 Augusto
243 3305 339 3354 horum
359 3304 523 3354 comicorum
543 3305 675 3360 amatore,
695 3304 785 3352 certus
805 3303 912 3351 omnino
932 3301 1001 3359 iore,
1019 3302 1049 3348 ut
1067 3300 1193 3363 princeps

110 3390 174 3451 ipse,
194 3387 244 3436 hos
260 3386 406 3437 versiculos
424 3399 485 3436 cum
503 3386 616 3448 legeret,
635 3383 799 3445 subrideret,
818 3385 971 3434 amicissimi
990 3385 1085 3444 politae
1103 3382 1193 3431 diver-

110 3485 166 3520 sam
184 3471 355 3530 sententiam,
375 3483 462 3534 quarn
474 3485 505 3520 ex
524 3469 661 3532 colloquiis
674 3483 736 3518 cum
754 3482 786 3518 eo
803 3468 900 3517 habitis
917 3465 1027 3530 pulchre
1045 3467 1097 3514 lam
1109 3477 1194 3514 nove-

109 3557 157 3612 rat,
180 3552 224 3604 bic
247 3567 339 3606 rursus
360 3555 523 3619 propositam
540 3553 642 3604 videns.
678 3553 720 3602 Sic
738 3554 795 3602 sine
813 3550 864 3601 ulla
881 3549 1027 3600 ollensione
1044 3550 1097 3598 Sat.
1114 3550 1141 3609 l,
1162 3547 1190 3606 3,

110 3637 133 3690 l.
151 3637 254 3688 urbane
272 3635 377 3688 vellicat
393 3639 536 3688 Caesarem
555 3650 647 3694 suurn,
666 3638 758 3700 utpote
774 3637 820 3700 qui
835 3633 944 3697 Tigellii,
963 3633 1078 3682 cantoris
1092 3633 1192 3684 morosi

110 3725 189 3785 atque
206 3724 367 3786 arrogantis,
387 3721 578 3786 impudentiam
595 3720 658 3770 olim
676 3721 754 3770 nimis
770 3719 901 3783 patienter
917 3715 1028 3766 tulisset.

538 3994 761 4017 m
