2925 4892
525 348 583 399 un.
602 350 621 400 ι.
656 352 724 403 444.
745 352 774 401 ιι,
1153 350 1190 417 34

107 507 206 591 ,itque
231 504 313 571 haec
335 524 423 581 rara,
449 504 543 573 eadat
564 506 645 573 dura
668 508 751 573 inter
771 526 870 595 saepe
893 510 1023 596 pericla.
1153 513 1195 577 40

107 628 162 692 iiic
182 648 220 692 se
243 627 457 714 praecipitem
479 637 563 695 teeto
585 627 690 707 dedit;
715 628 767 695 ille
789 626 923 715 flagellis

105 747 151 813 ,ld
173 758 313 814 mortem
335 768 467 827 eaesus;
491 747 615 835 fugiens
638 748 689 817 hic
712 750 832 818 decidit
854 770 962 818 acrem

105 869 308 936 Praedonum
331 869 363 933 in
387 868 530 949 turbam3
560 869 650 938 dedit
683 872 734 938 hic
764 893 824 960 pro
856 894 994 962 eorpnre
1027 896 1192 951 nummos;

104 992 194 1058 Hune
217 992 463 1077 perminxerunt
483 991 630 1071 calonem
653 994 850 1081 quinetiam
872 996 950 1063 illud

104 1112 241 1189 Accidit,
268 1123 303 1178 ut
323 1112 456 1199 quidam
480 1124 578 1181 testes
600 1114 805 1204 caudamque
827 1116 967 1185 44444444
1152 1120 1193 1183 tt

105 1236 290 1301 demeteret
311 1234 406 1299 terro.
453 1236 541 1311 lure,
565 1256 694 1320 omnes;
718 1236 818 1303 Galba
841 1238 987 1325 negabat.

164 1460 205 1511 l5.
224 1462 329 1510 mudum
342 1463 375 1525 (pl
393 1462 460 1520 LCl,
480 1463 544 1512 item
560 1462 694 1513 Bentleius
712 1466 739 1513 et
756 1466 892 1528 Reisigius.
924 1469 963 1529 itt
980 1481 1042 1527 nos,
1065 1481 1160 1519 omues

131 1538 214 1586 nostri
233 1538 261 1585 et
286 1536 422 1595 pomerii.)
444 1562 470 1572 -·
490 1536 531 1587 lt.
549 1538 688 1588 Detneterel
707 1538 804 1603 [emm
821 1542 888 1601 tct,
913 1542 1068 1593 Derueterent
1090 1544 1160 1606 serre

131 1611 229 1660 Barthii
247 1614 277 1660 et
300 1610 410 1661 Bentleii
428 1612 507 1671 cuni,
526 1613 589 1663 item
613 1614 663 1663 Fen
687 1626 719 1663 ex
743 1627 792 1664 suo
815 1615 914 1665 Codice
932 1616 961 1664 V.
981 1617 1010 1666 B.
1029 1620 1057 1667 et
1073 1618 1159 1679 Reisig

130 1687 183 1735 444.
203 1686 265 1750 Spr.
285 1698 313 1749 p.
334 1685 390 1735 494.
427 1684 547 1749 (lituos,
566 1688 647 1737 nostri
666 1690 692 1738 et
710 1690 826 1739 Pettierii
843 1692 956 1750 omnes).

100 1890 276 1953 cupiente
293 1891 400 1939 suntin
411 1890 529 1941 nummis
540 1890 627 1941 itiecio
666 1890 719 1941 Cir.
739 1892 793 1941 Set.
811 1893 840 1952 2,
860 1892 888 1951 7,
906 1892 947 1942 66.
968 1891 1081 1943 44444444,
1093 1892 1124 1953 3,
1143 1894 1191 1952 44,

99 1966 131 2014 ll.
149 1967 177 2015 F.
199 1968 229 2015 44.
248 1979 278 2029 p.
298 1964 349 2025 77.)
666 1965 701 2025 3.,
729 1966 776 2017 ubi
801 1966 911 2030 quidum
937 1968 963 2017 in
988 1968 1112 2019 eunucho
1135 1970 1192 2018 Da-

127 2039 220 2091 37-46.
240 2040 337 2088 Audire
347 2040 410 2101 eet]
430 2039 550 2091 «Urbane
563 2039 629 2089 nbu-
664 2054 752 2089 ninum
767 2042 901 2091 4444444444
916 2047 952 2091 ert
968 2042 1054 2091 eminet
1068 2042 1189 2103 eorporis

100 2114 158 2163 titur
174 2114 306 2165 Ennianis
323 2113 460 2165 versibus:
483 2115 577 2165 Audire
594 2120 628 2165 est
667 2142 693 2150 -
719 2116 923 2181 pemtneemnt]
953 2118 1191 2180 «stipaverunt»

98 2190 329 2251 operaepretium,
345 2190 480 2250 procedere
495 2195 560 2241 reete
581 2191 628 2253 Qut
664 2190 756 2241 Sciron.
792 2191 991 2242 «Contumeliae
1020 2205 1100 2241 44444
1127 2204 1191 2242 eum

99 2278 147 2315 rem
163 2268 311 2315 itomanam
331 2264 480 2325 4444444444
496 2278 627 2328 supervere
665 2266 787 2328 stuprare
813 2267 878 2316 iussi
904 2268 967 2315 sunt
991 2264 1026 2315 ab
1052 2264 1191 2316 adulterae

99 2340 191 2389 444444.-
228 2340 323 2389 senon.
361 2339 418 2397 Quo
441 2352 474 2388 ex
496 2338 555 2389 loco
578 2339 627 2389 de·
665 2340 787 2389 merite.»
800 2340 955 2390 Cuiusmodi
969 2338 1122 2403 exemplum
1135 2352 1192 2389 rne-

100 2414 214 2465 ienditur
247 2412 329 2463 lectio
356 2414 469 2463 moechus
495 2414 626 2464 adversus
665 2416 754 2463 morat
764 2426 827 2465 cum
838 2413 895 2465 ultis
906 2415 1083 2465 moechorum
1096 2415 1192 2479 poeuis

99 2491 224 2540 dativum.
263 2490 365 2539 Sensus
378 2490 469 2539 autem
480 2490 520 2539 est
538 2490 625 2539 idem:
664 2486 720 2538 val.
741 2490 807 2539 Max.
826 2490 857 2547 6,
876 2492 906 2548 4,
927 2490 973 2540 tt:
992 2491 1036 2540 Cu.
1055 2490 1193 2541 444444144-

100 2567 155 2628 «qui
172 2577 228 2615 444
246 2556 330 2613 voltis'
350 2564 477 2614 moechos
497 2578 626 2631 prospers
662 2564 731 2612 risun
740 2563 879 2613 Breeeltum
890 2565 933 2626 qut
944 2565 1139 2627 deprehenderet
1148 2565 1192 2627 su·

99 2642 165 2689 4444
188 2640 257 2689 uti·
300 2636 383 2687 Pleut.
403 2639 477 2702 cept.
498 2638 527 2701 3,
547 2641 575 2699 4,
595 2640 623 2689 6:
662 2638 750 2687 millae
765 2640 932 2699 stuprandum
952 2639 1047 2687 obiecit
1068 2666 1096 2675 -
1114 2639 1192 2689 culo-

98 2715 178 2775 444444
196 2712 509 2775 ieiuniosiorem--tht,
526 2714 627 2777 necqut
662 2726 706 2762 nee
723 2712 750 2761 h.
769 2711 798 2770 l,
817 2714 862 2774 qui
878 2713 945 2774 Epp.
961 2712 991 2769 4,
1011 2710 1055 2771 44,
1080 2711 1120 2761 44.
1138 2724 1192 2761 nte·

98 2790 175 2839 mus
190 2789 331 2851 procedet,
353 2789 471 2850 quteqetd
485 2790 570 2851 secere
583 2804 626 2840 oe·
663 2786 779 2846 diustiui,
795 2786 867 2835 servi
878 2784 994 2834 viliores.
1010 2812 1037 2821 -
1051 2786 1193 2847 quidum--

98 2866 193 2925 repen-it
231 2863 342 2913 Terent.
359 2861 472 2926 Adelph.
486 2865 512 2925 5,
532 2866 560 2925 7,
579 2866 623 2915 dt:
662 2858 889 2925 Demeterettmo]
901 2858 1005 2924 supple,
1019 2858 1092 2923 quod
1103 2872 1192 2923 perse

98 2938 165 2999 Syre,
175 2938 326 3000 procesdrti
336 2937 524 2999 lodiepulclrre.
540 2965 567 2976 ·-
580 2940 626 2989 At-
663 2935 823 2999 intelligitur,
842 2934 1003 2985 «adultere»
1026 2935 1098 2985 ilaec
1114 2934 1193 2985 lectio

98 3014 223 3074 4444444
244 3024 326 3071 rura,
353 3012 438 3075 eadat]
461 3014 623 3075 «contingat,
664 3012 691 3061 et
708 3010 786 3075 pinna
804 3013 847 3061 est
864 3012 890 3060 et
907 3009 941 3059 ab
953 3010 1090 3072 antiquiss.
1105 3010 1189 3060 Codd.

97 3092 120 3137 44
135 3102 168 3138 ea
179 3087 297 3151 quidem
313 3098 399 3135 rare·
414 3114 441 3123 —
454 3088 501 3137 4444
512 3100 537 3137 te
544 3100 626 3150 pree-
664 3084 777 3135 iirmstn.
796 3084 961 3148 Eademque
973 3084 1017 3133 hic
1026 3085 1146 3135 4444444444
1154 3086 1193 3135 si·

97 3164 193 3225 cipitem
219 3161 285 3223 eet]
312 3164 445 3225 Perqunm
471 3160 565 3213 similia
591 3163 625 3213 de
664 3158 831 3221 gnidmtione
848 3158 970 3228 θερίζειν
984 3158 1188 3222 usurpelsoph.

97 3238 240 3300 peregrino
266 3236 362 3285 Proteo
384 3238 475 3285 narret
494 3238 626 3287 Lucienus
664 3234 702 3283 ni.
714 3233 762 3283 236
774 3234 801 3283 44
811 3226 891 3300 ἀμᾴν
902 3232 1009 3283 llesiod.
1023 3233 1120 3295 Theeg.
1131 3233 1188 3283 4844.

98 3314 201 3374 reregr.
221 3310 248 3359 9.
271 3334 300 3346 -
319 3310 360 3359 ille
375 3309 488 3375 [44944444]
508 3312 580 3361 «line
592 3310 626 3361 de
667 3336 693 3344 -
706 3308 775 3373 lure]
788 3305 957 3359 Esttormule
974 3305 1116 3356 iudicialis:
1135 3309 1192 3357 ture

97 3386 123 3435 C.
141 3387 239 3449 Crispo
258 3382 372 3433 Salustio
389 3384 499 3445 die-itur,
518 3385 563 3447 qui
577 3386 627 3434 ds-
664 3396 764 3431 caesum
773 3383 861 3431 viden.
884 3383 926 3431 sic
938 3381 964 3429 h.
975 3380 992 3430 l.
1008 3382 1079 3430 dure
1092 3394 1124 3430 ae
1135 3394 1192 3431 me·

96 3461 245 3525 prehensus
258 3458 294 3508 ab
306 3459 390 3508 Annio
402 3458 496 3511 ldiloue
514 3460 541 3509 in
553 3459 626 3509 adul·
663 3458 713 3507 rito
726 3472 789 3508 eum
801 3458 947 3507 castratum
958 3467 1020 3504 esse
1032 3467 1127 3503 omnes
1138 3456 1192 3504 uie·

96 3537 159 3586 teriu
175 3536 308 3595 Faustae,
328 3532 413 3583 Sullae
432 3533 515 3593 filine,
535 3536 624 3585 uxoris
663 3532 755 3583 bant.»
770 3560 798 3568 -
812 3532 895 3582 Gutta
910 3529 1028 3593 nequeat]
1041 3525 1192 3579 «64414444-

96 3611 158 3670 eius,
177 3606 294 3672 flagellis
311 3620 406 3658 caesus
423 3622 484 3659 esse
502 3609 623 3661 dieitur.»
663 3609 700 3659 ris
717 3609 819 3672 peritus
837 3606 938 3669 etipse
956 3605 1072 3655 sectator
1088 3606 1192 3654 metro·

96 3686 186 3734 Senon.
218 3684 261 3734 Cl.
275 3680 374 3733 Gellius
386 3684 415 3733 tt.
431 3685 459 3734 Α.
475 3684 519 3745 47,
539 3684 579 3735 48.
596 3712 623 3721 -
664 3694 774 3741 narum,
803 3681 849 3743 qui
866 3678 976 3729 dicebat
998 3690 1051 3727 non
1072 3678 1129 3728 iure
1152 3678 1191 3729 ln-

95 3756 264 3821 Pruedonun]
283 3758 490 3807 «nocturnorum
507 3771 558 3821 per
577 3760 626 3810 Ur·
664 3758 751 3817 etum,
764 3758 794 3804 ut
805 3758 887 3804 testes
898 3755 1115 3817 amputarentur,
1129 3754 1191 3817 quie

95 3831 157 3883 bem
173 3834 388 3895 grussetomm.»
417 3830 473 3881 Tib.
488 3832 512 3893 l,
531 3834 560 3894 2,
579 3834 624 3882 27:
663 3832 750 3896 primo
775 3829 897 3880 adulterii
925 3842 1012 3893 pueun
1037 3830 1191 3893 pecuniaria

95 3908 142 3958 Nee
152 3910 215 3958 sinit
228 3906 337 3971 (Venus)
352 3910 470 3955 44444444
481 3908 624 3969 quisquam,
664 3908 747 3955 erat.»
766 3906 795 3969 (tl
813 3907 909 3955 Aenon.
933 3902 1068 3968 (Adulterii
1086 3916 1190 3967 poenae

96 3986 135 4045 eui
155 3996 272 4045 eerperu
290 3982 360 4045 {erro
387 3980 498 4030 Volneret
519 3986 564 4031 aut
579 3994 626 4031 ra·
664 3980 781 4030 sancitae
807 3982 877 4043 Lege
902 3977 980 4039 iulia,
1010 3977 1055 4027 diu
1080 3977 1190 4039 quidem

94 4064 135 4123 pte
147 4058 273 4121 praetrita
288 4060 354 4105 verte
366 4059 446 4117 petel.
468 4082 495 4091 —
511 4069 560 4117 pro
571 4070 627 4105 enr-
663 4056 724 4119 post
746 4056 816 4104 hene
833 4054 942 4103 sutirum
960 4052 1137 4115 compositam
1155 4051 1189 4111 (4.

94 4134 161 4196 pere]
176 4146 243 4197 «pro
255 4130 392 4182 obscoena
404 4132 481 4194 purte
494 4133 624 4195 corporis,
663 4142 690 4180 u.
710 4142 734 4179 4.
755 4130 833 4190 tet),
857 4130 1048 4178 enumerantur
1070 4139 1086 4175 4
1109 4123 1190 4175 Paulo

97 4222 128 4257 44
137 4210 222 4259 testes
232 4208 258 4258 el
266 4205 516 4257 abscinderentur„
532 4206 624 4257 Senot..
664 4206 735 4255 Senl.
755 4206 867 4267 recepti.
883 4205 909 4264 4,
933 4203 973 4252 26.
987 4214 1012 4251 t.
1027 4216 1050 4251 c.
1071 4202 1189 4259 Cantetur,
