2925 4892
526 380 586 431 ΗΒ.
606 381 625 430 l.
661 382 760 432 EPlS'l'.
778 385 798 432 l.

160 534 295 600 Stultitia
318 535 473 602 caruisse.
520 535 628 614 Vides,
653 557 739 624 quae
761 539 900 606 maxima
921 540 1029 608 credis

160 657 237 722 Esse
260 653 359 733 mala,
384 656 537 743 exiguum
559 677 693 724 censum
716 669 909 748 turpemque
936 661 1116 749 repulsam,

157 779 285 857 Quanto
309 775 434 844 devites
457 779 553 844 animi
577 780 758 868 capitisque
780 779 902 849 labore.

157 899 297 986 Impiger
318 909 481 966 extremos
504 901 609 968 curris
631 912 792 968 mercator
813 903 855 969 ad
877 903 988 981 ludos,
1161 909 1203 973 ta

156 1023 216 1087 Per
239 1041 330 1088 mare
353 1022 543 1109 pauperiem
567 1021 705 1109 fugiens,
730 1045 903 1111 persana,
926 1046 986 1113 per
1007 1027 1114 1114 ignes:

178 1219 219 1270 ll.
248 1221 377 1281 Quonam
401 1219 428 1269 b.
459 1250 485 1257 -
513 1221 599 1271 animo
625 1223 735 1285 Cruqnii
761 1223 844 1275 codd.
864 1228 919 1277 tres
946 1227 1008 1288 lnon
1025 1227 1118 1292 optimi
1135 1227 1170 1279 illi

146 1295 327 1358 Blandiniani).
349 1323 376 1331 —
394 1295 489 1361 labore]
503 1297 601 1360 periclo
617 1309 658 1362 pr.
678 1296 704 1348 d.

114 1476 182 1526 ealle
203 1476 372 1525 mitescere
391 1480 461 1536 orte,
485 1477 521 1525 sic
543 1476 642 1526 immi-
678 1474 778 1539 solum,
805 1475 955 1542 alloquitur.
990 1481 1126 1530 Sententia
1146 1484 1200 1532 est:

114 1557 170 1602 tem
194 1555 218 1601 et
243 1550 427 1613 implacabilem
443 1553 496 1601 eires
511 1551 561 1600 uiri
583 1551 641 1601 oet
678 1552 759 1601 «Tute
776 1553 877 1603 senilem
893 1567 1006 1604 necesse
1023 1556 1079 1616 est,
1102 1559 1202 1620 quanto

112 1641 180 1677 ineat
196 1639 256 1676 esee.
273 1653 301 1662 -
314 1625 639 1687 adturoe1t2io.luac.t,
678 1629 747 1676 cet.»
767 1655 795 1664 -
813 1633 959 1690 nepotique
978 1630 1119 1694 repulsore]
1139 1630 1203 1682 libl-

112 1705 136 1760 5,
150 1702 197 1751 ld:
217 1701 324 1751 Metro
335 1702 416 1751 ouem
428 1701 585 1764 padoeoptto
595 1707 639 1751 est.
677 1713 730 1764 que
748 1705 861 1766 usurpat
876 1702 960 1752 verba
975 1705 1075 1754 veteris
1090 1705 1130 1754 rei
1149 1718 1202 1770 pu-

115 1776 228 1826 ltrunclr.
242 1777 271 1825 P.
285 1777 379 1826 Gnom.
393 1789 419 1840 p.
432 1768 640 1840 32οτἍπαντας
678 1774 776 1834 blicae,
792 1789 842 1826 usu
854 1775 981 1839 loquendi
992 1791 1057 1828 sane
1069 1779 1203 1831 innocenti

112 1845 130 1916 ἡ
161 1848 311 1912 παίδευσις
338 1845 466 1920 ἡμέρους
494 1856 578 1901 ποιεῖ.
610 1879 638 1890 -
677 1849 711 1899 ad
731 1852 842 1912 Augusti
862 1851 1028 1903 voluntatem
1047 1865 1109 1904 sese
1127 1867 1204 1904 com·

109 1927 249 1988 potienten
265 1926 401 1974 cormnodet
423 1926 519 1989 aaran]
538 1925 641 1976 ellben·
676 1937 789 1988 ponena.
826 1926 880 1976 Cic.
896 1927 932 1976 de
949 1927 1022 1977 Oltlc.
1042 1929 1072 1989 l,
1090 1929 1135 1989 tt,
1153 1930 1200 1979 ll:

112 2003 153 2050 ter
169 2001 198 2049 et
215 2000 297 2062 gratia
314 1999 469 2063 praebeat·
498 2003 551 2050 sat.
567 2002 595 2060 l,
615 2002 638 2061 l,
680 2000 798 2048 Videntur
817 2000 871 2063 (qut
892 2002 949 2051 aine
971 2002 1067 2052 idonea
1088 2015 1201 2054 causan

110 2077 158 2124 et:
176 2087 258 2136 neque
273 2085 299 2124 te
314 2074 369 2137 fore
381 2075 485 2136 postiae
504 2075 640 2138 lamsaci-
676 2087 706 2123 re
730 2072 836 2136 publica
859 2077 1039 2138 recesserunt)
1061 2078 1160 2127 labores
1179 2082 1203 2127 et

111 2150 159 2198 lan
175 2149 256 2208 dent,
282 2149 348 2197 votis
362 2153 391 2198 att
404 2149 525 2210 praebent
541 2162 638 2199 meren
675 2149 813 2209 amicitiae,
831 2154 885 2199 tam
900 2151 1064 2213 offendentem
1079 2158 1104 2202 et
1119 2152 1204 2214 repeti·

114 2251 141 2260 -
157 2222 257 2286 marro]
276 2223 354 2285 lunge
371 2224 451 2273 etiarn
469 2236 531 2274 cum
547 2224 640 2273 noir·
675 2237 764 2274 eonem
788 2227 863 2286 quoti
887 2227 1016 2288 qnondam
1037 2227 1203 2290 innominiem

110 2303 159 2347 tae.
189 2295 297 2357 Quintil.
310 2297 340 2358 8,
353 2297 382 2358 3,
400 2295 446 2348 tt:
464 2299 642 2348 nanduiano
676 2299 764 2350 timere
780 2305 803 2349 et
818 2300 960 2364 insaniem.
980 2329 1008 2338 -
1027 2304 1107 2352 deant
1128 2305 1203 2366 copi-

110 2377 146 2423 eet
170 2372 233 2421 citio
258 2385 355 2422 eorm.
401 2372 546 2438 abruptior
570 2386 639 2436 quae
677 2375 1065 2440 tieqaelobore]«summacum
1080 2377 1202 2428 molestia

111 2447 219 2498 uidetur
249 2442 365 2512 γνώμη,
404 2448 439 2498 ita
474 2449 640 2499 connectitur
676 2453 703 2501 et
719 2451 801 2501 animi
818 2451 1004 2515 ‹inconperta-
1022 2453 1203 2503 sirenimea·

111 2536 174 2573 eum
195 2521 435 2586 praecedentlbus:
464 2525 520 2572 «Ac
542 2535 639 2586 reapse
676 2524 832 2590 ponendum
854 2538 880 2574 v.
901 2525 1005 2586 eopitie,
1031 2527 1059 2575 et
1081 2527 1202 2590 apposite

109 2598 217 2647 rumas
237 2609 270 2646 ac
292 2599 437 2662 sapientiae
463 2597 638 2662 primordium
676 2599 710 2649 ad
722 2603 845 2649 nostmm
854 2611 1009 2648 sermonem
1017 2600 1098 2649 Voss:
1117 2601 1203 2649 Dente

110 2671 175 2722 illud
193 2675 247 2730 est,
275 2673 304 2720 ut
325 2683 389 2721 vera
411 2671 570 2723 docentibus
590 2685 640 2722 au·
674 2675 723 2724 wie
739 2673 861 2736 mandale
877 2673 912 2721 do
927 2673 1006 2721 solete
1021 2673 1068 2721 md
1083 2673 1204 2723 llmweti

111 2759 171 2796 rem
210 2745 374 2810 praebentes
408 2747 469 2796 vitia
508 2747 639 2810 ingramus
675 2750 777 2798 meidest
802 2747 855 2795 md
878 2746 1005 2809 Kopfweb.
1041 2748 1092 2796 Pro
1117 2746 1203 2796 labore

9 2859 10 2880 ,
110 2821 363 2884 praeiudicatasque
389 2821 526 2884 opiniones
555 2821 640 2884 depo-
676 2822 718 2873 alii
745 2820 830 2872 codd.
857 2819 929 2884 apud
956 2821 1037 2869 leam
1062 2833 1077 2868 a
1104 2819 1203 2884 duplici

9 2903 10 2942 t
111 2907 236 2945 namus·
257 2923 284 2930 —
304 2894 425 2958 Stultitia]
444 2907 525 2947 sensu
545 2893 640 2945 morali
676 2895 756 2961 gloss.
770 2893 813 2945 vel
830 2894 916 2944 dolore
931 2892 974 2943 vel
988 2894 1092 2956 polein.

111 2971 219 3034 «prauis
235 2970 317 3020 anlmi
334 2968 504 3031 allectibus,»
523 2983 577 3033 quo
595 2983 640 3020 so-
709 2969 799 3021 tt-tt.
820 2970 930 3033 lmpiper
946 2968 1009 3032 cet]
1029 2968 1147 3018 «Eodem
1163 2967 1203 3018 la-

111 3043 167 3094 lent
189 3057 322 3108 usurpare
345 3043 424 3093 Stoici
449 3046 477 3093 et
501 3043 640 3109 aliquoties
677 3048 744 3098 bore
760 3045 911 3108 iisdemque
923 3043 1048 3109 periculis
1058 3057 1108 3108 per
1119 3045 1203 3094 totam

112 3121 169 3182 ipse
192 3119 330 3178 Horatius,
354 3120 385 3168 ut
407 3119 460 3168 Sal.
483 3119 511 3180 t,
535 3118 564 3180 2,
588 3117 638 3168 il:
676 3121 760 3170 vitam
775 3120 943 3182 delongaris,
962 3118 1204 3183 quibusmercato·

112 3197 181 3244 Duru
197 3195 280 3244 niteat
296 3193 364 3243 stulti
377 3194 453 3254 ebio,
473 3194 642 3243 incomrerio
677 3209 721 3246 res
744 3195 828 3245 nostrl
848 3207 910 3245 aeae
932 3207 1067 3258 exponere
1089 3192 1201 3244 solent.»

111 3267 402 3332 mac-cautae]
420 3261 572 3338 ἀορίστως.
600 3267 638 3318 Cl.
677 3269 770 3330 0d.3,
788 3268 835 3329 tt,
856 3269 903 3319 ³6:
929 3269 1126 3332 nequesetuidie
1140 3270 1204 3318 Para

112 3339 298 3403 0d.t,t,t.
676 3343 1204 3396 tnctmocutmitmttmdtneeltoreoe

143 3416 236 3469 tait.
258 3417 329 3467 Vides
345 3418 408 3479 cet]
426 3417 498 3468 llaec
515 3415 642 3480 (Videtn
675 3417 1124 3484 Jtnitimomiotoeliarotoequeeolo
1135 3417 1204 3466 uinea

110 3490 232 3555 emmae?
256 3505 282 3541 r.
304 3493 359 3556 et.)
387 3506 420 3542 eo
447 3491 553 3544 vinculo
579 3504 640 3542 cum
676 3495 845 3544 Mercatorem
866 3491 979 3556 obipiint
995 3495 1203 3540 -eutremosn

112 3565 339 3630 praecedentibus
372 3568 529 3630 iunguntur,
568 3566 641 3630 quod
677 3571 711 3620 ed
727 3568 809 3632 ludos]
833 3564 1022 3630 hyperbolice,
1050 3577 1151 3630 iusque
1169 3564 1203 3614 ad

112 3641 241 3692 exhibent
270 3640 423 3705 exemplum
453 3643 530 3692 huius
558 3641 641 3706 ipsius
678 3643 1081 3701 terrasremotissimas31inam
1097 3652 1162 3690 cnm
1177 3640 1203 3689 in

111 3717 233 3766 dandina
249 3716 384 3767 humanae
396 3719 424 3766 et
440 3717 465 3768 in
477 3719 590 3780 pecunia
602 3716 641 3766 la-
677 3719 756 3782 potia
765 3730 921 3777 versemur,
939 3716 992 3766 hoc
1003 3728 1057 3766 non
1068 3715 1102 3764 ad
1113 3715 1204 3764 vivum

112 3791 297 3842 borlosissime
319 3791 473 3854 quaerenda
495 3795 523 3843 et
543 3794 569 3842 ln
592 3805 642 3856 pe·
678 3791 857 3843 resecandum
869 3791 1097 3853 aat‚utlacerunt,
1110 3790 1156 3854 qui
1169 3788 1204 3839 de

112 3867 200 3918 tendis
212 3866 375 3926 banormum
388 3865 513 3918 stultitiae
523 3881 555 3917 aa
565 3868 642 3917 dum·
678 3866 797 3930 Ceylone
815 3865 900 3917 insula
917 3866 1075 3929 cogitarunt.
1094 3863 1203 3914 sende

111 3944 185 3993 tam
196 3942 299 3992 ratione
311 3941 479 4004 devitandae,
493 3945 523 3992 ut
534 3943 642 4006 sapien·
677 3941 755 3991 brev.
763 3942 808 3990 vit.
817 3942 844 3990 2:
857 3941 940 3990 Aliaeu
947 3940 1204 4002 mercondiproeoepe

111 4019 163 4068 tiae
190 4015 353 4067 documenta
382 4016 497 4068 libenter
527 4015 641 4082 amplexi
677 4017 802 4078 mpidboe
817 4017 887 4065 circo
902 4028 986 4065 omues
1000 4021 1097 4076 umor,
1118 4013 1204 4064 onmia

110 4093 239 4144 accurate
258 4091 354 4142 eadem
374 4106 530 4156 sequamur.
566 4093 643 4142 Cete-
677 4092 764 4141 morio
780 4103 822 4152 epe
840 4091 906 4139 locri
924 4091 1001 4140 ducit.
1022 4118 1050 4125 -
1068 4091 1115 4140 Per
1133 4101 1205 4138 more

111 4183 172 4218 rum
191 4165 344 4233 γνωμικῶς
361 4169 387 4218 in
406 4169 447 4218 his
465 4180 642 4232 unumquem-
679 4193 692 4204 -
705 4193 734 4227 -,
749 4179 798 4227 per
814 4179 895 4226 sexo,
911 4179 959 4228 per
974 4163 1052 4229 mnes]
1071 4177 1135 4227 «per
1147 4175 1205 4225 gra·

110 4257 164 4308 ipre
195 4241 343 4308 lectorum,
378 4257 429 4293 non
459 4245 641 4294 Maecenatem
681 4243 788 4291 sissima
814 4254 938 4304 quaeque
963 4238 1107 4304 pertenta.»
1139 4239 1204 4287 Pro-
1302 4269 1308 4282 .
