2925 4892
538 345 598 396 sits
615 345 761 396 Poenica.
1135 343 1196 408 783

150 503 187 568 ln
208 509 343 589 puteum
365 500 550 577 ioveamve,
575 499 662 577 licet,
686 499 886 577 Succurrite,
908 499 1039 588 longum

149 622 286 699 Clamet,
310 623 345 688 lo
367 621 471 690 civesi
494 641 559 687 uon
582 622 637 698 sit,
663 622 718 710 qui
741 621 855 689 tollere
876 630 976 689 curet.
1133 621 1196 688 too

149 743 184 809 Si
207 752 300 810 curet
320 743 394 832 quis
417 763 514 830 opem
534 743 620 809 ferre
641 752 674 809 et
696 743 865 810 demittere
887 742 1009 818 funem,

148 865 213 944 Qut
235 864 317 941 scis,
341 884 383 930 an
404 862 549 952 prudens
570 863 635 930 huc
655 884 692 930 se
713 863 887 951 proiecerit
907 873 1004 950 atque

148 985 280 1052 Servari
301 985 404 1052 nolit?
446 985 559 1052 Dicam
580 983 746 1072 Siculique
768 992 884 1072 potitae

148 1105 295 1172 Narrabo
316 1106 488 1172 interitum.
531 1105 621 1172 Dens
645 1104 831 1172 immortalis
852 1104 964 1172 haberi

150 1227 235 1292 Dum
261 1227 349 1314 cupit
370 1225 599 1314 Empedocles,
623 1225 791 1293 ardentem
812 1224 946 1314 frigidus
967 1228 1100 1294 Aetnam
1133 1227 1195 1294 465

138 1429 228 1474 merit
243 1425 269 1473 S.
290 1429 318 1460 -'
336 1422 394 1474 464.
412 1423 442 1473 Si
458 1424 514 1485 ptis
528 1428 599 1472 cruet
615 1425 655 1474 Ct.
671 1447 699 1460 -
713 1422 927 1474 nmonnhsrc.
943 1449 971 1460 -·
985 1425 1042 1476 462.
1055 1426 1098 1490 on]
1117 1431 1162 1476 out

138 1497 167 1548 d.
187 1523 215 1533 -
234 1497 349 1548 Monuit
363 1497 409 1556 Tc,
428 1497 488 1547 net.
509 1497 549 1558 (iit
565 1509 625 1554 nos,
641 1495 717 1558 nso.)
737 1523 764 1534 ·-
783 1496 840 1548 463.
861 1511 909 1559 pate
925 1510 978 1548 om.
992 1499 1020 1550 Τ.

104 1673 219 1724 effutit·
237 1672 339 1740 operae
351 1671 467 1733 pretium
478 1673 520 1722 est
529 1671 631 1732 videre,
669 1673 780 1735 puteum
791 1671 952 1735 proieceriti
972 1672 1044 1734 quud
1056 1672 1194 1725 consilium

103 1745 243 1810 quomodo
269 1745 409 1804 Germani,
438 1742 630 1808 Francogalius,
669 1744 801 1808 impedire
819 1745 976 1796 nonlicet.»
1001 1747 1030 1796 ln
1042 1747 1194 1800 huiusmodi

103 1819 202 1879 italus,
228 1819 361 1884 Hispanos
378 1819 540 1870 versiculum
561 1819 632 1868 hunc
669 1817 894 1882 propositionibus
910 1833 958 1869 nos
970 1821 1151 1872 convertimus
1162 1835 1194 1872 ec

103 1897 250 1960 propterv.
260 1897 378 1942 iactator
386 1891 560 1943 difficiliorem
570 1905 634 1943 con-
669 1893 691 1943 si
709 1893 782 1944 essai
799 1907 834 1942 oa
845 1905 908 1954 non,
927 1893 961 1943 oh
977 1895 1071 1944 nicht.
1090 1894 1129 1946 Gi.
1143 1897 1192 1948 Od.

102 1969 244 2019 verterint.
269 1966 405 2018 Wieiaud:
435 1967 515 2017 Wonn
538 1981 566 2016 to
591 1967 632 2016 ein
668 1967 693 2026 2,
706 1965 731 2026 4,
746 1966 786 2016 ih.
806 1966 887 2017 Pleut.
902 1969 978 2018 liosi.
992 1971 1020 2029 4,
1039 1969 1126 2030 t,tit:
1146 1973 1195 2034 Qut

103 2043 206 2094 hieasch
221 2044 249 2091 iu
265 2043 356 2091 cainan
371 2042 509 2103 Αὸοηοίιι,
535 2043 632 2091 nowh-
668 2042 730 2101 scir,
749 2055 783 2090 aa
800 2041 844 2090 tihi
855 2043 1106 2104 irtucpn'ureoem'ot
1117 2057 1194 2106 mmm

102 2120 165 2169 send
180 2132 235 2179 wo,
254 2118 408 2168 dieNureio
419 2117 538 2179 deriust,
553 2116 632 2166 druch
667 2113 948 2166 mihiilland'i'ursi.
959 2115 1050 2180 ploti.
1064 2117 1192 2169 stillio.-

102 2193 156 2243 alte
171 2193 265 2242 ouem
281 2191 360 2254 idest,
382 2193 435 2240 uad
453 2193 525 2241 Versa
540 2191 629 2253 rttipst.
669 2190 748 2240 uideo
770 2191 813 2239 hic
829 2191 1035 2254 praeierendum
1048 2193 1192 2256 prosecuti,

102 2268 191 2318 Voss:
218 2267 298 2316 Warm
315 2279 365 2326 ar,⁸
382 2266 428 2314 dor
443 2265 529 2326 Haupt
544 2265 571 2313 iu
587 2265 632 2314 der
668 2265 731 2327 quia
746 2265 870 2326 prolicere
880 2267 1002 2326 camum,
1018 2268 1141 2328 prolicere
1157 2281 1192 2330 se,

102 2343 177 2404 hup,
194 2354 248 2390 uuo
260 2341 326 2390 i'cra'
344 2339 497 2402 cassiodorii
510 2339 632 2401 (eunucu
668 2351 738 2402 quse
750 2341 777 2390 in
789 2339 866 2390 bouis
876 2341 1049 2404 scriptoribus
1059 2355 1140 2406 saepe
1150 2356 1194 2393 oc-

102 2417 164 2478 send
174 2413 293 2477 Merkel)
311 2413 455 2464 malchi.
480 2411 629 2463 Chsnlaire:
668 2415 786 2474 curmut,
799 2413 899 2477 ubique
912 2414 1012 2464 hahent
1023 2415 1193 2478 significatio·

104 2491 200 2540 Troade
215 2489 277 2552 pedii
291 2489 340 2550 soit
354 2490 449 2552 ronfler
460 2487 631 2538 resumitur·
668 2499 730 2538 nem
742 2485 881 2537 voluntarii
889 2489 1048 2539 discriminis
1058 2489 1146 2554 deque
1159 2503 1192 2540 eo

102 2566 226 2615 moutarn
240 2565 274 2612 lit
289 2563 353 2624 qu'ii
368 2561 628 2611 murchoouhoaord.
668 2561 806 2622 dicuntur,
826 2562 870 2624 qui
888 2563 987 2612 servari
1005 2565 1050 2611 aut
1068 2561 1194 2612 uolitant

104 2636 240 2701 Gorgullo:
268 2637 365 2697 Costoi,
391 2649 418 2685 se
439 2635 631 2686 masconi-
667 2634 819 2697 desperet·
838 2635 929 2684 Burri.
946 2661 972 2672 -
992 2636 1119 2697 Statim
1130 2636 1191 2700 cet]

103 2714 185 2764 wado
199 2712 279 2771 coti,
298 2711 321 2760 ll
338 2711 525 2774 otoncapoudc
542 2723 588 2758 coa
604 2707 631 2756 lo
668 2709 719 2758 «Et
745 2708 854 2771 quidem
880 2707 937 2759 iulia
959 2709 1076 2760 insaniae
1099 2723 1193 2760 exem-

103 2793 169 2840 tcrtc
189 2787 217 2836 ia
236 2787 295 2835 atto.
330 2787 444 2848 Burgus:
471 2785 549 2844 aquei
564 2795 630 2846 prou
667 2781 742 2847 pium
759 2782 883 2833 omnibus
906 2785 998 2834 notum
1016 2786 1069 2846 est,
1097 2785 1193 2848 Empe-

102 2865 171 2924 toco,
194 2862 317 2911 admiror
331 2861 475 2909 vomituado
491 2859 632 2909 4444404444-
668 2855 751 2908 duciis
762 2857 936 2920 Agrigentini,
954 2857 1077 2921 inquam,
1096 2861 1191 2922 postue

103 2943 140 2988 tes
146 2935 298 2998 poiohrotur
308 2935 386 2983 crdo.
400 2959 429 2970 —
442 2933 523 2994 mut]
537 2931 631 2981 ·turio-
667 2930 830 2996 philosophi,
850 2933 924 2982 cuius
936 2933 1069 2984 interitum
1082 2945 1191 2984 namra

103 3023 152 3063 sus
169 3022 220 3074 per
235 3019 346 3072 compos
363 3009 390 3057 ei
401 3005 482 3057 colles
493 3007 630 3068 vagatur·
668 3007 781 3073 placet·
805 3007 843 3058 Ci.
863 3009 929 3072 Epp.
943 3010 972 3070 4,
990 3009 1033 3070 42,
1051 3010 1092 3060 20,
1121 3012 1193 3060 inter

105 3111 136 3122 -
149 3084 251 3148 auceps]
270 3080 366 3131 Similis
382 3083 469 3131 exstet
485 3081 632 3130 narratiun·
668 3080 841 3146 multiplicem
864 3083 963 3133 lamam
986 3082 1020 3133 de
1037 3081 1104 3135 iilius
1121 3085 1193 3135 exitu

104 3158 165 3210 cula
183 3155 218 3207 dc
229 3155 338 3206 Thalete
349 3154 481 3218 astrologo
493 3154 564 3219 apud
576 3151 632 3203 Pis
668 3157 737 3207 haec
760 3169 867 3221 quoque
887 3156 974 3207 iahula
991 3156 1025 3207 uh
1043 3158 1193 3224 ilippohoio

103 3236 199 3283 ionem
223 3231 249 3280 in
265 3230 411 3279 Theaeteto
432 3241 458 3293 p.
476 3226 531 3278 474.
549 3227 579 3276 A.
606 3229 632 3276 et
668 3233 784 3296 primum
801 3231 896 3282 traditu
914 3234 969 3289 est,
994 3232 1082 3282 addita
1099 3247 1192 3284 narra·

104 3308 181 3370 Diog.
195 3307 281 3354 Laiirt.
296 3305 320 3365 4,
334 3302 375 3355 34.
392 3300 542 3366 -ioapmn1
561 3313 632 3352 «rno-
668 3305 799 3366 tiunouls,
830 3317 910 3355 unam
936 3317 969 3354 ex
995 3307 1052 3356 eius
1077 3309 1191 3371 crepidis

103 3395 156 3445 gua
173 3391 268 3429 voce»
299 3378 338 3428 Ci.
357 3377 434 3428 lium
452 3374 525 3426 iliad.
538 3391 564 3441 γ,
582 3376 629 3426 si:
668 3381 755 3428 nereis
777 3380 803 3427 vi
826 3378 951 3427 iiammas
968 3391 1060 3428 rursus
1078 3379 1191 3431 eiectam

103 3449 221 3524 μακρὸν
237 3443 336 3503 ἄϋσεν.
357 3479 384 3488 -·
402 3453 430 3501 lo
446 3450 518 3514 dum]
535 3448 631 3500 Similis
668 3465 728 3502 esse
741 3453 883 3501 exhetnae
893 3453 1006 3500 cratere.
1020 3452 1093 3514 Diog.
1103 3455 1189 3504 hadri.

104 3527 221 3580 formula
236 3539 317 3591 opem
336 3525 476 3576 invocandi
493 3527 537 3574 est
553 3526 632 3574 Porro
667 3527 697 3586 s,
715 3526 756 3576 titi.
781 3525 903 3576 Timaeus
920 3527 1010 3574 autem
1028 3524 1091 3575 ibid.
1111 3525 1135 3589 5.
1148 3528 1189 3576 ii.

104 3604 224 3667 Quirites.
238 3627 267 3638 —
284 3615 335 3650 uon
351 3601 397 3663 sit,
422 3601 465 3662 put
481 3599 544 3663 cet]
562 3609 631 3648 «non
668 3598 745 3650 claris
761 3599 851 3650 verbis
869 3599 948 3648 tradit
968 3591 1058 3649 αὐτοῦ
1075 3593 1129 3665 τὴν
1145 3612 1191 3650 ts-

103 3679 246 3732 snccurrst
256 3677 434 3739 quisquomi»
461 3673 633 3723 «Coniuncti-
668 3668 770 3738 λευτῆν
787 3667 895 3737 ἄδηλον
912 3668 993 3722 εἶναι.
1013 3672 1066 3722 Cir.
1079 3675 1190 3724 Karsten

103 3767 154 3804 vus
171 3765 222 3816 pro
239 3751 327 3800 loturo
344 3753 387 3800 est
401 3749 530 3813 positus.»
559 3747 631 3796 iiarn
668 3745 845 3810 Empedocles
868 3759 894 3810 p.
913 3746 953 3797 36.
975 3747 1003 3796 et
1022 3745 1063 3797 ii.
1079 3774 1106 3785 -
1125 3749 1192 3798 Deris

104 3829 182 3877 Ture.
194 3826 237 3876 tv.
251 3839 278 3889 p.
290 3823 349 3873 tos.
369 3823 422 3873 Cir.
440 3823 475 3872 ad
492 3824 545 3872 Set.
557 3823 586 3880 2,
600 3824 628 3883 ii,
666 3821 817 3871 motulis
838 3819 938 3884 hebed]
964 3819 1140 3884 Empedocles
1157 3822 1191 3872 de

104 3902 149 3951 iii:
167 3899 313 3950 Nonetioan
323 3897 403 3947 sileat.
417 3921 444 3932 -
458 3895 551 3959 toliere]
563 3897 628 3961 Epp.
667 3909 697 3947 se
710 3907 752 3959 up.
767 3894 888 3945 Philostr.
902 3894 1021 3960 Apollon.
1036 3897 1059 3956 i,
1074 3899 1098 3946 t:
1116 3897 1191 3948 Xat-

105 3976 130 4034 4,
143 3975 244 4034 inst:
268 3971 392 4032 mdder,
411 3972 487 4020 nuta
503 3971 629 4020 chedeno.
667 3971 733 4039 ρκ’,
751 3964 841 4034 epod
855 3963 945 4033 ὔμμιν
962 3963 1045 4032 θεὸς
1061 3964 1192 4040 ἄμβρο-

137 4047 262 4100 tot-tot.
284 4047 400 4108 onisco,
417 4045 527 4109 uocet]
547 4045 632 4104 «Quo-
667 4057 741 4106 τος,
768 4037 865 4093 οὐκέτι
881 4041 997 4108 θνητός.
1021 4067 1049 4080 -·
1075 4043 1190 4108 [tigridas]

106 4121 189 4172 modo
200 4123 269 4181 scis,
288 4134 323 4170 sn
333 4123 519 4183 contraquam
531 4121 559 4168 tu
570 4119 631 4182 opi·
668 4119 772 4169 Festive
789 4117 840 4168 hoo
856 4111 994 4184 ἀντιθέτῳ
1004 4117 1081 4168 verbi
1097 4119 1191 4168 orden·

106 4197 193 4256 uaris,
216 4193 338 4246 consulto
359 4207 389 4245 se
413 4193 588 4258 praecipitem
604 4193 631 4243 iu
667 4191 795 4244 umiiiius
804 4191 942 4244 stultitiam
951 4193 1034 4243 notat.
1051 4191 1190 4252 Quomodo
