2925 4892
241 319 303 383 758
719 311 847 362 nonant

281 471 452 558 Verbaque
475 471 638 556 provisam
660 487 731 533 rern
753 485 818 532 non
840 466 937 532 invita
959 475 1145 552 sequentur.

283 592 346 672 Qui
368 589 494 666 didicit,
518 589 641 675 patriae
663 587 741 676 quid
766 587 885 656 debeat
906 597 938 654 et
959 587 1037 674 quid
1061 587 1191 660 amicis.

282 715 355 792 Quo
377 711 418 778 sit
439 731 551 776 amore
573 729 706 797 parens,
730 729 796 796 quo
820 708 918 774 irater
939 707 1096 776 amandus
1118 717 1150 774 et
1175 707 1310 794 hospes,

286 830 383 912 Quod
404 831 445 897 sit
465 829 655 917 conscripti,
678 829 768 916 qnod
791 827 907 896 iudicis
928 827 1082 904 officium,
1106 849 1192 914 quae

283 955 395 1019 Partes
417 951 450 1016 in
472 949 593 1018 bellam
614 949 703 1016 missi
726 948 835 1026 ducis,
860 948 912 1016 ille
937 949 1080 1036 profecto
1270 947 1330 1014 345

284 1073 434 1142 Reddere
455 1090 615 1158 personae
636 1071 698 1136 soit
719 1070 943 1136 convenientia
965 1072 1094 1158 auique.

308 1252 365 1301 344.
383 1250 564 1312 mammarii.
593 1275 620 1284 -
645 1248 703 1298 348.
722 1249 915 1299 casanata.
942 1275 969 1284 -
997 1249 1161 1310 4444444448.
1188 1276 1214 1284 -
1242 1249 1300 1300 343.

277 1328 344 1388 Quor
358 1325 396 1374 tta
410 1336 480 1372 444444
494 1323 524 1371 Β.
539 1349 566 1357 -
586 1321 643 1372 art.
662 1322 842 1384 (444444--44444
858 1323 914 1373 Sl'd
932 1325 992 1386 (non
1014 1323 1088 1386 libe).
1112 1352 1139 1360 —
1163 1324 1222 1374 346.
1238 1339 1300 1386 per-

276 1413 339 1450 44444
354 1401 382 1448 Β.
404 1425 431 1435 -
449 1397 507 1447 347.
525 1395 653 1458 nepam
668 1409 692 1444 4.
716 1423 744 1431 -
769 1397 825 1446 348.
844 1409 918 1446 veros
934 1411 1003 1448 unus
1021 1398 1185 1458 lloohederi,
1204 1401 1302 1462 Regius

246 1548 369 1620 odgdd’
350 1547 683 1619 aaayuaroxairoaceirai
691 1567 772 1618 φημι
810 1554 859 1612 444;
877 1555 934 1604 4444
952 1553 996 1604 tali
1013 1556 1186 1618 cognitione·
1180 1559 1269 1607 ruanis
1282 1557 1334 1606 aris

247 1631 332 1680 444444
347 1623 428 1698 444444
450 1625 545 1694 λόγων
564 1626 774 1694 εφιεμένφμ-
811 1629 838 1678 et
847 1625 926 1678 4444444
935 1629 1074 1692 scriptor
1087 1630 1251 1693 Porphyrto:
1265 1631 1335 1680 4444-
1443 1665 1444 1688 ,

246 1701 423 1766 Ξενοφῶντα
458 1700 489 1753 dt
522 1696 610 1768 ἔγωγε
642 1695 774 1784 p‘yoripm
811 1703 871 1752 nius
887 1700 1139 1753 Pollioidemdtxit.
1156 1705 1336 1754 nauseante

247 1774 328 1849 eivdpt
338 1771 774 1842 κολιτικῳκαὶμόνοντῶνπα-
810 1779 906 1826 eueniat
922 1777 1017 1839 444444,
1036 1779 1148 1828 4444444444
1165 1781 1335 1840 masmar!-

247 1852 336 1906 laada
353 1847 483 1922 ἐξαρκεῖν
496 1847 656 1910 aaronem,
675 1848 731 1902 4444
743 1850 774 1902 ἐν
811 1850 1012 1910 (14444043,
1025 1852 1070 1912 44,
1085 1851 1147 1902 494;
1171 1857 1274 1902 4444444444
1291 1854 1336 1904 4ο-

248 1926 365 1992 πολέμῳ
381 1941 424 1988 τις
441 1922 622 1994 στρατηγῶν,
646 1922 702 1974 εἴτε
719 1921 774 1976 κό-
809 1927 884 1976 minis
900 1926 1020 1990 4444444444
1036 1939 1068 1976 oc
1083 1928 1201 1976 4444444444
1217 1927 1337 1990 (Antipa-

249 1995 354 2064 taaq’
335 1995 557 2067 αφηγούμενος,
575 1997 663 2049 4444
648 1997 773 2067 ενδήμῳ
810 1999 1212 2063 44484444444444444444444444444,
1228 2007 1267 2063 444,
1280 2015 1336 2052 ouer

249 2075 351 2141 λέγων,
369 2073 425 2126 eise
442 2075 473 2126 ἐν
488 2072 632 2139 deutrum
650 2075 699 2141 ap,
718 2073 775 2126 4444
809 2088 835 2126 44
852 2080 933 2126 ments
952 2089 984 2124 oe
1003 2075 1132 2126 4444444444
1151 2077 1296 2127 4444444444
1310 2079 1337 2126 444

248 2146 571 2237 satisdtsampptpu
555 2089 704 2200 -a’edoa-
712 2145 774 2200 -rai
809 2161 917 2210 44444444,
935 2150 1013 2200 uerba
1022 2156 1226 2212 aquenum·
1213 2153 1337 2202 4444444-

248 2220 288 2290 aqi
309 2219 431 2289 τοιούτῳ
453 2219 641 2292 προσήκοντα
658 2223 690 2273 ἐν
689 2222 774 2310 ¹¹‹tiap
811 2224 860 2274 der
893 2236 955 2274 eum
994 2222 1111 2274 labulam
1145 2225 1334 2289 disposuisset,

249 2301 348 2348 4444444,
373 2298 483 2359 Dionys.
497 2298 611 2361 Longstt
630 2291 701 2350 0st
681 2314 774 2369 ηρωες
811 2298 914 2349 etiamsi
931 2297 1049 2348 nondum
1066 2300 1190 2350 versibus
1204 2299 1333 2350 adornes-
1444 2313 1445 2326 ¹

249 2372 390 2425 44444444-
408 2370 587 2434 Ξενοφῶντα
619 2370 691 2439 λέγω
724 2375 774 2424 aad
811 2377 863 2434 444,
888 2373 996 2424 dicebat
1017 2385 1047 2424 44
1069 2375 1237 2425 lamentam
1260 2387 1336 2425 oom-

248 2442 430 2496 Πλάτωνα·
452 2446 484 2496 ἐκ
516 2443 569 2511 τῆς
601 2442 775 2518 Σωκράτους
812 2447 926 2512 plesse.
913 2451 1009 2498 4,4444
1037 2449 1071 2498 Se
1088 2448 1154 2498 44444
1168 2449 1272 2513 hexam
1287 2463 1335 2498 444

250 2515 333 2584 ὄντες
349 2518 535 2606 παλαίστρας.
566 2521 709 2582 010th
727 2523 773 2583 89,
811 2522 1336 2586 44444444444444444444444444444444444444444

250 2595 291 2648 44
322 2597 454 2654 eumilo,
474 2597 777 2659 ouideSoarotissonte
810 2609 860 2646 4444
886 2597 1009 2646 44444444.Ι
1042 2597 1142 2646 444444
1168 2597 1266 2647 Scitote
1292 2599 1335 2647 444
1445 2623 1446 2628 1

249 2677 380 2722 4444444444
397 2671 500 2720 44444444
514 2683 649 2720 eamr-rere
669 2671 775 2732 44444444,
810 2671 935 2734 sertia.»
923 2671 1097 2720 »Voss-
1125 2672 1256 2733 prootrom
1282 2685 1335 2722 4444

250 2748 358 2810 praeter
374 2743 511 2796 Platonem
528 2747 556 2795 et
569 2745 775 2808 xenophontem
812 2745 875 2808 444]
893 2741 961 2794 «tale
978 2747 1165 2807 argumentum
1188 2759 1251 2796 eam
1272 2759 1335 2797 suo

251 2819 418 2872 Aristotelem
439 2831 546 2883 quoque
569 2821 597 2868 et
619 2820 775 2883 Theophra·
812 2832 891 2872 cassu
907 2822 960 2868 444
972 2819 1201 2883 inventumatque
1212 2825 1335 2872 securata

251 2897 321 2944 stum
339 2895 475 2944 consociat
495 2893 674 2955 Hieronymus
691 2894 774 2957 Epist.
812 2894 973 2959 pensitatum
990 2892 1073 2943 verba
1091 2896 1277 2946 convenientia
1293 2895 1335 2945 ul-

225 2967 292 3018 ’48
311 2967 350 3016 Cl.
368 2967 447 3016 Beier
462 2966 498 3015 ad
515 2967 570 3016 Cio
590 2966 624 3017 de
642 2967 691 3016 044.
709 2968 738 3017 Τ.
754 2969 773 3016 l.
813 2971 854 3020 tro
872 2967 919 3018 tihi
935 2967 1173 3018 subministrabit.-

250 3041 315 3104 p.5
334 3040 417 3090 ltltter
433 3040 469 3088 ad
485 3039 593 3088 4444444
607 3041 679 3090 Podt.
692 3054 719 3104 p.
732 3041 773 3092 84.
845 3043 917 3094 348-
924 3042 981 3092 348.
1001 3045 1050 3104 Qui
1066 3043 1194 3106 semp.
1204 3045 1267 3108 oet]
1285 3047 1334 3095 Par

250 3115 363 3163 Strenue
384 3115 476 3163 autem
496 3113 620 3162 lloratius
644 3114 701 3175 ipse
723 3115 776 3164 hoo
813 3120 897 3168 toturn
915 3115 1331 3182 hl.versntnr1mpnmrscnoa

251 3200 332 3239 suum
360 3185 560 3250 exsequebatur
589 3192 774 3250 praeceptum
812 3187 849 3241 τὰ
865 3177 941 3256 ἢθη,
959 3191 1019 3252 quia
1038 3191 1270 3254 inpossisoenloa
1284 3193 1333 3242 ho-
1422 3219 1428 3236 ·

251 3262 291 3313 04.
304 3263 358 3313 Set.
370 3263 396 3322 8,
409 3261 434 3320 3,
448 3262 490 3310 444
516 3262 642 3322 Quartam
653 3263 777 3323 pertinuit
814 3279 873 3315 rum
885 3264 1280 3324 maximeratiohahendaest;
1294 3267 1332 3316 444

250 3338 345 3400 stipare
359 3337 466 3388 44444444
480 3335 678 3386 4444444444-
698 3337 777 3387 4444-
813 3342 872 3390 44444
894 3343 984 3389 autem
1004 3339 1074 3390 hano
1094 3342 1181 3390 artem
1202 3343 1297 3404 partim
1316 3357 1332 3390 a

251 3415 305 3475 444]
333 3410 479 3470 Choes,
497 3411 527 3471 8,
545 3412 587 3460 84.
606 3413 671 3462 Gen.
690 3425 775 3464 maso.
813 3413 976 3479 philosophis
1010 3406 1117 3477 ἠθικὴν
1146 3415 1330 3473 mauretus.

251 3487 353 3536 44444444
367 3485 432 3536 dixit
448 3485 563 3536 Lucilius
579 3486 651 3550 apud
665 3489 732 3538 Non.
748 3502 774 3552 p.
812 3489 908 3552 partim
924 3489 982 3552 ipse
993 3487 1081 3537 varios
1095 3487 1235 3538 hominum
1247 3502 1332 3540 moras

252 3560 314 3609 ⁴96:
333 3560 376 3609 4444
391 3573 458 3610 4444444
468 3559 592 3610 Socratici
607 3561 708 3611 4444448
726 3564 777 3612 Fe·
812 3565 937 3612 44444444
963 3559 1111 3625 explorans.
1133 3589 1160 3598 ·-
1187 3561 1332 3626 4444444444]

252 3633 319 3681 stiva
330 3647 395 3682 vero
407 3632 565 3696 Algarottius
574 3635 668 3698 8444444
680 3648 706 3699 p.
717 3636 774 3687 ata:
814 3636 986 3695 assumaris»
1005 3649 1037 3684 ex
1049 3635 1160 3685 formula
1173 3642 1261 3698 patras
1275 3651 1332 3687 4444-

253 3705 346 3754 044444
372 3719 444 3768 sepps
467 3709 504 3758 44
523 3709 579 3758 aas
602 3710 667 3758 44444
690 3711 777 3772 (orla
812 3710 906 3771 4444444.
929 3708 1072 3771 Singularis
1089 3710 1332 3774 autemhaosigni-

251 3783 321 3827 carte
330 3781 467 3830 4444444444
482 3781 548 3830 44444
560 3783 655 3844 poesia
672 3811 698 3820 -
716 3785 777 3834 Ver-
814 3783 935 3834 4444444
953 3795 1006 3832 444
1023 3783 1133 3834 tortasse
1151 3783 1204 3833 hoo
1222 3783 1280 3834 looo
1290 3797 1333 3833 re-

251 3852 331 3913 444444
347 3853 410 3916 444]
437 3855 504 3906 «uhi
523 3855 706 3920 philosophiae
723 3871 776 3923 ope
814 3858 922 3921 pan'tur.
938 3883 964 3892 —
984 3857 1100 3921 44444444]
1119 3857 1280 3908 «attribuere
1296 3857 1330 3914 44,

251 3929 358 3992 penitus
375 3930 544 3992 perspexeris
567 3943 612 3980 res
632 3943 776 3996 moresque
814 3931 887 3994 quod
920 3931 944 3980 44
978 3929 1118 3981 debetur.»
1146 3957 1173 3968 -
1210 3933 1332 3995 4444444444

253 4001 400 4062 hominurn,
410 3999 505 4064 quales
514 4005 541 4052 et
550 4004 603 4053 sint
611 4009 639 4054 et
650 4017 711 4056 esse
726 4006 777 4056 de·
813 4007 876 4070 cet]
887 4007 994 4056 Praeter
1003 4003 1197 4070 philosophiam
1207 4005 1330 4058 moralem

253 4073 348 4137 beant,
367 4078 424 4126 turn
442 4075 551 4126 demum
564 4077 638 4126 444444
651 4091 699 4129 444
709 4085 776 4143 poa—
813 4083 893 4131 etiam
912 4081 997 4143 ipsam
1013 4081 1094 4130 444444
1105 4081 1251 4132 humanam
1261 4081 1331 4131 eius-

251 4147 302 4198 tice
319 4150 471 4214 exprimere
488 4151 568 4212 atque
586 4152 682 4202 imitari
697 4157 776 4217 pote-
813 4167 865 4218 que
883 4155 970 4206 varios
987 4166 1065 4206 nasus
1082 4155 1177 4205 intueri
1197 4154 1277 4206 iubet.
1301 4179 1327 4188 -
