2925 4892
537 385 595 437 Lib.
614 387 645 438 ΙΙ.
680 388 747 438 stt.
768 389 787 438 Ι.

155 538 261 606 Flebit
281 548 316 606 ct
335 540 469 627 insignis
492 551 556 606 tota
579 541 760 608 cantabitur
781 543 872 609 urbe.

156 661 294 727 Cervius
316 661 417 726 iratus
438 660 529 747 leges
550 663 714 728 minitatur
735 673 768 728 et
788 683 917 738 urnam,

155 781 292 848 Canidia
313 781 437 856 Albuti,
459 782 579 870 quibus
601 793 652 849 cst
672 783 816 854 inimica.
841 803 1018 862 venenum,

155 901 287 968 Grande
308 901 431 968 maium
451 902 582 980 Turius,
607 904 634 968 si
656 901 737 992 qnid
758 923 795 970 se
819 903 926 971 iudice
949 913 1065 972 certes.

154 1024 211 1097 Ut,
234 1043 303 1110 quo
324 1022 465 1110 quisquc
486 1023 586 1100 valet,
609 1034 780 1111 suspectos
802 1031 934 1102 terrem,
958 1035 1057 1113 utque
1163 1029 1204 1092 50

144 1201 219 1265 apud
240 1199 404 1260 uenditum,
431 1203 462 1250 ut
476 1200 583 1252 volebat
597 1203 761 1265 Rutgersius.
790 1202 930 1265 (cornmorit
953 1204 1060 1255 Horatio
1082 1205 1171 1256 vindi·

143 1278 209 1324 eant
225 1275 306 1324 stiam
322 1277 392 1324 Acro
409 1277 438 1324 et
453 1275 603 1326 Priscianus
624 1276 652 1325 T.
670 1277 691 1324 Ι.
710 1288 737 1339 p.
756 1275 814 1326 484.
834 1278 861 1326 et
880 1277 908 1327 Τ.
926 1278 958 1327 ΙΙ.
977 1291 1004 1342 ρ,
1023 1279 1048 1328 d.
1067 1279 1121 1342 dr.)
1141 1303 1168 1316 -

143 1348 185 1399 ti.
205 1349 311 1397 saraim
328 1349 396 1397 LCF.
426 1348 465 1410 (Ut
480 1361 544 1409 nos,
562 1347 643 1412 bscp,
662 1350 691 1410 t.)
712 1377 739 1385 -
766 1349 807 1400 48.
826 1351 912 1400 soso
929 1352 989 1402 LCt.
1012 1381 1039 1388 -
1058 1351 1099 1404 tt.
1117 1354 1170 1404 Fu·

141 1424 199 1472 rtur
224 1435 259 1471 ex
284 1421 350 1472 cod.
369 1423 432 1485 Reg.
450 1423 510 1472 Soc.
529 1425 557 1472 et
573 1424 683 1485 Cruqnii
700 1424 770 1474 coni.
789 1425 905 1486 noenng
927 1429 1019 1476 contra
1043 1429 1168 1478 metrum.

145 1525 174 1533 -
194 1497 219 1546 si
235 1497 294 1556 quis
310 1498 381 1558 (cum
397 1510 454 1546 var.
472 1495 533 1547 lect.
552 1498 574 1545 si
590 1497 661 1560 quid)
678 1524 693 1534 -
709 1523 723 1534 -
740 1503 816 1548 συνίει
832 1511 848 1546 c
865 1501 891 1548 at
908 1514 938 1559 κ,
960 1500 1171 1562 siquis--ccr-

140 1577 175 1621 tot
191 1571 288 1634 p,1.Ct.
319 1572 359 1632 (nt
375 1584 436 1630 nos,
457 1571 503 1631 bs,
522 1567 577 1636 ξω,
596 1584 636 1635 pr.
650 1587 666 1620 ν
683 1574 710 1621 et
727 1583 836 1632 omnes,
856 1573 885 1622 ut
901 1571 1015 1634 videtur,
1035 1575 1168 1636 Pottien'i.)

108 1700 252 1751 dumtaxat
278 1700 350 1764 apud
374 1704 519 1765 scriptores
543 1716 640 1766 prosae
676 1700 746 1763 own]
759 1701 831 1750 Haeo
841 1702 983 1764 iungenda.
1009 1703 1153 1754 «Hicenim
1163 1703 1204 1754 ΑΙ·

108 1777 241 1826 orationis
251 1778 370 1837 Augusto
386 1777 548 1839 posteriores
560 1790 640 1841 repe-
677 1774 767 1824 butius
777 1787 882 1824 veneno
893 1787 1004 1825 uxorem
1017 1789 1095 1826 suam
1106 1776 1203 1827 dicitur

107 1852 203 1900 riatur.
220 1849 489 1912 -meiiusteritinon
506 1852 640 1915 tonqsrst]
676 1849 1037 1912 peremisse.»Ponrn.Acro
1049 1851 1202 1900 matricum
1235 1849 1238 1856 '

107 1922 235 1974 Fonnuta
252 1923 419 1973 minantium.
451 1925 543 1974 «tt'cds
563 1926 637 1986 darn,
675 1935 811 1973 vencnum
820 1923 1057 1974 miscuissereiert.
1070 1924 1201 1984 Cisatd,

106 1997 387 2047 ‹tems'ctcmatrtt-
405 1998 511 2048 Terent.
524 1997 636 2063 Adelph.
675 1998 700 2056 ἰ,
717 1997 759 2046 67.
791 1995 838 2047 Alii
855 1997 967 2060 iungunt
983 1997 1090 2048 conida
1106 1998 1200 2060 Albuti,

106 2073 136 2131 2,
155 2073 186 2130 4,
206 2071 254 2120 26:
274 2070 415 2120 Amudis
429 2085 481 2120 non
495 2066 640 2128 [misissit
676 2072 706 2119 ut
725 2070 795 2120 desit
816 2073 862 2121 aut
879 2069 962 2120 «fliius
981 2075 1026 2122 uut
1044 2087 1140 2122 «uxor»
1159 2073 1201 2124 vel

105 2146 198 2195 natus
214 2144 255 2192 tte
266 2145 423 2193 comicum:
440 2146 508 2194 Nom
523 2147 545 2194 rt
560 2147 639 2196 muts
676 2145 765 2208 potius
783 2144 947 2205 «moecha»,
966 2144 1025 2195 coil.
1044 2147 1115 2210 virg.
1133 2151 1198 2199 Aen.

105 2227 157 2269 aas
171 2219 263 2282 pernis
279 2231 341 2278 σιω,
362 2219 416 2268 torn
430 2220 499 2269 istro
515 2220 639 2282 abripiere
675 2217 703 2278 3,
722 2217 787 2267 att:
806 2219 918 2268 Hectoris
927 2219 1107 2270 Andromacho.
1132 2225 1198 2272 Aen.

106 2299 184 2354 niquis
207 2292 244 2340 ibi
269 2293 349 2353 Usque
370 2295 406 2341 nd
426 2307 511 2343 axem
526 2295 640 2355 oparim
675 2291 705 2352 6,
724 2291 769 2340 36:
787 2291 912 2353 Dotptoto
928 2293 1026 2342 Glauci.
1062 2293 1200 2346 Aiiideni-

105 2367 173 2418 ἰαῦ.
197 2393 228 2402 -
245 2365 333 2428 netu}
352 2365 498 2425 adolebit»
517 2368 639 2418 Graccis-
674 2377 727 2427 quc
756 2377 818 2414 cum
847 2367 1029 2429 porphyrione
1062 2369 1199 2421 Horatium

106 2454 180 2501 mus,
217 2436 374 2504 οἰμώξεται
401 2439 445 2490 vel
471 2437 635 2492 κλαύσεται.
674 2437 795 2489 consulto
814 2440 958 2501 genitivum
975 2437 1200 2506 didutia’puciio-

105 2513 164 2566 tid.
178 2515 218 2564 ad
234 2516 291 2564 Sat.
304 2515 333 2573 4,
352 2516 396 2576 ii),
414 2516 456 2564 st.
471 2543 499 2552 -
511 2517 638 2582 tiutqso-
673 2509 760 2574 λικῶς
771 2514 891 2576 posuisse
903 2517 1051 2565 autumant.
1064 2543 1091 2553 -·
1102 2517 1199 2582 Turius]

104 2588 268 2652 mansur]
295 2588 435 2640 «omnibus
452 2590 505 2640 iarn
527 2594 637 2655 propter
673 2585 792 2635 iudicem
811 2587 1042 2648 corruptissimum
1058 2591 1200 2652 significari

105 2664 317 2726 perversitatem
339 2665 418 2714 notus
443 2662 634 2714 deridebitur.»
673 2659 796 2721 apertum
815 2663 865 2719 est,
879 2662 905 2707 at
917 2659 1016 2709 docent
1025 2661 1197 2724 scholiastae,

105 2737 225 2795 casim,
237 2730 442 2800 ιιιῦμνεῑσθω,
456 2737 596 2789 «omnibus
604 2740 632 2789 in
673 2731 799 2796 equibus
816 2733 964 2795 Porphyrto
976 2746 1039 2784 sum
1051 2735 1077 2784 0.
1096 2735 1199 2787 Turium

104 2823 151 2862 ora
163 2824 239 2872 esso,
255 2811 410 2873 etquidem
427 2823 490 2861 cum
502 2812 635 2863 infamia.»
668 2810 828 2867 timim·
850 2809 918 2855 A⁰r⁰
937 2805 957 2856 T
954 2807 1040 2856 imvm
1056 2809 1195 2870 uvidum,

136 2884 231 2936 tua.
262 2884 379 2948 comm]
401 2883 593 2949 quadruplatur
608 2889 636 2937 et
674 2881 876 2930 commentator
896 2881 1004 2945 Cruquii
1026 2882 1053 2932 C.
1075 2883 1198 2934 Martium

104 2958 210 3009 nbula,
234 2959 374 3018 «Cervius,
393 2959 498 3009 Ascanii
513 2957 634 3021 libertus,
674 2955 778 3004 Turium
794 2955 921 3005 nominat.
958 2957 1031 3015 Quas
1052 2957 1134 3009 iidem
1152 2959 1198 3010 ad-

3 3052 4 3093 :
103 3034 246 3084 accusavit
257 3033 306 3082 Cn.
321 3033 484 3095 (Domitium)
497 3031 635 3084 Calvinum
673 3030 741 3080 dunt
757 3030 791 3079 de
803 3029 906 3080 mbsilis
919 3032 953 3081 ad
965 3031 1047 3082 fidem
1060 3037 1198 3099 corrupto-

3 3122 4 3135 *
106 3110 170 3172 (cos.
183 3121 212 3156 a.
225 3120 253 3156 u
267 3121 293 3158 e.
306 3107 374 3170 tot.)
386 3105 446 3170 lege
457 3107 492 3156 dc
506 3109 634 3158 sicariis.»
672 3117 733 3154 rum
750 3104 867 3154 iudicum
888 3104 1054 3168 probandam
1072 3107 1196 3158 discolori

3 3180 4 3183 ’
105 3183 191 3232 Con.
216 3182 263 3231 Cn.
293 3182 422 3232 Diversus
446 3183 539 3244 utiquc
563 3195 579 3231 a
605 3184 633 3232 P.
673 3191 735 3228 cara
747 3179 884 3241 insignitis,
898 3178 1012 3230 conficta
1026 3181 1195 3232 vidanturex

105 3256 216 3314 Gavio.
246 3255 279 3304 C.
301 3255 393 3305 Verris
420 3254 524 3318 legato,
553 3268 637 3319 quarn
672 3253 715 3313 iis,
742 3265 811 3316 quaa
834 3251 868 3301 ab
894 3252 1034 3304 Hortensio
1060 3256 1087 3305 in
1113 3269 1195 3306 causa

105 3329 196 3379 laudat
212 3330 269 3378 cto.
286 3329 364 3379 Vei-r,
380 3332 443 3380 Ace.
460 3332 490 3390 5,
508 3329 553 3391 44,
576 3328 633 3380 444.
672 3325 1194 3390 TercntiiVarronis‚iratrisconsobrini,

104 3405 209 3454 &vius
243 3402 330 3454 cado.
361 3404 430 3454 Feao
463 3406 537 3454 essct
572 3405 635 3454 Ser·
672 3413 705 3450 ax
721 3401 782 3450 Asia
806 3401 924 3450 accusati
948 3400 1019 3463 apud
1041 3401 1069 3450 L.
1090 3403 1196 3452 Fortun

105 3480 163 3530 vius
179 3477 245 3528 Pota
262 3480 417 3540 accusator,
442 3479 548 3541 dequo
566 3479 635 3529 Cae-
670 3477 824 3539 praetorem
842 3473 876 3523 da
899 3474 1019 3537 pecuniis
1039 3475 1195 3539 repetundis

105 3551 155 3603 iius
170 3552 209 3602 ad
228 3553 304 3601 Fam.
318 3551 347 3610 8,
366 3552 413 3612 ⁴2,
431 3553 448 3600 2
464 3565 506 3614 sq.
526 3552 581 3602 Cic.
599 3550 635 3601 ad
672 3546 1084 3598 iactatraditPseudoAscouius
1095 3561 1122 3612 p.
1136 3550 1194 3599 toa.

105 3629 136 3687 Q.
153 3629 195 3678 Fr.
212 3628 243 3687 2,
263 3626 311 3685 43,
329 3627 362 3676 2:
392 3627 497 3687 Vereor,
514 3639 546 3676 aa
561 3627 634 3676 tomo
672 3622 715 3672 ed.
734 3623 798 3672 Bait.
821 3648 847 3657 -
867 3621 960 3683 siquid
976 3622 1195 3688 sciodicscertss]

104 3705 167 3750 teter
182 3705 208 3748 et
226 3701 310 3762 sm,
334 3699 396 3749 Poto
411 3701 525 3761 Samia,
547 3701 582 3749 od
592 3713 635 3750 no
671 3696 772 3747 Eadem
788 3696 985 3746 constructione
999 3697 1052 3746 Sat.
1066 3698 1091 3757 2,
1110 3698 1134 3758 a,
1145 3699 1192 3747 27:

104 3775 360 3824 casatimmnuniict.
372 3801 400 3810 -
411 3773 634 3838 taqua-strenam]
669 3772 769 3834 dopna
784 3771 896 3821 mumius
908 3769 1048 3832 foroaircs
1058 3771 1196 3822 condar

105 3847 149 3898 sd.
173 3848 231 3898 ltai.
256 3847 285 3906 9,
309 3849 359 3896 26:
389 3849 536 3897 Mmoenait
556 3849 633 3910 totio,
669 3846 737 3895 cliro.

104 3924 147 3983 qui
162 3927 186 3972 te
202 3921 312 3985 depictis
327 3927 402 3983 utque
417 3935 499 3972 mcc
513 3923 572 3972 diro
582 3923 635 3973 ari·
703 3919 792 3969 50-52.
824 3919 866 3980 Ut,
891 3932 941 3981 quo
958 3919 1021 3982 cet]
1040 3919 1098 3970 «Sic
1120 3917 1195 3970 oolli-

102 4010 181 4057 μαι
199 3997 318 4046 masiti.
363 3997 434 4045 tima
450 3998 493 4047 est
506 4009 555 4046 vas
577 3996 635 4047 sui·
671 3993 759 4057 gendo
785 4007 818 4043 cx
843 3995 1023 4056 argumentis,
1050 4006 1120 4055 quae
1146 3995 1193 4044 tibi

3 4090 4 4093 ¹
105 4069 194 4135 ingiis
205 4071 326 4122 iudicum
342 4071 504 4134 recipiendis
515 4071 634 4122 destina·
671 4080 829 4132 proponam,
843 4065 1194 4134 (conspiravissent)

104 4148 172 4196 tum.
192 4173 220 4182 -
237 4145 356 4209 canidio]
374 4144 632 4208 s.Gratidia.Epod.
671 4143 774 4204 iudica,
801 4141 937 4206 quomodo
963 4142 1021 4203 fiat,
1049 4144 1079 4191 ut
1100 4155 1130 4192 ea
1154 4143 1192 4200 vi,

104 4220 122 4267 d
135 4220 213 4269 etti.
226 4221 281 4270 sat.
296 4221 307 4269 4
320 4257 327 4280 ,
340 4220 366 4268 8.
382 4243 409 4254 -
420 4219 502 4269 Albuti
512 4247 527 4257 -
538 4247 552 4257 -
562 4232 635 4271 usto
671 4228 724 4280 qua
741 4217 854 4280 quisquc
866 4218 981 4268 manime
992 4215 1129 4280 praeditus
1142 4217 1192 4277 est,
