2925 4892
251 378 315 444 22⁰
636 379 767 432 4444444
784 379 966 434 4444444444

294 535 481 603 4444444444
503 535 545 602 ad
566 523 682 602 meiius
703 536 822 624 poterit
842 546 1064 603 transcurrere
1086 535 1266 623 quondam,

294 657 370 724 Sive
392 656 480 724 (44444
502 655 618 723 festum
641 657 772 724 rediens
794 656 960 724 advexerit
981 677 1101 734 annus,

294 781 360 845 Seu
382 797 534 846 recreare
556 779 643 846 volet
663 787 830 845 tenuatum
852 799 988 866 corpus,
1012 779 1135 866 ubique

293 898 457 967 Accedent
478 900 552 965 anni
574 909 607 965 et
627 900 757 966 tractari
780 898 908 966 mollius
930 909 1020 966 aetas
1250 925 1263 944 =
1301 899 1347 963 85

298 1021 465 1088 Imbecilia
486 1019 589 1101 volet;
612 1020 668 1086 tibi
690 1019 847 1108 quidnam
869 1019 1005 1087 accedet
1025 1019 1067 1086 ad
1090 1019 1199 1098 istam,

294 1143 399 1230 Quam
421 1163 504 1231 puer
525 1150 559 1208 et
578 1140 705 1208 validus
726 1141 924 1228 praesumis,
948 1140 1130 1218 mollitiem,
1154 1161 1214 1208 sen

292 1265 381 1330 Dura
401 1263 554 1330 valetudo
579 1262 729 1330 inciderit
749 1281 808 1329 seu
831 1262 923 1329 tarda
945 1263 1120 1330 senectus?

317 1460 359 1512 83.
378 1459 509 1510 44444444
524 1471 661 1523 superam,
681 1459 739 1510 «vei
756 1459 907 1510 adducerit»
925 1459 951 1508 S.
980 1460 1019 1522 tut
1035 1471 1097 1520 444,
1115 1458 1178 1524 bap,
1197 1458 1248 1510 sed
1262 1461 1310 1510 ad-

283 1533 386 1583 444444
400 1533 504 1584 Veneta
521 1531 605 1596 4484.)
619 1560 646 1569 -
664 1533 705 1585 st.
723 1533 795 1584 ubive
805 1531 918 1583 Bentleii
935 1533 1051 1596 suspicio
1062 1534 1171 1597 recepta
1184 1531 1218 1582 ab
1231 1533 1311 1584 44444-

284 1609 380 1659 dorflo.
401 1634 429 1644 -
447 1608 489 1658 85.
507 1612 531 1658 44
547 1621 600 1658 om.
619 1607 673 1672 bcp
691 1610 718 1658 44
734 1607 880 1659 Bendeiani
897 1619 992 1658 omnes
1008 1609 1116 1671 praeter
1132 1609 1310 1670 Reginansem

284 1684 328 1746 (κ).
349 1710 376 1719 -
396 1682 437 1733 86.
456 1683 560 1734 accedat
575 1682 676 1732 Veneta
695 1681 782 1743 4484,
810 1684 933 1732 44444444
948 1681 967 1730 F
984 1681 1072 1730 tacite.
1094 1709 1122 1718 -
1144 1681 1186 1732 st.
1202 1694 1311 1744 praene-

284 1758 333 1808 mit
349 1770 485 1822 supersor.
503 1762 514 1807 t
530 1770 558 1820 4,
573 1758 715 1820 praennm't
729 1755 759 1806 b.

282 1925 373 1976 tta-sn
393 1924 528 1989 qnondam]
541 1927 632 1976 «certo
643 1927 775 1989 tempore,
814 1925 882 1984 4444,
906 1936 976 1987 qnae
993 1923 1021 1972 in
1038 1925 1176 1974 senectute
1194 1936 1243 1974 nes
1263 1937 1346 1974 cem·

250 2013 300 2050 sno
317 2001 466 2063 tempore.»
500 1999 571 2061 virg.
584 2001 650 2050 Aen.
663 2000 692 2060 4,
711 1999 775 2050 ³67:
814 1995 921 2048 medius
946 1995 1097 2060 lautinsque
1120 2009 1215 2048 curare
1242 2011 1346 2062 corpus

252 2075 384 2135 Quondam
400 2073 477 2122 etiam
491 2073 564 2122 444444
579 2074 644 2123 redtt
659 2074 777 2136 teprae-
815 2072 892 2135 cogit.
908 2071 1132 2133 -ttotoatdmm
1149 2074 1205 2132 «tn,
1224 2073 1269 2136 qui
1286 2073 1345 2122 iam

249 2146 339 2198 cordia
357 2147 446 2196 cirtae.
484 2147 582 2197 Statius
605 2144 666 2197 silv.
688 2149 719 2208 4,
738 2150 775 2210 4,
814 2159 863 2212 per
879 2147 1252 2208 vegetaminveututemante
1269 2149 1345 2197 tem-

250 2220 295 2271 tt:
314 2220 352 2271 ,44
368 2221 495 2282 emadan
510 2220 623 2270 44444444
633 2226 657 2270 44
667 2222 778 2283 supplice
813 2233 864 2284 pus
881 2218 999 2270 mollitiei
1020 2223 1046 2270 te
1064 2220 1158 2281 dedis,
1182 2219 1245 2283 quid
1265 2223 1346 2286 past-

249 2295 776 2346 444444--4444444444444444444144
814 2308 846 2344 ea
868 2295 930 2344 hnic
952 2293 1069 2344 adiicere
1092 2295 1208 2358 poteris,
1232 2295 1345 2359 quando

249 2371 339 2420 minus
346 2371 469 2418 accurate
481 2370 702 2433 interpretantur:
717 2368 777 2419 «ali-
813 2371 904 2419 tamen
920 2369 1050 2418 maiorem
1072 2369 1222 2431 requietem
1245 2367 1345 2420 444444-

250 2443 371 2507 444444,
397 2443 559 2494 interdum.»
585 2471 613 2480 -
636 2444 776 2508 adoeaerit]
812 2453 912 2506 resque
930 2441 1005 2492 cibos
1022 2442 1136 2506 vinaque
1158 2444 1279 2506 requiret
1297 2442 1345 2493 vel

249 2517 324 2568 Falsa
344 2517 423 2568 lectio
444 2518 580 2569 4444444444
600 2521 659 2568 4444
681 2521 777 2568 estex
814 2517 927 2567 adverse
953 2515 1077 2567 valetudo
1103 2515 1145 2566 vei
1174 2519 1343 2567 senectust»

249 2594 381 2658 scriptura
399 2593 541 2643 44444444.
573 2619 600 2629 -
630 2593 776 2657 tenuatam]
815 2617 843 2628 -
859 2604 925 2653 puer
941 2596 965 2641 et
980 2591 1086 2655 4444444]
1113 2592 1158 2641 4444
1183 2605 1233 2656 per
1250 2592 1345 2642 chies-

249 2669 297 2719 Est
320 2668 376 2718 iere
400 2670 541 2732 poetamm
569 2681 618 2733 pro
642 2667 777 2732 pedestris
813 2678 889 2717 mum
911 2665 938 2715 in
962 2667 1083 2729 proximo
1099 2679 1181 2716 versu
1198 2679 1346 2730 opponun-

249 2755 288 2792 or.
303 2744 500 2804 «attenuatum,
519 2744 717 2793 extenuatum.»
734 2743 776 2791 Sic
814 2742 857 2789 tur
873 2741 948 2789 Dara
962 2739 1079 2789 ualetudo
1091 2743 1117 2790 et
1131 2741 1209 2790 tarda
1219 2745 1341 2790 44444444.

248 2818 340 2867 nmen
356 2817 437 2867 etiam
448 2817 509 2867 Tac.
522 2818 591 2868 Anu.
605 2817 651 2878 te,
670 2817 714 2866 tid:
740 2829 777 2865 se—
815 2841 844 2852 —
859 2814 1010 2878 praesumta]
1024 2817 1100 2864 «ante
1118 2817 1225 2878 tempus
1242 2816 1340 2876 sumis,

248 2891 298 2940 nite
313 2904 405 2952 corpas
420 2895 445 2940 et
457 2903 541 2952 pamo
550 2892 619 2940 44444
635 2896 773 2941 tenuatam.
813 2884 1054 2960 apoiaptioivacpn.
1092 2889 1135 2938 Sic
1147 2889 1298 2951 mancipare
1315 2892 1346 2940 et

250 2989 278 3000 -
297 2963 399 3026 abique]
427 2966 476 3014 «et
498 2963 573 3013 ubi.»
601 2991 629 3000 -
654 2964 776 3015 44444444
809 2977 971 3028 4444444444
996 2963 1149 3026 eoisrptatnn
1175 2964 1344 3026 homonyma

248 3039 310 3087 4444
326 3043 350 3087 44
365 3037 482 3102 maetam]
500 3040 613 3101 Propter
629 3038 717 3102 ipsum
734 3043 776 3089 to-
813 3039 884 3104 npud
901 3040 1033 3089 Senecam
1050 3038 1084 3088 de
1096 3041 1173 3089 Brev.
1186 3040 1255 3091 vitae
1268 3039 1292 3088 5.
1310 3065 1341 3076 -

248 3112 301 3162 tius
314 3113 461 3162 sententiae
472 3110 681 3174 tranquilliorem
698 3115 776 3163 teno-
812 3115 889 3164 tarda
904 3113 1021 3176 44444444]
1044 3113 1103 3162 Vid.
1124 3113 1158 3163 ad
1181 3115 1234 3164 Sat.
1255 3114 1285 3172 4,
1310 3113 1340 3174 9,

248 3199 308 3235 rem
331 3185 427 3249 copula
451 3186 561 3235 retineri
587 3184 682 3247 debet,
712 3200 776 3237 eum
812 3188 852 3239 32.
872 3189 942 3251 virg.
956 3191 1021 3238 Aen.
1035 3187 1063 3248 9,
1077 3188 1139 3237 eto:
1150 3201 1195 3237 nec
1212 3188 1289 3237 tarda
1300 3201 1344 3236 44-

247 3253 407 3310 aiodvdarov
418 3262 510 3311 nescio
522 3273 604 3324 quam
616 3260 712 3312 44444444
722 3259 777 3312 dar·
811 3269 896 3314 444444
911 3262 1032 3314 1444444444
1042 3261 1109 3312 niret
1119 3263 1199 3312 animi
1209 3267 1344 3325 4444444444

247 3331 355 3401 adepta
372 3338 412 3395 44,
435 3337 466 3385 44
480 3336 517 3385 444
537 3334 639 3398 dicam,
665 3335 775 3386 4444444-
811 3339 932 3402 ciperem

247 3411 347 3462 tionem
364 3410 482 3461 44444444.
511 3412 550 3461 Ex
570 3409 684 3460 naturali
704 3412 775 3461 44444

247 3485 365 3536 decursu
385 3487 476 3536 variae
497 3485 678 3536 desumuntur
693 3487 777 3536 ratio·
844 3486 933 3538 stt-93.
952 3487 1091 3536 4444444444
1103 3485 1165 3550 cet]
1183 3485 1284 3535 Eadem
1297 3484 1343 3534 44-

247 3573 309 3622 444,
328 3573 376 3610 cur
392 3561 586 3624 temperantiae
603 3560 714 3612 studere
728 3560 776 3610 de-
812 3562 863 3611 turi
888 3562 1017 3625 temporis
1043 3573 1122 3622 cura,
1156 3572 1224 3623 qnae
1250 3561 1340 3618 vetet,

247 3633 376 3694 beamus;
405 3636 535 3698 primum,
566 3638 596 3684 nt
620 3649 719 3699 corpus
745 3649 775 3685 re
812 3649 845 3686 ne
870 3636 929 3698 quis
951 3634 1110 3686 adolescens
1133 3633 1222 3686 senilis
1245 3634 1341 3682 aetatis

246 3719 311 3757 vera
328 3719 452 3757 44444444
469 3711 616 3772 possimus,
640 3712 662 3760 si
679 3722 776 3760 44444-
811 3709 903 3761 4444444
920 3711 1080 3774 praecipiat,
1106 3710 1230 3772 antiquos
1250 3709 1343 3758 homi-

247 3780 313 3829 rerit
334 3779 463 3832 sollemne
480 3783 705 3844 anniversarium,
722 3781 775 3833 444
811 3797 859 3836 444
876 3783 1064 3849 permovebat,
1084 3787 1113 3834 ut
1130 3786 1156 3835 in
1174 3782 1240 3832 cibis
1258 3783 1342 3832 etiam

246 3855 271 3904 44
286 3851 424 3904 laboribus
440 3857 575 3906 extenuati
593 3857 690 3915 simus;
703 3870 774 3921 quae
810 3861 899 3910 minus
928 3859 1028 3922 sapidis
1056 3858 1272 3922 acquiescerent,
1304 3869 1342 3906 ne

247 3928 358 3992 quidem
379 3931 463 3993 magis
484 3931 590 3982 44444444
606 3931 697 3983 dicere
709 3947 774 3998 pos·
810 3933 919 3984 deesset
944 3935 970 3983 in
986 3945 1073 3997 penu,
1092 3932 1164 3996 quod
1183 3931 1279 3995 hospiti
1297 3931 1343 3980 in-

247 4014 354 4063 sumus,
367 4014 430 4052 cum
441 4005 523 4055 etiam
533 4005 576 4056 die
588 4005 657 4057 44444
669 4009 775 4071 parcio-
811 4009 965 4072 exspectato
987 4008 1175 4071 apponeretur.
1213 4003 1343 4055 4444444444

245 4089 305 4127 rem
321 4078 423 4128 victum
439 4091 548 4130 servare
565 4079 645 4132 liceat
661 4085 689 4132 et
709 4081 774 4132 scii-
810 4083 835 4132 44.
850 4081 867 4131 l.
881 4084 923 4132 est
940 4082 1013 4146 quod
1024 4079 1088 4131 Galli
1099 4082 1197 4130 vocant
1210 4079 1340 4142 44444444,

247 4151 280 4201 tis
297 4150 376 4214 cibis,
395 4165 448 4203 non
465 4153 634 4216 melioribus,
658 4157 772 4206 reticere
809 4157 925 4207 Britanni
946 4157 1005 4220 4444
1024 4156 1163 4220 4444444444.
1185 4181 1212 4191 --
1234 4153 1344 4203 roratas

245 4225 330 4285 vires3
352 4226 451 4278 deiude
468 4228 612 4281 tramitae
629 4231 775 4281 necessita·
809 4230 950 4294 adventata]
981 4229 1192 4294 «inexspectatus
1215 4239 1246 4277 ea
1272 4226 1341 4276 44444
