2925 4892
263 323 327 390 220
643 321 971 376 noasnrsnrralauu

306 485 351 548 44
371 488 526 548 venerata
549 479 663 555 Cares,
686 478 730 543 ita
751 476 858 544 culmo
880 489 1029 566 surgeret
1048 479 1126 556 altu,

305 601 464 690 Explicuit
484 601 559 666 vino
583 609 768 666 eontractae
789 599 876 666 seria
896 600 1017 668 frontis.
1289 605 1357 670 425

306 725 435 791 Saeviat
457 734 555 811 atque
577 744 679 790 novos
700 731 831 789 moveat
852 724 991 788 Fortuna
1013 721 1186 800 tumultus,

305 846 468 925 Quantum
478 844 554 911 hinc
565 844 755 911 imminuet?
776 844 904 923 Quanto
919 851 975 908 aut
991 863 1053 930 ago
1067 844 1198 930 parcius
1213 857 1268 912 aut
1281 867 1355 924 vos,

305 966 334 1033 Ο
357 966 465 1054 pueri,
488 965 640 1043 nituistis‚
663 975 699 1032 ui
720 963 785 1031 huo
806 984 910 1030 novus
931 963 1037 1032 incola
1057 966 1168 1032 venit?

304 1089 384 1156 Nam
405 1087 558 1176 propriae
579 1085 703 1153 telluris
725 1084 840 1152 herum
862 1095 976 1152 natura
997 1105 1105 1174 neque
1127 1085 1217 1153 illum
1322 1082 1325 1091 '

327 1339 384 1390 424.
411 1340 485 1390 Corsa
500 1339 538 1388 uti
563 1338 604 1388 LC
622 1340 650 1387 44
665 1349 706 1402 pr.
726 1338 743 1387 S
762 1330 925 1408 idmona).
953 1339 1024 1389 04444
1039 1344 1068 1390 ut
1084 1342 1106 1401 4,
1134 1341 1174 1392 itu
1191 1341 1273 1392 444444
1289 1350 1319 1393 ui

292 1415 412 1467 Aldinae.
449 1418 488 1481 (iit
504 1429 565 1476 nos,
583 1415 637 1479 bap
650 1416 677 1465 44
688 1427 757 1464 corr.
771 1415 788 1464 S
801 1427 864 1464 cum
880 1412 1039 1466 Bentleianis
1056 1415 1200 1481 omnibus.)
1214 1443 1243 1455 -
1258 1420 1315 1469 427.

294 1492 403 1556 Quanto]
421 1497 544 1552 44444444
558 1489 587 1539 b.
608 1518 636 1525 -
656 1488 712 1540 428.
730 1489 830 1538 bibistis
840 1490 965 1552 quattuor
976 1490 1091 1540 Pottierii
1103 1503 1225 1556 unusque
1237 1493 1316 1554 Faus,

293 1568 431 1632 novistisp.
444 1593 471 1603 -
482 1567 539 1617 429.
547 1565 669 1628 proprius
677 1562 795 1624 bSc‚LCt
803 1561 981 1614 etBantleius:
990 1566 1095 1628 piupiis
1104 1566 1156 1617 Fll.
1170 1593 1197 1604 -
1208 1580 1279 1618 arian
1288 1569 1315 1618 S.

261 1792 313 1843 bus
330 1791 439 1856 quidem
457 1793 485 1841 et
501 1789 618 1853 Scaliger
634 1787 719 1839 Plauti
741 1799 785 1837 vv.
824 1786 855 1836 i:
874 1787 914 1836 444
929 1791 953 1838 44
966 1789 1086 1839 victorum
1102 1790 1265 1852 coripixinr,
1276 1799 1356 1843 --444

256 1866 348 1930 pondo
357 1865 519 1925 multabitur,
538 1859 787 1928 «poculounoplus
822 1873 943 1923 amanam
964 1867 1065 1922 partam
1085 1863 1146 1913 mibi
1171 1865 1281 1916 4444444444
1303 1871 1356 1918 tua

260 1953 343 2004 quam
361 1938 571 1999 ostentmst»,
590 1937 785 2001 exposuerunt,
822 1935 932 1998 dianitur
953 1937 1036 1999 affori.
1071 1936 1158 2001 itque
1181 1940 1289 1989 omnino
1310 1941 1356 1992 iia

260 2015 353 2064 bontra
399 2011 622 2062 consuetudinem
666 2012 786 2061 Latinam
822 2009 848 2058 h.
870 2007 888 2058 l.
911 2008 983 2060 idem
1006 2011 1049 2061 444
1073 2012 1153 2075 atque
1181 2012 1354 2077 frequentius

259 2086 337 2139 serbi
351 2086 482 2147 multura.)
506 2086 682 2136 Coniecturae
694 2088 785 2135 autem
822 2083 885 2134 illud
902 2085 929 2134 in
945 2085 1145 2148 precationibus
1156 2088 1200 2137 sic.
1219 2088 1267 2139 od.
1281 2092 1306 2150 4,
1321 2089 1352 2152 3,

259 2175 356 2224 mua,
368 2174 447 2223 4444,
463 2160 547 2222 uuila,
564 2160 656 2222 44444,
674 2161 730 2210 Pori
740 2160 786 2208 444
822 2160 849 2208 i:
869 2157 911 2207 Sic
927 2163 950 2210 44
966 2160 1034 2210 Diua
1046 2165 1135 2222 444444
1146 2161 1222 2224 cupri
1234 2163 1286 2213 net.
1306 2164 1354 2214 ln-

259 2238 335 2287 inim
358 2241 415 2285 erat
439 2231 517 2284 κάκ’
543 2232 588 2301 βῳ
613 2239 706 2297 potura
726 2247 785 2284 ma-
821 2232 923 2296 scriptt.
948 2235 1003 2284 Lat.
1026 2237 1055 2286 N.
1077 2235 1160 2286 iiiii:
1188 2237 1227 2286 444
1250 2237 1351 2287 ualeam

258 2312 339 2376 qistro
367 2309 543 2374 (praedicor)
572 2321 659 2373 aequa
684 2307 785 2359 scilicet
820 2304 904 2358 Plaut.
917 2306 974 2358 Aul.
988 2308 1018 2369 2,
1038 2310 1066 2366 4,
1085 2309 1131 2358 ai:
1155 2311 1193 2360 ita
1209 2310 1234 2360 di
1249 2311 1350 2374 sabini.

258 2398 371 2449 sagaces
386 2386 456 2436 sunt.
820 2380 897 2431 llund
913 2382 988 2432 Turn.
1002 2383 1044 2432 lll.
1059 2396 1086 2446 p.
1101 2383 1158 2436 494.
1179 2411 1206 2420 -
1224 2385 1352 2452 manerat]

293 2459 351 2511 424.
370 2460 427 2510 424.
452 2458 489 2510 ,44
508 2457 638 2521 morata]
660 2460 691 2507 ut
710 2457 782 2520 virg.
819 2456 860 2506 Ad
885 2457 937 2506 boo
960 2455 1076 2507 verbum
1102 2457 1186 2519 caros,
1215 2472 1285 2523 quaa
1311 2461 1353 2512 ad

258 2533 607 2595 innumerarumque
623 2531 694 2582 dubit
708 2545 784 2582 4444-
819 2531 989 2594 participium
1012 2537 1133 2582 44444444
1161 2536 1268 2598 propris
1299 2547 1353 2585 an-

256 2616 319 2661 rata
334 2611 467 2669 4444444444,
490 2609 609 2673 passivo,
632 2606 730 2657 eadum
747 2607 784 2658 si·
820 2607 942 2671 cipisnda
950 2609 1001 2665 444,
1009 2609 1189 2671 metonymice
1201 2609 1353 2674 intelligen-

257 2684 425 2750 unificatione
437 2686 519 2748 atque
532 2682 615 2734 Plaut.
628 2682 696 2732 liud.
708 2684 738 2742 b,
756 2682 781 2743 2,
819 2681 867 2744 da,
887 2695 1007 2745 «seges»
1037 2682 1112 2734 Cani.
1131 2685 1185 2734 Sat.
1206 2686 1234 2744 4,
1252 2688 1283 2747 b,
1303 2685 1349 2738 ni.

257 2760 307 2810 6⁴:
337 2760 430 2822 Vsum,
455 2771 562 2809 4444444
586 2762 624 2818 ts,
649 2761 679 2806 44
700 2767 784 2805 sinuat
821 2784 849 2792 -
868 2756 1006 2821 Explicuit]
1025 2757 1115 2818 Od.3,
1134 2759 1180 2820 29,
1199 2757 1248 2810 ti:
1266 2761 1352 2810 llum-

256 2835 532 2884 misoriisnouassisnt.
563 2829 783 2882 Carm.sec.i9:
819 2831 1352 2894 444--444444444044444--8444444-

257 2908 378 2970 &saeuus
391 2921 436 2956 uos
457 2906 533 2956 bobus
550 2910 687 2956 4444444444·
706 2903 781 2967 albis,
818 2909 872 2954 tum
887 2907 1029 2968 anplimtara
1049 2907 1165 2970 frontem.
1187 2931 1215 2944 -·
1239 2913 1351 2959 444444-

256 2979 527 3042 “imponet-ita]
541 2978 618 3039 Quod
629 2979 694 3029 dicit
703 2979 783 3028 Bent-
817 2979 880 3042 4444]
900 2993 1029 3044 «rugosas
1052 2983 1164 3046 propter
1188 2980 1351 3033 sollieitudi-

255 3052 325 3106 lsius
342 3056 370 3104 st
386 3053 568 3114 Heindoriius,
586 3053 624 3102 444
641 3065 715 3112 esse,
738 3055 783 3102 «ut
818 3065 893 3104 nes.»
922 3054 1005 3105 Plani.
1018 3055 1113 3119 Amph.
1132 3055 1200 3107 Prol.
1214 3058 1258 3107 52:
1277 3056 1351 3120 Qiiici

256 3129 312 3180 iam
328 3141 400 3179 nunc
420 3129 504 3192 surgit
524 3126 598 3178 caelo
618 3125 727 3191 pluvio»
746 3127 779 3189 (v.
817 3129 981 3178 4444444444
995 3129 1121 3192 fronimus?
1136 3130 1211 3194 Epid.
1225 3133 1254 3191 b,
1267 3133 1277 3180 4
1290 3169 1297 3192 ,
1310 3130 1346 3182 3:

256 3203 339 3266 449),
370 3204 459 3254 minus
487 3201 638 3266 appositum
665 3200 779 3251 videtur.
819 3203 885 3265 Quid
900 3203 1017 3266 44444444,
1036 3205 1350 3269 quotliiiicnpsrutirnm

254 3278 351 3330 uirum
389 3279 470 3328 stiam
509 3277 561 3327 hoc
597 3278 782 3326 commentum
817 3279 989 3328 sanctitudine.
1018 3279 1133 3330 Naevius
1149 3281 1176 3329 in
1192 3278 1271 3330 Dolo:
1299 3293 1375 3330 cam

254 3351 782 3404 semeteriansbacsnsisz«rsnentma·
813 3357 907 3413 perata
921 3352 1012 3415 44444.

254 3428 334 3479 nibus
345 3429 403 3478 sive
418 3429 526 3492 putaras
537 3427 594 3477 siva
610 3425 706 3492 pocula
723 3427 781 3478 his-
851 3426 972 3477 424-429.
989 3425 1054 3490 binc]
1074 3423 1124 3477 «ax'
1135 3427 1166 3478 iis
1181 3426 1344 3491 commodis,

253 3515 308 3566 que
324 3502 403 3554 altius
419 3500 531 3554 sublatis
543 3502 595 3564 (hic
606 3503 678 3552 enim
689 3503 780 3565 gestus
817 3499 915 3564 quibus
933 3513 1004 3552 nunc
1020 3505 1049 3552 ut
1066 3507 1145 3552 antea
1161 3500 1299 3552 fruimur.»
1311 3529 1343 3540 -

253 3580 345 3628 ments
360 3577 440 3628 nobis
464 3576 605 3640 fingendus
630 3576 679 3641 est)
703 3578 782 3628 orant
816 3575 836 3624 0
849 3575 934 3639 pum]
951 3577 1040 3626 «Pueri
1056 3578 1102 3626 aut
1118 3575 1164 3626 lilii
1180 3578 1226 3627 aut
1241 3577 1344 3626 sarri.-

253 3650 348 3712 deam,
366 3653 397 3701 ui
412 3653 462 3712 444,
480 3650 509 3701 id
525 3653 580 3710 444,
599 3653 626 3702 in
642 3652 713 3701 hanc
724 3649 781 3701 alti·
815 3653 878 3700 Aca.
891 3651 929 3701 'l'u
939 3651 1113 3714 interpretare
1126 3650 1161 3700 de
1172 3649 1239 3701 liliis.
1256 3675 1284 3686 -
1298 3649 1346 3699 si-

253 3724 374 3774 tudinum
402 3737 526 3776 crescens
553 3724 645 3775 iubeat
675 3724 779 3776 culmos
815 3725 908 3788 inistis]
936 3727 1063 3790 apinguas
1080 3739 1113 3776 44
1129 3723 1208 3777 validi
1228 3723 1343 3776 linistis.»

252 3797 281 3847 in
297 3797 394 3860 agris.»
426 3799 512 3848 Immo
536 3800 630 3849 votum
652 3801 780 3850 conviva-
815 3800 1022 3865 Opponiturboe
1033 3799 1162 3865 squaloru
1173 3798 1264 3865 putide
1275 3812 1346 3850 non-

251 3882 314 3922 num
326 3874 384 3921 erat
395 3884 457 3921 cum
467 3870 638 3924 libationibus
650 3875 778 3926 Cererem
815 3873 878 3925 nulii
890 3873 1087 3926 substituerunt
1100 3875 1209 3936 bibistis,
1221 3871 1346 3936 4444414-

252 3943 436 3996 adorantium:
449 3946 599 4011 «444444944
609 3947 777 3999 bitumino.»
815 3951 859 4000 cai
875 3949 1079 4014 commflcruq.
1104 3946 1343 4000 «bens-vixistis.»

251 4018 365 4071 Plancus
382 4019 417 4070 ud
428 4020 483 4071 Cic.
497 4021 569 4070 Fam.
583 4021 627 4083 40,
645 4023 675 4085 9,
693 4025 722 4075 2ε
740 4023 779 4074 ita
814 4019 1345 4090 Epp.i‚l‚ib:liepinauomoinitidum

251 4093 285 4145 44
300 4094 618 4146 maimuibmnuiisros
629 4096 734 4159 4444444
744 4097 778 4148 ii·
814 4096 976 4148 barsemia
986 4097 1123 4147 4444444444.
1147 4091 1260 4146 CiPlin.
1271 4093 1341 4159 Epp.

251 4167 364 4220 44444444
381 4167 462 4220 Piens
474 4169 528 4220 cic.
538 4168 574 4220 ad
585 4170 657 4221 Fam.
672 4171 716 4233 44,
730 4171 774 4232 42,
812 4169 918 4234 uiua.
929 4166 1343 4237 (Diogenssnonnuiiiuquieum
