2925 4892
530 309 588 359 tiit.
608 310 627 360 Ι.
662 310 729 361 SAT.
749 311 790 361 iv.
1167 310 1207 373 79

156 464 218 545 Qui
241 464 373 551 nequit:
397 463 448 530 hic
464 464 556 550 niger
570 475 634 541 est,
658 464 807 539 huncio,
832 468 987 541 Rornanc,
1012 476 1134 533 caveto.
1164 468 1205 530 85

156 587 263 673 Saepe
286 584 390 651 tribus
412 584 503 651 lectis
524 584 637 652 videas
659 605 799 653 coenare
821 596 1012 673 quaternos,

156 708 179 773 E
201 706 325 794 quibus
348 727 432 772 unus
454 717 541 773 amet
561 708 677 794 quavis
699 706 899 794 adspergere
922 719 1055 775 cunctos

154 830 289 895 Praeter
300 848 385 902 eum,
404 827 460 915 qui
474 826 610 914 praebet
620 848 753 915 aquam;
770 838 843 914 post
854 826 940 895 hunc
953 848 1085 917 quoque
1099 839 1201 917 potue,

154 948 292 1016 Condita
313 969 388 1015 cum
409 968 509 1014 verax
531 948 635 1035 aperit
656 948 849 1036 praecordia
869 950 975 1017 Liber.

154 1070 212 1137 llic
235 1069 293 1136 tihi
315 1069 417 1136 comis
440 1080 473 1137 et
493 1068 639 1136 urbanus
659 1067 808 1157 liberque
830 1069 975 1147 videtur,
1161 1072 1204 1135 90

154 1192 273 1259 lnlesto
296 1191 405 1278 nigris.
450 1192 532 1279 Ego,
557 1190 584 1257 sl
607 1190 678 1268 risi,
702 1188 792 1278 quod
815 1190 942 1278 ineptus

152 1311 354 1378 Pastillos
375 1311 558 1379 Rufillus
579 1311 680 1386 olet,
704 1312 941 1399 Gorgonius
963 1312 1135 1390 hircum,

171 1492 213 1541 st.
233 1493 333 1540 imese
352 1490 437 1541 codd.
457 1490 547 1553 (ctiam
563 1490 679 1540 Pottierii
697 1490 790 1553 trihus)
809 1492 836 1540 F.
865 1518 885 1527 -
909 1496 975 1541 umet
993 1504 1055 1543 cum
1076 1496 1167 1544 vetere

141 1564 280 1616 Blandinio
298 1564 446 1616 Bentleius:
473 1570 530 1615 avet
550 1564 640 1629 bScdp
663 1568 691 1615 et
706 1578 813 1625 omnes,
840 1566 869 1616 ut
890 1565 1010 1627 videtur,
1039 1569 1166 1629 Pottierii,

140 1642 203 1690 item
221 1641 332 1690 icum
358 1667 385 1676 -
413 1640 454 1690 88.
474 1639 647 1701 quiprcetet,
674 1652 745 1700 aquo
768 1639 962 1702 Pantagathus,
990 1642 1117 1691 Muretus.
1139 1668 1167 1677 -

140 1716 178 1764 ⁹2.
198 1714 348 1778 Gorgonius
364 1713 501 1778 cupient
518 1714 579 1776 (non
595 1711 698 1777 ιδῃ).

109 1864 253 1914 verissime
275 1860 424 1912 Bentleius:
453 1861 536 1921 uouid
561 1864 633 1922 tum,
672 1860 792 1912 rabioso:
819 1862 1199 1925 circuntspcctcnslacctillac,

107 1939 208 1987 enea
237 1938 407 2000 aspergeret
434 1936 512 1988 liudo
538 1948 633 1999 reapse
671 1938 788 1999 equora
807 1938 929 1999 reperiet,
955 1938 996 1987 cat
1019 1938 1115 2000 dissid
1138 1941 1201 1989 moti

107 2024 155 2060 non
170 2012 316 2075 aspergat,
340 2009 476 2070 ululent,
498 2024 545 2059 cur
559 2011 636 2059 cornis
671 2010 788 2073 [αιιοιὸιιι
815 2012 919 2075 amare,
949 2024 1021 2075 quon
1050 2026 1094 2062 ors
1120 2014 1200 2063 attiu-

107 2084 374 2146 emmaum
383 2085 509 2134 υἰιιοιιιιιν.
531 2086 634 2144 Quanto
671 2097 743 2147 aero,
768 2085 880 2135 tectiore
899 2086 1024 2145 imecarc,
1048 2087 1135 2151 tineam
1154 2090 1200 2137 ao

107 2160 188 2210 mame
215 2160 245 2208 ct
270 2158 479 2220 significantius,
510 2158 583 2221 quod
607 2159 633 2207 in
671 2172 787 2221 speram
799 2160 886 2221 poset.
922 2162 976 2211 Cic.
990 2160 1024 2210 ad
1038 2162 1109 2211 Fam.
1123 2162 1152 2221 6,
1171 2162 1196 2222 6,

106 2238 191 2284 retere
205 2231 350 2283 Blandiuio
362 2233 456 2289 exstat,
473 2237 540 2282 aaut
551 2245 636 2294 ωρον-
671 2231 700 2283 9:
718 2234 761 2282 Εω
777 2234 862 2283 wesin
877 2235 980 2297 secuse
996 2235 1145 2283 coacturum
1156 2236 1198 2285 lo-

106 2307 176 2371 m?
192 2308 225 2357 id
242 2309 302 2365 est,
320 2306 412 2366 aocet,
431 2318 482 2369 pro
499 2318 552 2369 quo
570 2303 634 2355 illud
671 2306 758 2370 tellioit
775 2307 860 2357 laudes
876 2320 948 2368 ιιιιιι,
966 2322 979 2357 s
996 2322 1045 2371 quo
1061 2309 1093 2358 stt
1110 2309 1195 2359 esser

108 2390 157 2433 uret
172 2382 338 2443 languidum
355 2378 433 2443 plane
445 2383 473 2429 et
483 2378 571 2430 debile
582 2382 633 2431 est.
671 2382 811 2443 ιιᾶῳσνιιιι.
846 2384 927 2431 Tacit.
946 2382 1011 2433 illst.
1032 2384 1061 2443 4,
1079 2382 1126 2435 iit:
1147 2396 1198 2432 ser-

107 2456 168 2516 Quid
184 2454 265 2519 quod
284 2455 342 2517 ipsa
360 2454 522 2503 constructio
543 2456 635 2517 requi·
672 2456 716 2504 viti
727 2456 841 2519 -probro
852 2470 979 2519 sospem
989 2462 1032 2507 est.
1057 2454 1140 2507 Plaut.
1154 2458 1199 2507 Ci-

107 2532 136 2580 rit
154 2529 275 2581 modum
302 2527 509 2577 subiunctivum.
547 2528 635 2577 Videas
672 2529 766 2580 stelit
778 2568 784 2590 ‚
804 2532 833 2589 4,
853 2530 894 2581 36,
914 2530 947 2581 de
960 2532 1086 2581 matronis
1104 2532 1200 2581 inme-

106 2609 249 2667 quaternos
267 2615 398 2662 coeam,
418 2616 433 2652 e
450 2600 547 2665 quibus
563 2614 634 2653 unus
670 2605 783 2653 retrices
799 2602 948 2653 dicacibus:
974 2606 1046 2654 ctam
1061 2606 1083 2654 si
1099 2606 1199 2655 occasio

105 2684 192 2729 net.»
231 2677 333 2727 (ὶοιιιι-ιι
345 2677 462 2726 Diintzer
472 2688 566 2727 rursus
576 2679 635 2727 tuc-
669 2692 778 2740 mquam
794 2683 841 2739 est,
859 2678 958 2739 Aquam
967 2678 1200 2741 frioldomsubdole

106 2758 236 2803 mmet:
266 2764 310 2801 «ct
331 2751 635 2814 bnelclnettlcsclfttas
670 2753 825 2815 rumosam.
869 2752 911 2801 Sic
938 2754 980 2801 Gr.
1010 2748 1125 2801 πλύνειν
1150 2764 1199 2815 pro

76 2826 79 2831 '
107 2828 255 2891 Verlaaqen.
293 2826 346 2874 Sat.
365 2825 393 2883 4,
417 2827 444 2884 4,
463 2824 503 2875 si.
528 2826 632 2875 Lucret.
671 2824 822 2897 λοιδορεῖν.
848 2852 875 2861 -
899 2826 942 2887 qul
963 2825 1068 2887 praebet
1093 2826 1197 2890 uquam]

105 2902 130 2962 3,
148 2902 244 2951 soso.»
281 2901 351 2948 Sane
368 2899 466 2949 mirum
484 2901 537 2959 est,
556 2898 633 2949 totin
672 2903 765 2953 festiva
790 2900 975 2950 extenuatione
1001 2913 1050 2964 pro
1072 2901 1199 2951 conviva-

104 2975 185 3025 ssodd,
206 2974 298 3023 rarius
314 2972 430 3022 verbnm
446 2970 547 3036 volgari
567 2971 634 3022 sub·
672 2979 742 3037 tore,
762 2975 912 3039 quasivero
922 2972 984 3024 nihil
997 2972 1068 3024 aliud
1084 2974 1199 3039 ispree-

103 3052 224 3100 stitutum
250 3060 330 3106 esse;
359 3046 484 3096 videlicet
507 3048 560 3097 lioc
584 3045 634 3097 illis
672 3048 750 3099 beret
767 3049 815 3099 nisl
833 3060 931 3111 aquam
949 3049 1046 3112 partim
1061 3048 1096 3099 ad
1113 3048 1198 3112 pedes

104 3123 281 3174 tribuendum
299 3124 352 3182 est,
371 3122 416 3184 qui
428 3122 498 3172 hanc
509 3135 534 3171 v.
545 3134 636 3170 umaro
670 3121 799 3173 lavandos
819 3121 913 3185 (Plaul.
936 3124 1008 3173 Pers.
1030 3123 1060 3183 t,
1090 3124 1119 3182 2,
1148 3121 1196 3171 ti:

103 3199 328 3263 significationem
340 3208 435 3261 pamm
447 3196 569 3247 nossent:
588 3207 635 3244 ve-
671 3198 744 3247 Fertc
764 3208 858 3257 squam
875 3196 986 3258 ροάιὺιιι.
1021 3195 1132 3246 Praebeo
1154 3200 1196 3255 tu,

104 3286 160 3323 rum
176 3275 257 3337 quis,
276 3282 394 3333 quaeso,
412 3267 528 3333 probare
545 3269 634 3332 potest
666 3268 785 3335 wel),
804 3272 940 3334 pertimet
957 3268 1078 3333 frigidam
1091 3272 1118 3319 et
1130 3267 1198 3319 cali-

104 3347 325 3398 consecutionem
343 3344 420 3394 istam
436 3342 579 3394 modorum
593 3344 634 3391 ct-
671 3346 734 3396 dam
746 3343 780 3395 ad
797 3343 955 3394 bibendum.
992 3342 1129 3403 Satist,
1148 3342 1194 3392 68:

104 3421 285 3470 usaz--aoet
307 3431 358 3482 pro
379 3418 567 3468 utdcs--avet
590 3415 633 3466 vsl
669 3434 714 3469 uec
732 3419 770 3469 sic
790 3423 819 3468 ut
838 3418 945 3479 seraptem
966 3418 1076 3465 Naeuiae
1096 3420 1199 3465 unctam

103 3492 634 3556 vum--avoau-quwulnonqua-
670 3494 784 3544 convivis
799 3490 926 3555 praebebit
943 3502 1045 3551 aquom.
1075 3516 1103 3525 -
1127 3483 1197 3551 post]

101 3570 138 3617 sis
158 3582 244 3631 aqua,
272 3568 303 3616 ut
325 3564 382 3615 volt
405 3566 470 3626 Fen,
496 3565 546 3616 sed
572 3567 630 3615 cst:
670 3569 805 3631 «postea»
818 3561 1196 3627 -ucruc--leerJTheocn

105 3644 222 3706 uquaris
254 3642 373 3701 relicus,
406 3639 488 3690 modo
519 3638 631 3701 festiae,
669 3642 715 3701 ic,
735 3642 765 3689 t:
783 3634 883 3702 Olvog,
901 3628 926 3686 ul
943 3636 1010 3700 φίλε
1027 3640 1094 3697 παῖ,
1124 3633 1199 3703 λέγε-

104 3716 184 3766 modo
206 3712 362 3781 petulanter
378 3726 411 3763 ac
426 3712 562 3773 rustice;»
588 3726 630 3777 pr.
668 3728 716 3764 τω
731 3715 781 3766 not
800 3708 921 3765 ἁλάθεα.
960 3711 998 3763 Cl.
1017 3712 1127 3775 Diogen.
1146 3713 1198 3762 Pa·

104 3791 180 3839 saci
203 3790 366 3854 jectictor
392 3788 542 3850 licitatio
569 3788 630 3837 lin.
670 3800 755 3838 roem.
774 3788 805 3849 i,
823 3786 865 3837 28.

105 3863 198 3915 Catuli.
218 3863 268 3925 444,
287 3864 318 3914 6:
345 3861 476 3926 Quidvis?
500 3861 634 3922 quanter
702 3860 824 3911 tit-toi.
859 3860 936 3921 liber]
964 3852 1193 3928 παῤῥησιαστής.

104 3950 155 3987 ase
169 3944 245 3987 notas
265 3936 355 3999 epm?
379 3936 425 3997 76,
444 3934 489 3986 tt:
515 3936 561 3985 loe
581 3948 634 3998 qua
670 3934 746 3985 Coni.
766 3948 790 3984 v.
811 3934 867 3985 tar.
889 3932 1118 3997 detestantem]
1135 3934 1196 3995 «qui

104 4011 170 4063 istst
192 4013 297 4076 emens.
318 4040 345 4048 -
364 4009 523 4074 moero]
541 4008 633 4060 «salsis
671 4008 737 4059 dicis
753 4011 780 4059 te
796 4008 885 4059 odisse
903 4007 1048 4058 malitiosos
1057 4009 1137 4069 atque
1150 4007 1198 4055 im·

104 4084 184 4136 dictis
200 4098 314 4150 carpere
326 4088 354 4135 et
364 4083 515 4135 vellicare.»
537 4083 631 4147 script.
670 4081 799 4147 probos.»
826 4110 852 4119 -
880 4081 1010 4143 Pastillos]
1034 4080 1136 4130 Versus
1152 4092 1197 4128 re·

105 4158 140 4208 ad
162 4160 226 4209 tier.
247 4159 276 4220 4,
302 4158 349 4219 is,
376 4159 417 4207 6².
441 4156 475 4207 de
500 4154 633 4209 maledico
670 4157 768 4220 petitus
797 4169 829 4205 er
861 4156 914 4205 Sat.
943 4158 972 4218 4,
1001 4157 1032 4215 2,
1062 4155 1103 4204 at.
1135 4155 1196 4203 unte
