2925 4892
523 317 583 368 Ltu.
603 319 621 367 Ι.
656 318 754 370 uulsi.
774 319 804 368 ll.
901 277 908 290 ·

487 883 754 946 mnu
772 885 831 946 Π.

159 1043 286 1110 Troiani
308 1041 384 1110 belli
407 1043 614 1130 scriptorem,
638 1044 776 1110 maxime
797 1043 891 1120 Lolli,

148 1281 178 1329 ιι.
205 1277 319 1340 Lollius,
341 1277 376 1328 ad
397 1291 480 1342 quem
497 1279 565 1330 baec
580 1279 644 1344 Epi-
681 1279 830 1343 quemlibet
840 1277 1054 1343 adolescentem,
1069 1282 1115 1345 qui
1126 1281 1205 1346 plene

117 1351 181 1403 stola
198 1353 263 1403 data
281 1355 335 1414 est,
353 1351 422 1404 tilius
434 1355 499 1404 natu
511 1355 643 1406 meximus
680 1353 786 1404 abiecto
802 1355 892 1406 animo
909 1357 1025 1416 nonsit,
1044 1357 1161 1408 excitare
1178 1360 1206 1408 et

117 1429 148 1478 ll.
162 1426 237 1478 Lollii
250 1440 306 1478 cos.
320 1441 344 1477 a.
357 1441 384 1477 u.
398 1441 422 1478 c.
433 1427 491 1478 7³³.
507 1428 550 1490 (ad
561 1442 643 1492 quem
680 1427 715 1478 ad
731 1429 832 1492 optima
849 1441 973 1494 quaeque
989 1430 1139 1482 accendere
1155 1431 1206 1483 de-

117 1502 240 1552 llorutins
263 1501 487 1566 scrupulosi,
511 1503 546 1566 9.)
566 1503 644 1553 νιιιο-
680 1502 770 1554 beent.
799 1505 876 1554 Zsuu.
905 1504 1032 1556 Ceterum
1053 1509 1096 1557 est
1113 1506 1204 1558 ecbola

117 1579 157 1624 tur
174 1575 269 1626 fuisse.
303 1575 373 1636 (sine
395 1579 469 1627 certa
486 1578 642 1628 auctoritate
679 1578 766 1628 Stoica
792 1591 826 1628 ex
850 1579 1068 1644 interpretatione
1096 1582 1205 1632 Homeri

115 1653 140 1700 et
155 1651 227 1716 patri
245 1652 274 1700 et
289 1649 342 1700 lilio
359 1649 476 1702 Palilrani
493 1665 642 1715 cognomen
679 1651 786 1713 morali,
800 1666 882 1716 quem
893 1655 1063 1717 praeiverant
1072 1655 1206 1706 Antisthe-

115 1723 235 1774 tribuere
252 1721 351 1776 solent:
380 1726 430 1776 sed
447 1739 510 1778 cum
527 1727 642 1780 considis
679 1739 742 1788 nes,
768 1729 854 1788 zeno,
880 1729 1021 1778 Persaeus.
1054 1728 1121 1778 vide
1141 1729 1206 1780 Dio-

115 1801 200 1863 ueptis
212 1810 313 1850 nomen
328 1799 454 1852 habuerit
468 1799 564 1852 Lolliae
578 1803 644 1853 Pau·
679 1813 743 1852 uem
760 1801 899 1863 chrysost.
918 1801 989 1852 Orat.
1001 1801 1043 1853 53.
1062 1805 1090 1852 et
1105 1803 1146 1852 bo.
1166 1803 1206 1854 λο

114 1871 195 1934 linae,
221 1875 250 1923 et
272 1875 306 1925 ll.
325 1873 421 1926 Lollius
440 1874 564 1928 Paulinus
585 1889 639 1926 coe.
678 1887 812 1938 perquam
828 1873 920 1926 siurbis
937 1877 980 1926 est
1002 1877 1108 1927 lleximi
1133 1877 1205 1939 Tyrii

114 1945 192 1998 inerit
210 1960 236 1998 e.
255 1961 284 1996 u.
301 1960 326 1997 c.
344 1947 414 2009 8lb.,
438 1947 506 2000 illius
529 1951 641 2002 fortusse
678 1949 748 2000 Dies.
761 1947 803 1998 32.
816 1947 898 1999 veluti
913 1963 941 2013 p.
955 1949 1013 2000 ⁴26.
1025 1951 1071 2000 lt:
1095 1942 1205 2000 Atisim

114 2033 269 2086 pronepos,
302 2021 434 2074 Obbariue
462 2023 514 2074 boc
542 2023 641 2076 Paulini
679 2024 832 2087 renelmus
860 2017 938 2089 αὐτῷ
964 2021 996 2074 ἐν
1020 2028 1082 2087 τοις
1106 2020 1205 2092 λόγοις

115 2109 267 2159 cognomen
280 2095 487 2160 praeterendum
499 2099 640 2161 ratusest.)
677 2093 829 2186 μειράκιον
856 2093 1030 2148 Θετταλικὸν
1054 2098 1104 2150 και
1129 2093 1204 2170 ἀνὴρ

114 2168 209 2221 Lollius
236 2169 319 2220 nobili
344 2170 403 2223 loco
428 2173 523 2233 ustus,
551 2173 639 2234 dives,
676 2168 844 2235 βασιλικός,
860 2167 1026 2264 Ἀχιλλιος·
1017 2174 1069 2224 καί
1083 2167 1202 2240 Ἀγαμέ-

114 2245 218 2296 inrenis
241 2257 390 2308 generosae
412 2245 508 2298 indolis
533 2250 560 2297 et
585 2245 642 2298 ele·
677 2262 768 2312 μνων·
786 2242 803 2298 ὁ
819 2244 908 2313 μιν“
892 2248 937 2298 va·
954 2242 1044 2318 ὀργῆς
1060 2250 1101 2311 εἰς
1118 2241 1176 2320 οβρ
1176 2265 1204 2300 ιν

114 2320 224 2383 gentis·
216 2319 315 2382 ingenii
337 2321 406 2382 eret,
433 2323 563 2384 quantum
580 2323 641 2384 qui·
675 2315 1130 2406 προφιρόμινοςὸἏγαμέμνων,
1144 2266 1205 2374 dodi

114 2394 176 2444 dem
193 2407 229 2444 ex
246 2394 298 2444 bac
315 2393 430 2482 Epistola
447 2397 475 2445 et
490 2395 568 2446 butus
581 2394 641 2446 libri
675 2388 1070 2484 Ἀχιλλιιίςπροιιηλακιοιιεις
1080 2395 1202 2464 μηνιῶν·

115 2469 194 2534 Epist.
216 2469 258 2520 48.
278 2469 412 2520 οοιιιιοοιο
434 2468 556 2520 licet«
535 2471 641 2534 (ιΕφιι-
678 2466 902 2532 ιλιιόνιςκαιιῶν
903 2466 1205 2536 ,νιότητοςιιαιέξοο-

114 2543 175 2594 dem
186 2546 332 2607 utramque
344 2542 487 2606 Epistulam
500 2545 533 2609 (ι.
547 2547 575 2595 et
589 2545 629 2596 48.
632 2545 640 2608 i
678 2545 754 2606 σίας.
764 2538 836 2595 Ἀντι
824 2544 886 2605 soeg
896 2559 942 2594 τοι
953 2541 1121 2614 ἑκατέρῳ
1090 2561 1143 2597 τον
1152 2547 1205 2599 Νέ-

114 2621 199 2669 aetate
226 2631 281 2668 uon
308 2615 423 2668 multum
450 2618 548 2670 distare
575 2632 641 2670 cen·
677 2633 782 2688 σιορα,
801 2613 925 2668 παλαιὸν
942 2616 981 2684 τῷ
997 2617 1110 2688 χρόνῳ,
1130 2615 1205 2686 ἀγο-

16 2721 17 2724 =
115 2705 186 2743 seo.
216 2693 327 2743 ιἰιιιιι.
346 2691 424 2752 Quod
440 2693 463 2743 si
479 2706 575 2744 verum
588 2695 638 2756 est,
677 2688 734 2742 ιιὸν
749 2696 883 2780 φρονεῖν,
901 2689 996 2742 δεινὸν
1012 2695 1111 2744 elireto
1135 2694 1202 2748 ibid.

16 2809 18 2852 l
115 2769 186 2818 certe
213 2769 276 2817 onte
305 2779 330 2816 a.
355 2766 412 2818 734.
433 2769 531 2832 scripta
557 2771 637 2820 esset.
676 2780 704 2832 p.
719 2767 779 2817 teo:
803 2761 898 2852 Αιιτόν
914 2781 947 2832 γι
962 2762 1023 2832 μὴν
1040 2763 1092 2818 τὸν
1105 2760 1204 2820 Odeu-

116 2842 316 2892 liircbneruset
332 2840 464 2892 Obbsrius
482 2842 641 2895 rettulerunt
677 2841 731 2891 eda
742 2855 799 2900 ουκ
805 2835 898 2926 ὁρᾷς,
916 2856 957 2904 ως
967 2843 1119 2906 παντοίαις
1130 2859 1204 2909 cag-

16 2949 17 2964 ,
116 2916 256 2978 ιιιιιιι.)
284 2916 314 2966 Ει
331 2915 410 2979 igitur
419 2919 499 2980 poeta
516 2917 566 2968 bac
578 2918 640 2982 Epi
676 2920 784 2985 φοραῖς
794 2908 1040 2980 ἀντιτικνῶμινον
1048 2913 1137 2988 αριτη
1147 2933 1204 2969 σω

118 2989 181 3041 stnle
207 2988 393 3040 saluberrimis
419 2988 717 3052 censuissemus
740 2991 792 3040 καί
805 2985 850 3040 τὸ
874 2987 910 3040 δι
936 2989 1049 3057 ἐκιινηι
1073 2989 1203 3064 cepam,-

118 3079 165 3128 qun
186 3064 360 3129 perveniatur
376 3063 410 3113 ed
427 3064 596 3116 honestatem
613 3068 641 3116 et
678 3060 772 3115 Τοῦτο
788 3057 867 3130 αὐτῷ
883 3059 918 3114 τὸ
935 3063 966 3116 ἐν
986 3065 1094 3154 Κίρκης
1110 3065 1202 3132 μωλο,

16 3181 17 3186 ,
119 3139 281 3200 lelicitatem,
314 3143 446 3189 monstrat
471 3152 586 3203 eamque
612 3143 641 3190 ut
677 3133 765 3190 τοῦτο
782 3135 816 3190 τὸ
832 3138 864 3190 ἐν
879 3135 1009 3211 θαλάττῃ
1026 3137 1202 3232 κρήδεμνον,

16 3211 17 3214 ’
118 3213 195 3264 alacri
212 3213 303 3264 animo
314 3213 478 3276 ingrediatur
488 3213 642 3266 adolescen·
677 3212 765 3265 τοῦτο
776 3228 834 3265 των
840 3211 1026 3281 Πολιφημοιι
1031 3231 1153 3303 χιιρων
1150 3233 1203 3270 τον

119 3290 169 3340 tem
193 3289 296 3338 monet.
331 3289 416 3352 Atque
440 3301 502 3339 cum
525 3303 557 3340 eo
581 3291 640 3354 ipso
677 3281 769 3360 ανδρα
779 3284 883 3356 εξαγιι
896 3304 983 3340 τουτο
993 3286 1025 3354 ἐξ
1031 3282 1153 3342 Ardea
1135 3289 1204 3344 ανά-

119 3365 236 3428 tempore
248 3363 373 3414 Horatius
385 3365 527 3415 Praeneste
539 3364 641 3429 degens
677 3379 736 3430 γιι,
754 3377 841 3414 τοιιτο
852 3359 979 3429 πήγνυσι
990 3363 1121 3427 σχεδίαν,
1133 3365 1201 3418 τοῦ·

120 3437 223 3488 Homeri
256 3438 374 3487 carmine
403 3437 555 3502 relegisset,
589 3440 641 3490 bac
677 3453 711 3490 το
723 3438 817 3489 nattes
825 3431 987 3500 Αλκινοιιν
1003 3453 1092 3490 τοιιτο
1103 3435 1203 3502 ανέχι

120 3512 249 3563 scribendi
268 3513 409 3563 occasione
426 3515 505 3564 utens
524 3515 641 3578 primum
678 3527 725 3564 ται
740 3511 907 3574 βαλλόντων
923 3510 1113 3601 μνηστήρων,
1123 3508 1202 3586 ”ipos

121 3587 230 3638 ostendit
246 3585 310 3636 inde
324 3590 462 3650 tamquam
475 3601 506 3638 οι
518 3588 590 3638 viia'
583 3601 640 3652 ipsa
678 3586 866 3651 παλαίοντος,
888 3586 1053 3640 Μελανθίου
1054 3583 1203 3677 ὑβρίζον-

121 3673 196 3724 posee
213 3661 375 3725 aptissima
370 3675 395 3712 m
413 3663 554 3726 utramque
577 3675 641 3726 pau
677 3677 742 3726 τος,
760 3677 847 3714 τοιιτο
864 3662 1015 3752 ἐλευθεροῖ
1028 3678 1082 3731 την
1093 3664 1202 3730 ἑστίαν

122 3737 172 3786 tem
195 3733 355 3799 exemplos
378 3734 455 3787 nobie
480 3737 543 3800 peti.
578 3739 641 3788 Post
676 3752 765 3790 τουτο
782 3743 945 3809 τιμωρεῖ
915 3734 954 3787 τῶ
940 3734 1065 3807 ιγάμιρ.

120 3807 184 3859 banc
200 3811 334 3874 egregiam
351 3809 386 3861 de
403 3810 520 3861 llomero
535 3813 641 3862 senteu-
711 3813 766 3863 l·.3
788 3814 1203 3879 mccime1·muximeuatuin-

122 3882 181 3934 tiem
201 3882 322 3948 pluribus
345 3897 388 3934 vv.
411 3883 569 3949 explicatam
588 3888 638 3950 [vv.
678 3888 719 3937 ter
736 3886 860 3948 tratrem·
849 3900 967 3950 ineque
984 3902 1063 3952 vero,
1081 3893 1111 3940 ut
1126 3891 1202 3943 vole-

122 3957 198 4020 ι-ιι.)
218 3957 299 4008 tradit
319 3960 458 4023 potissima
480 3963 640 4025 praecepto-
677 3960 724 4010 bat
741 3961 888 4024 ilerdense,
908 3963 991 4013 «titius
1006 3964 1202 4025 ιιιιροιιιιιιιιι-

122 4041 177 4080 rum
194 4034 293 4097 capita,
312 4033 410 4097 quibus
422 4033 474 4084 vila
493 4035 582 4086 iuveni
599 4049 641 4086 re·
677 4035 733 4097 der,
752 4036 864 4100 magnos
876 4037 984 4102 spiritus
1001 4037 1048 4088 tibi
1064 4052 1200 4098 sumens-5

122 4105 202 4165 gendo
213 4108 259 4169 sit,
279 4109 333 4158 tam
351 4123 428 4169 vere,
448 4111 502 4160 tam
515 4123 637 4171 nervose,
678 4124 727 4160 nec
745 4113 787 4161 est
803 4125 902 4162 noman
919 4125 959 4176 pr.
973 4115 1100 4175 ιιαιιιοι,
1119 4117 1148 4165 ut
1161 4119 1203 4165 est

122 4180 173 4230 lum
198 4181 230 4234 ad
254 4183 473 4247 persuadendum
499 4186 580 4250 apte,
611 4188 639 4238 ut
677 4183 754 4249 longe
772 4186 1056 4249 posterioremue
1073 4189 1202 4239 Mecinus
