2925 4892
516 367 575 416 hie.
595 366 624 415 ll.
655 367 754 417 arisi.
772 369 793 418 l.
1138 365 1201 430 603

154 517 287 585 Plautus
310 518 350 583 al
374 519 539 606 exemplar
561 519 660 588 Siculi
682 541 861 608 properare
882 521 1078 608 Epicharmi,

109 797 230 848 Macroh.
243 799 269 860 t,
282 799 306 848 l.
323 811 351 863 p.
364 799 420 848 til.
435 799 525 861 Gran.)
543 813 573 850 se
585 801 640 851 stu-
675 813 854 865 personarum
869 803 983 865 patriam
996 815 1058 854 esse
1075 803 1198 856 Siciliam.

109 873 187 922 diosa
200 870 362 923 aemulatum
375 885 436 924 esse
448 873 637 926 Menandrum:
677 876 828 937 (Praeterea
844 875 971 939 Prologus
992 876 1034 928 ille
1052 891 1086 928 ne
1103 877 1210 930 Plauti·

108 948 166 1010 Epo
182 945 279 1008 fateor,
303 947 396 1008 mopsi
413 960 463 996 ooo
480 947 513 996 ab
529 947 580 996 solo
596 947 639 996 illo
677 962 727 998 nus
744 948 854 1011 quidem
872 951 921 1000 est.
946 950 1020 1001 Coni.
1034 953 1143 1002 omnino
1154 955 1202 1003 ha·

111 1019 275 1082 (Menandro)
301 1023 387 1082 oudo,
414 1021 463 1070 Sed
484 1025 512 1071 ot
537 1021 640 1084 quaque
676 1023 762 1086 desig
783 1024 811 1074 in
834 1022 924 1074 Philol.
945 1025 1110 1077 Schneider.
1130 1029 1150 1076 l.
1173 1040 1200 1091 p.

109 1095 211 1154 talou,
237 1096 378 1146 conueniret
394 1095 460 1157 quod
474 1095 550 1156 mihi,
569 1096 640 1158 Quod
676 1098 725 1147 alo
736 1098 807 1161 sqq.)
831 1098 861 1147 V.
871 1112 1013 1162 properare
1029 1101 1108 1164 igitur
1119 1100 1201 1151 ahso-

109 1181 151 1217 me
171 1181 223 1216 ooo
241 1181 313 1230 pcraa
328 1169 416 1218 cestim
430 1169 515 1231 seem
530 1170 637 1229 madidi,
676 1168 730 1220 lute
756 1170 874 1234 positum
899 1174 953 1232 est;
982 1185 1026 1224 vv.
1048 1175 1140 1224 antem
1167 1176 1203 1224 cd

108 1243 199 1292 Etiam
215 1255 232 1290 a
249 1243 338 1292 Latiae
357 1243 389 1305 (a.
407 1245 436 1292 c.
450 1243 542 1292 Titinio
560 1245 588 1293 et
603 1241 637 1292 ab
675 1245 807 1308 eranplcr
835 1258 868 1295 ex
893 1247 985 1297 Latina
1009 1248 1202 1300 consuetudins

110 1319 171 1382 ipso
189 1317 330 1379 Terentio).
350 1316 388 1366 Cl.
402 1317 481 1366 Munlr
497 1317 531 1366 de
546 1316 639 1367 Atella-
676 1319 839 1382 significant,
862 1320 935 1382 quod
956 1322 1046 1373 minus
1066 1326 1141 1373 recte
1157 1336 1203 1373 re-

111 1393 153 1441 nis
172 1404 198 1454 p.
211 1389 252 1440 ri.
274 1417 301 1425 -
320 1391 468 1454 umanum]
495 1391 639 1441 Menander
676 1394 809 1443 cautiores
837 1393 929 1444 dicunt
954 1398 1102 1459 exiendum,
1128 1398 1203 1447 twa

110 1469 191 1530 posta
217 1465 329 1515 eximius
354 1465 510 1514 comoediae
535 1477 636 1526 novae,
676 1467 814 1528 sempter.
843 1467 960 1529 Eodem,
983 1483 1037 1534 quo
1054 1485 1120 1534 ego,
1138 1485 1202 1536 pro-

110 1541 190 1591 culus
215 1543 371 1602 argumenta
396 1539 431 1590 ad
456 1551 500 1588 res
520 1541 637 1603 privatas
675 1541 777 1604 pendet
804 1540 1004 1606 Dillenbnrger:
1041 1547 1203 1608 «Properm

110 1615 297 1679 pertinebant,
312 1616 389 1662 natus
401 1618 443 1663 est
453 1626 477 1662 a.
489 1613 557 1674 34²..
568 1627 639 1664 mor·
676 1617 750 1665 recte
776 1614 963 1667 intellexerunt
986 1619 1146 1683 interpretes
1167 1621 1201 1670 de

110 1680 175 1739 tun's
192 1689 325 1738 attila.
340 1689 401 1738 Chr.
677 1693 751 1739 motu
776 1694 803 1740 el
828 1689 957 1753 agilitate,
984 1705 1037 1755 qua
1062 1694 1090 1743 in
1106 1692 1202 1745 tabulis

144 1764 187 1814 58.
213 1763 325 1826 Placere]
343 1763 371 1812 T.
389 1763 505 1813 mecine
519 1761 636 1821 Plautus,
676 1765 815 1827 utriusque
831 1767 927 1828 poetae
944 1764 979 1815 ad
990 1771 1117 1818 eventum
1131 1768 1203 1820 lesti-

110 1837 243 1897 sarsinas‚
256 1838 376 1886 mortuus
388 1849 411 1885 a.
426 1850 452 1886 u.
466 1849 489 1886 c.
504 1836 561 1886 illo.
576 1837 639 1886 Ver-
676 1837 791 1889 nubatur
801 1839 937 1902 animique
948 1840 1114 1892 audientium
1125 1842 1202 1894 inde-

109 1909 213 1962 sicnlue
230 1911 286 1974 ipae
304 1922 352 1973 per
368 1923 398 1960 se
416 1909 584 1961 difficillimus
596 1912 638 1960 est
676 1911 746 1963 lassa
769 1913 796 1962 vi
818 1912 1051 1964 intendebantur.»
1078 1915 1127 1967 lilii
1146 1917 1200 1967 sic:

110 1983 258 2050 explicatu,
286 1986 348 2047 quia
372 1998 421 2035 nos
438 1984 558 2037 Plautum
576 1997 637 2036 cuna
676 1987 699 2048 t)
711 1983 834 2037 :Plautus
842 1988 948 2051 egregie
960 1990 1077 2040 imitatus
1088 1993 1131 2042 est
1144 1993 1204 2056 Epi-

111 2061 272 2126 Eplcharmo
289 2059 452 2110 contendere
469 2059 540 2111 nullo
558 2059 638 2111 modo
676 2061 843 2110 charmum.»
861 2063 886 2125 ἱ)
898 2063 1000 2112 «citato
1011 2076 1093 2114 cursu
1108 2063 1200 2126 lertnr,

112 2147 268 2199 possulum.
296 2134 358 2184 lrlihi
376 2135 402 2184 in
419 2147 449 2184 re
466 2137 520 2184 tam
539 2135 638 2184 incerta
677 2135 780 2196 nititur,
806 2138 837 2185 nt
861 2135 998 2200 exemplar
1022 2149 1102 2188 suum
1126 2151 1202 2189 asse-

112 2211 222 2273 praeter
238 2210 343 2258 ceteras
366 2207 453 2272 placet
469 2208 596 2260 Schmidii
613 2212 640 2258 et
676 2213 799 2270 quatur.»
825 2210 850 2272 3)
862 2211 994 2260 «Numeri
1009 2210 1120 2263 Plautini
1137 2226 1203 2264 ean·

110 2284 187 2348 prior
211 2283 292 2346 Lingii
315 2283 510 2346 interpretatio:
538 2281 639 2332 «Plauti
677 2281 741 2332 dem
757 2281 866 2334 laudem
886 2287 1026 2336 merentur
1041 2289 1122 2350 atque
1139 2289 1203 2352 Epi·

112 2357 271 2408 comoediae
293 2357 408 2406 maxime
432 2362 494 2407 sunt
510 2357 639 2407 motoriae
677 2356 850 2407 charmianir
862 2355 886 2418 l)
897 2360 1022 2408 aNumari
1031 2359 1140 2411 Plautini
1150 2374 1203 2412 non

111 2435 154 2492 at,
174 2435 204 2481 ut
221 2432 247 2482 in
264 2429 315 2480 alio
330 2443 429 2492 genere
442 2431 582 2492 Homerus,
601 2432 640 2482 sio
677 2430 766 2481 minus
787 2432 877 2494 aspari
896 2434 959 2482 aunt
978 2445 1061 2495 quam
1079 2435 1204 2499 Epichar-

112 2506 155 2557 ille
172 2519 270 2568 seraper
285 2508 320 2555 od
342 2511 455 2556 wacon
472 2507 574 2570 fastmot
600 2507 637 2568 (Α.
677 2503 784 2553 miani.»
802 2505 826 2566 tl)
841 2507 1052 2568 «Aeqnevitiosa
1065 2509 1203 2572 utriusque

112 2584 140 2632 P.
155 2579 238 2642 ll8.);
253 2585 377 2642 properat
394 2581 485 2643 igitur,
504 2582 534 2630 nt
547 2581 639 2645 rapido
678 2577 725 2627 luit
741 2576 874 2627 festinatio
892 2580 920 2627 et
935 2577 1072 2641 celeritas,
1098 2581 1203 2632 inimica

112 2667 257 2718 progressu
274 2654 309 2704 ad
327 2653 431 2704 tabulae
446 2655 576 2718 cuiusque
587 2669 640 2703 κα-
678 2651 779 2702 consilii
796 2653 824 2701 et
840 2650 1017 2714 diligentiae.»
1044 2654 1097 2703 sed
1107 2654 1136 2704 hi
1149 2656 1204 2706 dno

110 2725 284 2799 ταστροφῆν
307 2730 457 2792 perveniat,
482 2743 570 2793 nequa
588 2743 640 2779 nn-
677 2727 822 2790 postremi,
848 2725 921 2788 quod
938 2727 1057 2788 mireris,
1076 2741 1129 2778 non
1145 2731 1203 2779 ani·

111 2817 194 2868 quam
212 2805 238 2853 in
257 2804 338 2854 rebus
351 2805 459 2854 minutis
471 2804 639 2854 immorando
678 2799 881 2850 madverlerunt
899 2798 982 2849 Plauti
998 2799 1043 2850 vei
1065 2802 1204 2852 minimam

111 2877 233 2928 retardat
256 2881 469 2942 spectatorem.»
519 2878 640 2928 Eundem
678 2874 916 2938 reprehensionem
927 2873 1204 2926 lloratiiconsiliohic

111 2955 219 3012 antem,
236 2953 401 3014 studetur,
426 2949 597 3022 χαρακτῆρα
613 2953 639 3002 in
677 2960 789 3012 prorsus
806 2951 1013 3011 repugnaturum
1030 2949 1126 3010 luisse;
1149 2963 1204 3000 non

113 3026 274 3090 Epicharmo
285 3028 405 3090 reperire
419 3026 470 3077 sihi
481 3026 641 3076 videbantur
679 3022 752 3072 enim
768 3033 860 3083 sunm,
887 3021 937 3072 sed
959 3021 1043 3073 Plauti
1058 3023 1204 3076 admirato-

112 3103 202 3152 Critici
231 3100 265 3151 illi
290 3102 385 3164 ignoti,
412 3114 528 3164 quorum
545 3102 640 3152 iudicia
678 3109 740 3146 rum
765 3096 894 3146 iudicium
915 3096 1026 3160 profert.
1043 3125 1077 3179 .-
1104 3098 1205 3150 seae-

112 3175 238 3226 Horatius
250 3175 345 3226 relert:
359 3177 483 3238 quocirca
495 3176 557 3226 huie
567 3174 641 3226 Plan·
678 3170 834 3234 Epicharmi]
846 3169 950 3221 Siculus
960 3171 1069 3234 dicitur,
1088 3175 1151 3237 quia
1161 3175 1205 3224 clx

114 3255 172 3300 ium
189 3241 415 3313 aequiparabunt,
435 3263 487 3300 non
499 3249 572 3312 quod
585 3249 643 3299 imi·
680 3245 821 3294 trimestria
832 3257 848 3293 e
860 3245 943 3308 patria
958 3245 985 3295 in
996 3245 1112 3297 Siciliam
1122 3248 1203 3298 venit.

113 3327 185 3375 talus
202 3327 276 3374 esset
288 3322 405 3374 Siculum
417 3327 540 3387 poetam
558 3324 641 3388 ipsius
679 3319 725 3368 Est
748 3319 820 3378 epirn
837 3319 863 3367 in
880 3316 965 3368 insula
982 3319 1020 3368 Co
1037 3321 1131 3380 natus,
1157 3333 1205 3370 ae-

112 3400 186 3448 enim
216 3396 378 3462 exemplaria
409 3398 516 3448 luerunt
545 3401 640 3462 poetae
679 3391 765 3454 qualis
782 3390 1141 3454 Pissdssffltlltluemchlllo·
1162 3393 1206 3443 Vl·

111 3474 190 3524 Attici
215 3485 299 3522 novae
323 3472 495 3532 comoediae,
519 3475 547 3522 et
563 3473 641 3522 nimis
680 3470 735 3517 tam
745 3466 870 3530 produxit
881 3478 968 3528 usqne
979 3465 1014 3514 ad
1026 3468 1132 3530 tempus
1141 3469 1205 3518 ilie-

112 3549 216 3598 incerta
227 3547 331 3610 Berglrii
346 3547 498 3596 coniectura
511 3549 561 3606 est,
580 3559 643 3594 ver-
680 3543 753 3591 ronis
770 3541 876 3603 tyranni
892 3552 917 3589 a.
937 3542 999 3589 ante
1011 3541 1074 3590 Chr.
1087 3540 1145 3591 tu.
1164 3542 1203 3592 Cl.

111 3623 148 3671 ha
167 3622 293 3672 Varronis
316 3635 348 3671 ex
371 3619 439 3671 libro
456 3622 476 3672 1.
499 3620 533 3670 de
557 3621 642 3683 poetis
681 3614 773 3668 ldiiller
794 3615 887 3666 noser
908 3613 965 3676 (ed.
981 3612 1036 3678 alt.)
1057 3616 1087 3665 ll.
1111 3629 1138 3679 p.
1156 3615 1205 3667 ala

111 3695 186 3759 apud
197 3695 281 3746 Prisc.
295 3696 324 3744 T.
338 3696 357 3744 1.
370 3708 398 3759 p.
410 3693 470 3745 les.
484 3695 539 3754 lin,
557 3693 644 3744 &nde
681 3705 721 3754 sq.
743 3691 909 3753 (posterioris
931 3691 1012 3740 stiam
1029 3693 1124 3743 aetatis
1140 3693 1207 3742 indi-

111 3783 137 3819 ae
154 3771 190 3818 od
206 3770 332 3819 Siculos
348 3769 498 3832 applicavit,
517 3768 550 3818 ad
567 3765 645 3818 Plau·
681 3768 753 3818 mum
783 3766 879 3817 allerre
909 3766 990 3816 iuvat.
1028 3767 1207 3830 Hieronymus

112 3847 172 3894 tum
198 3845 227 3893 et
248 3843 439 3907 Epicharmum
456 3843 566 3903 reterri;
594 3855 644 3893 nec
682 3843 730 3905 Ep.
744 3843 785 3892 57.
802 3855 828 3905 p.
841 3840 899 3891 30⁹.
919 3839 999 3890 Veli:
1020 3842 1146 3892 lemtim
1155 3844 1207 3894 lte-

112 3920 200 3982 magis
217 3919 383 3970 Menaechm.
402 3917 471 3969 Prol.
488 3919 516 3968 7:
538 3919 583 3968 loe
602 3931 645 3968 urr-
682 3917 823 3975 aeodrum,
845 3916 948 3966 Hordea
972 3921 997 3965 et
1020 3915 1143 3966 θσοοὶὶίω
1162 3929 1207 3967 os·

109 3995 424 4057 mentemmentdm
441 3994 645 4044 momNorrat-
682 3995 746 4040 teras
772 3990 812 4052 (l)
832 3991 938 4040 eoodeos
961 3991 1119 4052 interpretati
1139 3996 1204 4040 aest.

110 4069 227 4130 ddum,
253 4081 342 4119 aeram
362 4070 497 4120 amatam·
524 4068 558 4118 de
584 4067 647 4132 Epi·
684 4065 753 4114 Nom
768 4065 984 4126 qstdtuererrtta
998 4066 1206 4116 mimicam

111 4145 219 4194 charmi
231 4144 378 4194 imitatione
390 4143 559 4208 interpretari
572 4143 647 4202 licet,
684 4141 797 4189 moron
806 4140 919 4203 mopere
928 4139 1079 4204 &pondera
1087 4141 1115 4191 irs
1124 4145 1207 4190 tram

111 4231 175 4269 curn
202 4215 360 4283 simpliciter
384 4218 515 4282 significet
536 4215 645 4268 tabulae
684 4216 777 4266 mosa
792 4213 972 4276 ommentll
