2925 4892
259 320 322 386 376
367 304 379 326 ⁸
551 357 554 368 .
618 322 747 373 uantur
763 322 985 374 anissonlauu

303 478 423 546 Laudis
445 499 556 545 amore
580 489 700 544 tumes:
725 487 800 543 sunt
821 487 909 545 certa
931 475 1076 565 piacula,
1100 497 1187 562 quae
1209 487 1240 543 te

304 603 365 667 Ter
387 621 469 687 pure
491 600 574 668 lecto
597 610 749 688 poterunt
769 620 920 667 recreare
942 598 1061 665 libello.

304 721 450 800 invidus,
475 721 665 798 iracundus,
689 723 792 798 iners,
816 722 964 796 vinosus,
979 731 1134 815 famulor,

303 846 402 910 Nemo
425 843 509 910 adeo
531 844 618 910 ierus
641 853 705 920 est,
729 853 851 909 utnon
873 843 1045 910 mitescere
1067 845 1188 932 possit,

201 1014 207 1028 .
303 966 335 1032 Si
359 965 456 1033 modo
478 966 623 1033 culturae
645 965 820 1053 patientem
841 965 1024 1032 commodet
1046 986 1168 1032 aurem.
1310 967 1350 1032 iti

303 1087 408 1154 Virtus
431 1097 480 1155 est
501 1088 614 1154 vitium
636 1087 747 1174 iugero
769 1094 802 1152 et
824 1087 982 1174 sapientia
1003 1088 1107 1176 prima

327 1269 367 1318 39.
386 1269 422 1329 ut]
440 1269 484 1330 qui
501 1271 554 1318 tres
572 1267 656 1318 Codd.
675 1266 746 1331 apud
764 1267 918 1318 Obbnrium.

261 1437 310 1485 bos
327 1439 410 1486 nutam
427 1449 477 1484 uon
487 1435 548 1485 satis
558 1435 657 1484 ttutuu.
677 1433 715 1485 Cl.
730 1436 783 1484 Sat.
823 1438 912 1497 despue
935 1437 1096 1486 numinibus.
1140 1437 1258 1488 Eosdem
1284 1439 1348 1488 ritus

260 1513 290 1570 3,
309 1510 339 1570 3,
357 1511 389 1560 et
407 1523 448 1573 sq.
823 1509 1023 1574 praecedebant
1033 1509 1215 1572 lustrationes,
1236 1511 1350 1562 ablutio·

294 1585 335 1634 36.
355 1585 395 1634 37.
421 1585 515 1634 Laudis
531 1582 727 1647 emoriturus]
746 1585 785 1633 De
823 1598 887 1644 nes,
905 1584 1052 1634 secubitus.
1079 1587 1144 1636 Pure
1153 1587 1233 1649 igitur
1245 1582 1349 1653 (ἁγνῶς

260 1659 413 1711 huiusmodi
445 1659 669 1709 enuntiationibus
698 1659 786 1721 bypa—
823 1660 872 1708 καὶ
898 1655 1050 1730 καθαρῶς,
1078 1662 1235 1724 yeroiuiqt
1263 1661 1349 1719 Voss.)

261 1735 381 1792 theiicis,
407 1737 469 1798 post
493 1746 559 1796 quas
581 1732 644 1783 olim
671 1734 786 1792 interro·
822 1732 921 1783 librum
938 1733 1001 1796 legit
1017 1748 1050 1784 ex
1067 1736 1118 1784 bac
1136 1735 1267 1798 imagine,
1290 1734 1349 1798 «qui

261 1807 339 1871 gandi
357 1809 461 1870 signum
479 1807 629 1872 ponebant,
649 1806 681 1856 cl.
695 1808 785 1866 Sati,
823 1821 852 1858 se
870 1806 1003 1866 lustravit,
1026 1809 1123 1860 eadem
1140 1810 1298 1860 castimonia
1316 1809 1348 1858 ad

262 1885 290 1942 l,
309 1883 349 1933 35.
377 1884 559 1933 llermannum
577 1882 611 1931 ad
628 1883 717 1944 Eurip.
731 1883 787 1931 An·
823 1881 965 1945 legendum
983 1883 1130 1944 accedens,
1150 1896 1182 1932 ac
1199 1885 1221 1933 si
1241 1895 1302 1932 rem
1314 1883 1351 1932 di·

261 1957 348 2008 drom.
362 1957 419 2008 ato,
449 1955 579 2007 Timocles
597 1957 668 2020 apud
689 1957 783 2006 siben.
823 1959 912 2006 vinam
931 1960 1005 2006 esset
1025 1957 1142 2008 tacturus
1160 1957 1198 2020 (ut
1220 1958 1260 2007 ait
1284 1959 1349 2006 Tur·

262 2033 292 2090 6,
310 2033 341 2092 3,
364 2033 409 2080 ta:
436 2027 541 2092 Χωλός
565 2032 608 2093 τίς
633 2029 707 2091 ἐστι,
735 2027 786 2080 τὸν
824 2030 945 2092 uenuste
958 2033 1067 2094 proprie
1079 2045 1143 2081 vero
1157 2033 1273 2095 is,rqui
1285 2045 1349 2095 puro

262 2103 439 2170 Φιλοκτήτην
457 2100 519 2174 ὁρᾷ.
547 2107 585 2155 De
596 2105 681 2154 verbo
692 2111 788 2155 tumere
824 2109 851 2155 et
867 2108 941 2154 custo
959 2109 1000 2155 est
1016 2106 1132 2155 animo.»
1160 2104 1263 2168 Dilogta
1287 2107 1349 2155 item

263 2181 295 2230 et.
309 2182 361 2229 Sat.
374 2181 403 2238 2,
422 2180 450 2240 3,
469 2179 527 2229 att.
558 2179 719 2230 «ambitioni
741 2193 787 2230 se·
824 2181 893 2230 inest
908 2180 934 2229 in
951 2193 976 2229 v.
996 2181 1090 2240 libello¹
1115 2178 1187 2242 quod
1203 2194 1230 2229 v.
1250 2179 1350 2243 signiti-

262 2255 364 2304 cundus
381 2255 442 2318 posi
453 2253 590 2303 avaritiam
608 2252 683 2304 locus
696 2253 788 2303 tribui·
824 2257 903 2303 calet
913 2254 1043 2318 scriptum
1054 2253 1245 2318 philosophum
1257 2258 1285 2303 et
1296 2267 1350 2303 car·

263 2333 320 2388 tur,
344 2331 374 2377 ut
396 2329 448 2377 Sat.
467 2330 497 2390 l,
520 2327 550 2390 l,
569 2328 610 2378 26.
637 2329 665 2389 3,
680 2329 708 2390 3,
729 2329 785 2378 tat.
824 2343 887 2378 men
905 2331 1039 2392 magicum
1054 2343 1087 2378 ex
1099 2327 1187 2391 aliquo
1204 2327 1296 2379 libello
1307 2330 1351 2378 Or-

264 2405 328 2466 Epp.
342 2404 370 2464 i,
390 2404 419 2462 2,
433 2403 481 2452 303
493 2415 551 2466 sq.»
570 2403 660 2453 Osann.
676 2429 704 2440 -
718 2409 788 2453 cartu
824 2405 903 2468 pbico
928 2402 970 2453 vel
995 2401 1073 2454 simili
1095 2403 1130 2452 ad
1151 2399 1268 2466 τελετὰς
1289 2417 1350 2468 spe-

260 2478 364 2540 umento
376 2477 438 2541 cet]
452 2479 617 2541 «praesentia
631 2491 662 2527 ac
674 2477 785 2542 probata
825 2481 913 2529 eunte
939 2479 1059 2542 petitum.
1094 2480 1177 2541 lunge
1197 2481 1292 2529 autem
1315 2483 1350 2528 ter

240 2551 407 2603 'remediat
444 2554 575 2613 Quoniam
604 2553 787 2616 antiquissimo
824 2553 898 2612 lecto,
917 2567 970 2603 non
988 2559 1104 2615 torpeus
1121 2566 1172 2602 uec
1189 2557 1227 2602 ter
1242 2554 1349 2615 puerei

261 2632 384 2692 tempore
410 2628 497 2678 morbi
523 2629 557 2677 ad
582 2629 648 2678 iram
674 2629 787 2679 deorum
824 2633 862 2677 ter
877 2627 952 2688 lecto,
971 2640 1040 2690 quae
1053 2626 1162 2690 quidem
1180 2624 1349 2677 callidissima
1436 2632 1437 2693 j

261 2701 452 2753 immortalium
477 2701 663 2753 referebantur
685 2700 788 2764 (Celsus
825 2705 883 2752 erat
899 2703 979 2752 ratiot

262 2778 346 2829 Praei.
360 2778 404 2840 4.),
423 2779 490 2828 baec
508 2781 568 2827 aute
581 2772 789 2845 omniaxuuiu'n
857 2776 945 2827 3842.
971 2776 1080 2840 amator]
1102 2778 1220 2828 Donatus
1243 2777 1279 2826 ed
1300 2777 1350 2826 Te-

261 2868 348 2916 μασι,
375 2853 512 2902 sacrificiis
530 2853 660 2915 expianda
682 2856 709 2902 et
730 2851 788 2916 pla·
825 2853 987 2903 rentandr.
1006 2851 1035 2913 l,
1054 2852 1082 2914 3,
1102 2853 1129 2901 3:
1155 2852 1259 2902 Ambus
1274 2851 1350 2901 ouini

263 2926 348 2976 canda
379 2929 448 2985 ernt;
479 2927 541 2975 binc
569 2940 638 2976 nove
666 2927 788 2977 medica·
824 2933 868 2988 est,
882 2927 1185 2988 manumissoris.
1205 2927 1347 2976 Cicirrsc.

263 3002 353 3050 menta
381 3001 437 3062 ipsa
462 3001 568 3062 piaculo
596 3005 682 3052 vocat.
731 3004 788 3052 latu
825 3003 854 3064 l,
875 3005 920 3064 tr,
939 3004 983 3052 27:
1002 3003 1077 3052 Aliud
1093 3007 1128 3052 est
1139 3007 1347 3061 musaraneus,

261 3088 326 3123 vero
352 3074 419 3123 baec
442 3074 635 3125 medicamenta
658 3078 721 3128 sunt
743 3090 788 3126 sa·
824 3080 895 3128 aliud
910 3082 1045 3127 munem.
1082 3079 1137 3126 lloe
1154 3078 1250 3127 vitium
1266 3077 1350 3126 mua

262 3151 392 3215 pientium
404 3151 511 3215 scripta,
530 3165 598 3216 quae
611 3153 786 3203 attentissime
823 3155 952 3204 rositntem
968 3155 1047 3202 vocat
1068 3153 1122 3202 Cic.
1147 3153 1224 3202 Tusc.
1250 3151 1279 3210 l,
1306 3150 1347 3208 lt,

263 3229 290 3275 et
306 3226 395 3275 animo
413 3239 427 3274 a
445 3225 691 3290 perturbationibus
704 3240 786 3290 quam
824 3230 865 3278 26.
881 3255 907 3264 -
920 3227 1056 3291 mitescere]
1073 3226 1163 3277 Verba
1178 3227 1249 3276 mitis
1265 3227 1348 3276 atim-

263 3302 377 3350 maxime
398 3313 484 3350 vacuo
505 3299 594 3365 legero
615 3314 647 3351 ac
665 3301 787 3352 meditari
823 3305 890 3353 nutis
906 3303 1063 3366 saepissime
1079 3301 1113 3351 de
1124 3303 1215 3351 animo
1232 3303 1348 3351 hnmano

262 3375 403 3438 debemus,
418 3389 567 3441 eorumque
579 3375 686 3427 consilia
698 3377 784 3440 sequi.
824 3381 994 3441 usurpantur.
1014 3375 1125 3427 Difficile
1142 3375 1279 3426 intellectu
1296 3377 1346 3431 est.

262 3452 440 3502 Perseverans
458 3453 549 3501 autem
567 3452 593 3501 in
610 3451 698 3515 priore
718 3452 787 3504 ima·
824 3465 872 3502 cur
889 3451 1032 3502 Lambinus
1050 3451 1118 3502 haec
1136 3450 1345 3514 reprehenderit.

262 3526 321 3589 gine
339 3525 373 3576 ad
390 3525 472 3576 libros
491 3525 606 3577 morales
624 3525 740 3591 applicat
759 3525 786 3574 id
825 3527 986 3576 «Estautem
999 3539 1095 3586 usus,»
1113 3525 1211 3588 inquit,
1230 3524 1347 3574 «duabus

262 3600 334 3663 quod
346 3603 453 3664 proprie
465 3601 499 3650 de
512 3601 714 3651 medicamentis
726 3601 788 3664 post
823 3599 1054 3661 translationibus,
1082 3613 1152 3663 quae
1178 3602 1273 3650 mutuo
1297 3611 1347 3648 non

262 3677 349 3724 certas
367 3676 503 3726 cautiones
525 3675 661 3739 religiosas
678 3675 721 3726 vel
745 3675 787 3724 di·
823 3675 1000 3741 respondent,
1017 3676 1087 3739 ferus
1098 3676 1275 3733 etmitescere,
1289 3685 1346 3723 cunt

262 3761 322 3798 cam
338 3750 466 3810 mysticas
484 3752 511 3799 et
533 3752 650 3812 magicas
672 3751 786 3814 sumptis
823 3751 892 3810 tera,
920 3750 948 3800 id
973 3753 1026 3810 est,
1053 3742 1142 3820 ἄγρια
1162 3747 1348 3799 mansuescant

261 3821 340 3870 valet.
384 3823 412 3872 lu
437 3823 589 3875 huiusmodi
614 3825 708 3875 ritibus
735 3837 785 3873 nu·
823 3827 911 3889 potius
927 3838 976 3875 seu
994 3825 1160 3885 cicurantur,
1185 3822 1285 3873 acerba
1302 3821 1347 3871 mi-

262 3907 337 3944 mero
355 3897 471 3945 ternario
490 3901 729 3960 permagunmuim
743 3899 787 3948 tri-
824 3901 951 3950 toscant.»
983 3901 1021 3948 Tu
1044 3899 1077 3949 ci.
1098 3898 1209 3948 Accium
1226 3897 1301 3947 Both.
1319 3897 1345 3943 P.

261 3968 388 4019 buebant.
416 3969 527 4020 Theocr.
542 3970 617 4034 idyll.
630 3973 658 4032 3,
678 3971 722 4023 ta:
739 3966 785 4034 Ἐς
823 3977 864 4023 Sc.
878 3987 905 4038 p.
916 3974 977 4025 ata:
996 3974 1100 4024 Nullum
1110 3979 1146 4023 cst
1157 3973 1284 4037 iuqeuiuru
1295 3975 1347 4018 tnu-

260 4044 320 4114 τρὶς
344 4038 517 4093 anonumum
543 4047 592 4096 nol
617 4047 677 4117 τρὶς
702 4042 784 4108 τάδε,
822 4054 876 4098 tum
896 4063 976 4110 aequa
995 4063 1041 4098 cor
1063 4053 1116 4098 tam
1140 4049 1252 4110 serum,
1280 4044 1346 4106 Quod

261 4117 371 4182 πότνια,
391 4117 489 4182 φωνῶ.
509 4121 584 4171 Conl.
598 4124 650 4172 Sat.
670 4125 694 4184 2,
715 4125 739 4185 t,
757 4125 782 4173 7.
822 4138 872 4173 nou
889 4124 1003 4173 lnbuscru
1019 4123 1120 4187 linqua,
1138 4124 1281 4172 mitescat
1294 4131 1346 4168 ruu-

261 4194 352 4246 Tibull
368 4197 394 4256 i,
408 4198 436 4258 3,
456 4197 502 4246 sc:
524 4197 652 4255 Terentia,
666 4200 786 4248 tardictis
822 4201 854 4249 to.
883 4201 937 4248 Liv.
952 4199 997 4258 33,
1017 4198 1060 4249 ts:
1081 4204 1109 4248 ut
1124 4199 1209 4262 (erus
1224 4194 1345 4257 quasdam
