2925 4892
583 795 622 899 Q·
650 793 839 886 tibulli]
866 791 1023 883 illuct

380 1019 1227 1200 llPlSTOLllRUll

627 1327 745 1399 LIBER
767 1325 984 1394 SECUNDUS.

641 1601 967 1664 mmuh

305 1743 386 1809 Cum
409 1747 455 1803 tot
476 1735 636 1803 sustineas
658 1742 691 1801 et
711 1743 797 1800 tanta
819 1733 949 1820 negotia
970 1731 1072 1809 solus,

305 1864 368 1929 lies
390 1857 484 1924 Italas
509 1855 606 1922 armis
632 1854 759 1930 tuteriS,
782 1851 928 1920 moribus
952 1873 1064 1930 ornes,

328 2039 377 2090 ΕΡ,
396 2038 416 2087 1.
443 2038 472 2087 lu
497 2036 547 2086 bae
572 2031 688 2098 Epistola
713 2033 816 2096 inspexi
841 2033 998 2082 varietatem
1015 2031 1077 2082 loct.
1095 2033 1214 2097 quinque
1233 2034 1323 2086 Codd.

296 2111 436 2169 sebmidii;
458 2109 507 2160 sed
524 2121 587 2158 eum
604 2105 756 2170 vulgaribus
773 2107 827 2157 sint
841 2106 1048 2167 adnumerandi,
1075 2106 1138 2157 nibil
1154 2107 1233 2168 boni,
1258 2108 1325 2158 nibil

296 2187 352 2236 lare
370 2198 403 2235 ne
422 2185 483 2234 novi
500 2183 610 2245 quidem
627 2181 661 2232 ab
679 2181 710 2231 iis
727 2181 830 2241 offerri,
849 2181 939 2232 statim
954 2180 1016 2230 vidi.
1037 2207 1066 2216 —
1085 2181 1222 2245 inscriptio
1240 2183 1326 2233 Codi-

296 2259 335 2310 cis
353 2259 388 2309 li:
413 2258 451 2306 Ad
472 2257 588 2308 moron
608 2256 756 2318 Aopmtstn.
777 2281 804 2292 -
830 2257 855 2306 t.
873 2260 991 2306 ouantes
1007 2257 1225 2320 Coninghamiua.
1246 2285 1277 2294 -
1297 2259 1324 2310 2.

296 2333 392 2384 taediis
408 2331 493 2382 Codd.
512 2329 572 2395 aliq.
592 2329 711 2380 Lambini
728 2331 756 2378 et
773 2329 840 2380 Fene
852 2343 885 2380 ao
895 2330 950 2380 duo
960 2330 1095 2382 Schmidii.
1115 2332 1155 2394 (Ut
1165 2345 1225 2392 nos¹
1239 2335 1325 2384 nostri

298 2410 326 2458 oi
342 2406 477 2468 Pottierii.)
497 2432 522 2442 -
543 2403 670 2454 mosomus
687 2401 799 2454 Bentleii
816 2404 943 2468 suspicio.

297 2568 316 2616 l.
335 2567 375 2616 De
391 2565 548 2628 argumento
560 2562 621 2612 vide
641 2562 752 2612 Excurs.
770 2563 790 2611 l.
830 2562 900 2622 iutro
906 2561 1031 2624 principis
1040 2563 1194 2624 odspoowa.
1218 2563 1280 2622 Quo
1292 2567 1358 2614 tem·
1450 2572 1451 2611 1

301 2644 325 2691 4.
338 2642 363 2692 2.
390 2639 519 2700 sosimus]
545 2636 729 2688 «administres
745 2637 791 2696 ita,
830 2649 897 2699 poro
921 2638 1013 2686 autem
1037 2635 1107 2686 baec
1122 2635 1239 2699 Epistola
1257 2639 1358 2702 scripta

266 2719 297 2766 ut
310 2717 383 2766 tauto
395 2715 470 2766 oneri
482 2725 531 2775 par
542 2711 578 2762 sis
589 2709 717 2762 viribus.»
735 2711 795 2760 sur·
831 2712 886 2770 est,
904 2709 1012 2760 iammm
1023 2721 1118 2760 omues
1129 2710 1283 2774 densitates,
1298 2713 1359 2777 qui·

265 2790 345 2840 tinore
361 2791 451 2838 autem
468 2786 582 2850 nepotis,
601 2788 632 2836 ut
647 2797 717 2836 enm.
737 2785 791 2835 Cio
830 2783 882 2834 bus
899 2784 938 2833 uti
953 2783 1074 2843 volebat,
1098 2787 1233 2848 Augustus
1249 2799 1360 2837 assum·

267 2862 427 2922 adlamt,
446 2862 517 2920 9‚t:
536 2861 594 2920 ior,
622 2859 744 2920 quidqud
759 2863 795 2909 est
830 2859 930 2921 pserai.
953 2885 981 2894 -
999 2858 1138 2908 stellatos
1154 2858 1217 2922 oet]
1248 2863 1359 2925 «tmpe-

267 2933 527 2993 matutinario,
542 2945 592 2994 pro
606 2945 663 2982 meo
674 2933 795 2996 dignitato
830 2933 902 2982 rium
918 2933 1066 2982 Romanum
1084 2937 1138 2982 mm
1155 2935 1254 2996 potens
1270 2934 1361 2985 reddi

267 3009 311 3058 tibi
334 3007 452 3058 maon
476 3019 507 3054 uo
530 3005 700 3056 malmendren
718 3011 792 3068 pote.
831 3005 906 3064 disti,
931 3006 960 3053 ut
976 3003 1063 3056 nullus
1082 3006 1137 3055 iam
1152 3005 1239 3056 bostis
1256 3007 1284 3056 ei
1301 3020 1358 3058 me·

268 3082 335 3133 lbid.
358 3080 403 3140 to,
424 3079 471 3138 ⁴2,
492 3077 521 3128 3:
545 3084 651 3141 praetor
670 3080 794 3141 arduom,
832 3077 948 3129 tuendus
965 3079 1025 3128 sit.»
1043 3077 1356 3144 Ci.0d.l,lb‚43sqq.

268 3156 335 3216 qnod
350 3152 795 3213 conmmaberowoosoloramo·
834 3181 862 3189 -
884 3152 980 3217 tutata]
1005 3153 1053 3202 ud.
1071 3153 1100 3213 l,
1120 3153 1225 3214 tt,t³:
1249 3157 1361 3205 otuteto

267 3243 316 3279 aus
334 3225 468 3276 munibat
489 3239 559 3276 more
579 3227 715 3276 moionun.
741 3226 793 3277 Sal.
829 3240 948 3291 praesens
964 3228 1054 3277 ltaliae
1071 3227 1236 3289 boumque
1254 3231 1358 3280 domne.

270 3301 344 3354 Catil.
364 3315 388 3351 o.
407 3300 453 3350 us:
479 3299 543 3362 sorte
564 3299 643 3350 lubuit
659 3301 795 3363 abundare,
834 3329 862 3338 -
880 3300 991 3351 monitu
1006 3301 1086 3365 omar]
1105 3313 1231 3366 «operam
1245 3316 1357 3365 navans,

269 3391 334 3440 quoe
355 3388 396 3426 ros
416 3375 530 3424 mommo
546 3379 618 3424 tuoto
634 3376 736 3438 nepotis
751 3387 796 3424 ru-
832 3377 863 3424 ut
873 3386 963 3424 mores
980 3373 1114 3438 perbelle
1128 3376 1262 3439 imprimis
1274 3376 1357 3427 civilia

268 3453 400 3504 suismet.
419 3448 604 3512 Cuninghamii
615 3447 694 3499 lectio
702 3454 797 3499 mutate
832 3448 911 3499 ioede
923 3449 1040 3513 eorrupit
1054 3449 1088 3499 ad
1101 3451 1220 3513 priorem
1228 3450 1358 3503 decorem

269 3533 304 3578 tos
320 3527 382 3577 huie
398 3523 457 3574 loco
474 3536 569 3588 parum
581 3525 700 3588 apposite
712 3525 795 3587 signi-
832 3523 1064 3586 integritatemque
1081 3529 1254 3587 revocentur,
1279 3527 1358 3591 idque

269 3601 376 3651 deerat:
404 3599 466 3648 «vix
485 3611 618 3662 aegreque
636 3599 794 3650 sustineas.»
831 3597 930 3661 partim
941 3597 1048 3661 proprio
1057 3597 1192 3661 exemplo,
1205 3601 1360 3662 par-timae·

270 3674 323 3724 Cir.
335 3670 494 3722 Doederlein
505 3673 566 3733 svn.
577 3673 619 3723 Vl.
633 3685 659 3735 p.
670 3671 726 3723 360.
745 3676 796 3724 Aa·
832 3683 897 3720 vero
913 3671 1010 3735 punitis
1028 3669 1156 3722 adulteris
1171 3674 1254 3735 atque
1272 3676 1360 3740 impu·

270 3760 323 3812 qne
335 3745 534 3796 malenutritus
547 3747 618 3797 idem
631 3745 673 3797 ille
683 3748 796 3798 Critieus
833 3743 915 3804 diois,
935 3746 1031 3808 partim
1043 3744 1102 3808 loge
1113 3745 1147 3796 do
1159 3745 1299 3800 adulteriis
1310 3749 1360 3802 lata

270 3817 540 3873 substitueruivarbo
557 3821 679 3870 medaeas
689 3821 755 3885 Epp.
769 3822 794 3883 4,
833 3820 862 3868 et
885 3817 968 3869 altera
993 3817 1027 3868 de
1048 3821 1204 3871 maritandis
1220 3822 1359 3874 ordinibus

271 3895 312 3954 48,
325 3891 377 3954 st,
397 3893 446 3942 etsi
463 3892 500 3943 ibi
516 3898 633 3944 suentes
647 3895 673 3943 iu
691 3895 796 3958 Episto-
833 3893 928 3945 saltem
945 3898 1130 3958 praeparata.»
1158 3895 1198 3946 Cl.
1215 3897 1266 3946 0d.
1283 3897 1314 3960 l,
1330 3901 1357 3958 d,

271 3967 357 4018 larum
369 3966 417 4016 Ed.
432 3965 592 4018 Cadomensl
604 3966 676 4017 4480.
691 3969 796 4018 exstare
833 3969 861 4018 et
876 3981 936 4032 sqq.
956 3968 980 4028 l,
994 3970 1035 4030 tii,
1049 3969 1134 4032 seqq.
1153 3969 1227 4020 ovid.
1241 3972 1322 4022 l'n'st.
1334 3973 1358 4033 t,

273 4041 362 4091 narrat
377 4038 542 4090 Sanadonus.
565 4065 594 4076 -
617 4041 692 4105 odos]
712 4042 794 4091 Tacit.
834 4041 882 4091 233
893 4054 934 4104 sq.
954 4042 1015 4092 liet.
1030 4043 1078 4105 445,
1095 4043 1153 4093 8³2.
1172 4043 1207 4094 de
1224 4046 1357 4108 Augusto:

271 4113 798 4177 annemundenmopotrotuunoo-
833 4116 898 4166 Paeo
918 4116 982 4166 doto
1004 4117 1360 4169 torirmbnunudeioitia

272 4187 376 4248 sabaim·
393 4213 433 4225 ·—
453 4192 629 4238 summram
645 4188 798 4250 dammula
832 4193 911 4240 vertet
939 4190 1002 4241 Iuro
1024 4203 1099 4241 m
1128 4191 1275 4254 toposque
1298 4193 1359 4255 seret
