2925 4892
485 397 544 446 lili.
564 398 581 447 4,
619 398 716 447 Elusa.
736 399 800 447 xlv.

141 556 285 619 Fratrem
308 552 496 627 maerentis,
521 560 612 639 rapto
635 550 677 619 de
701 552 797 621 lratre
820 552 961 621 dolentis

144 672 371 749 insolabiliter,
394 684 502 741 464666
525 674 606 740 istuc
628 694 720 740 mens
742 675 936 763 animusque

143 800 217 863 Fert
239 807 273 862 et
293 805 379 863 amat
399 796 512 884 spatiis
534 796 694 863 obstantia
715 818 868 884 rumpere
890 796 1038 865 claustra.

140 921 229 985 Rure
251 938 312 1005 ego
334 917 509 993 viventem,
534 928 567 985 46
590 918 671 985 diois
694 918 726 983 in
748 919 830 985 urbe
851 918 982 986 beatum
991 906 1005 997 ;Ι
1148 920 1189 985 l0

133 1106 161 1115 -
183 1080 233 1140 res]
250 1092 296 1129 464
319 1080 385 1129 Dan.
412 1080 542 1131 Heinsius.
565 1106 591 1115 -
612 1079 636 1129 6.
655 1085 769 1131 moretur
784 1079 835 1130 LC.
856 1104 883 1116 -
907 1080 932 1130 a.
951 1085 1007 1131 6664
1023 1079 1157 1131 Bentleius

131 1154 296 1205 6664664644.

101 1295 133 1343 ‹le
151 1306 206 1356 quo
219 1306 244 1341 v.
257 1292 306 1343 od.
320 1294 348 1349 l,
367 1293 407 1342 46.
427 1292 454 1341 64
471 1292 499 1351 3,
520 1293 558 1343 ll.
579 1293 626 1343 Hic
664 1294 693 1343 64
709 1294 830 1355 videtur,
847 1288 927 1359 ἅπαξ
943 1292 1100 1362 λεγόμενον
1111 1297 1191 1347 mira·

100 1370 175 1430 igitur
197 1370 262 1417 4666
282 1365 389 1431 lugebat
406 1368 520 1418 64644664
538 1368 626 1427 Quinti
664 1366 752 1417 billter
768 1368 875 1419 Lamiae
887 1382 1040 1421 maerorem
1050 1372 1078 1421 et
1088 1368 1189 1421 luctum

100 1442 192 1492 iratris.
216 1466 243 1477 -·
268 1442 426 1503 quamuis„
440 1442 563 1506 46646464]
586 1443 625 1492 De
664 1443 823 1506 exprimunt.
853 1446 945 1507 Aeque
967 1443 1086 1508 lugubris
1106 1456 1190 1497 sonus

99 1517 250 1576 indicativo,
262 1528 343 1577 quem
355 1516 409 1565 mei
421 1529 528 1579 quoque
539 1516 623 1567 Codd.
664 1520 705 1566 est
727 1516 861 1567 Homerici
885 1515 953 1569 illius
972 1518 1044 1570 iliad.
1062 1528 1103 1585 ψ,
1121 1522 1187 1571 iil:

100 1594 221 1651 44464664,
239 1590 301 1640 vide
318 1589 498 1651 Schmidium,
517 1592 562 1653 qui
575 1592 626 1641 im·
663 1588 767 1657 ψυχὴν
800 1590 965 1657 κικλήσκων
998 1593 1190 1666 Πατροκλῆος

99 1665 304 1729 ρι464466664644
315 1664 627 1729 Epp.t,lt,ai:qmm
663 1664 780 1716 δειλοῖο.
810 1695 837 1705 -
864 1670 1188 1734 6466466444--4464664441

98 1744 134 1789 cis
148 1741 203 1803 [ers
220 1745 244 1789 ts
260 1738 353 1789 nullius
373 1745 490 1802 spectem.
521 1740 624 1803 luspiee
664 1742 765 1791 Versus
776 1742 942 1802 huiusmodi,
962 1756 1030 1807 quos
1042 1744 1130 1795 media
1142 1758 1189 1794 ae-

99 1816 175 1865 etiam
195 1814 285 1877 Reisig
300 1814 357 1863 Lat.
376 1813 507 1875 spracmo.
528 1814 552 1877 ἓ.
565 1814 622 1865 366.
664 1816 704 1865 las
721 1816 853 1865 Leonlnos
869 1816 1023 1879 appellavit,
1047 1819 1190 1882 reperian-

100 1918 126 1925 -
140 1888 353 1952 plasmatam]
373 1888 520 1939 «fraternus
538 1900 623 1949 amor,
663 1892 708 1939 464
723 1891 778 1940 lam
794 1891 864 1954 apud
887 1892 1043 1943 Homerum.
1072 1893 1144 1943 lliad.
1158 1910 1187 1954 ν,

99 1976 149 2026 quo
176 1962 269 2012 Lamia
292 1962 376 2027 erepti
394 1962 481 2012 fratris
498 1963 625 2013 recorda-
662 1966 724 2015 all:
746 1959 796 2027 Ὃς
816 1962 896 2035 πάσῃ
912 1964 1060 2037 Πλευρῶνι
1076 1969 1127 2019 καὶ
1142 1970 1189 2019 αλ·

98 2042 147 2097 464,
160 2040 189 2087 64
201 2036 354 2099 aegritudo,
368 2050 421 2099 qua
433 2038 624 2096 6666664466»
664 2040 747 2111 πείνῃ
764 2038 923 2091 Καλυδῶνι.
952 2042 1048 2105 Odyss.
1068 2041 1099 2103 il,
1123 2043 1186 2095 est:

99 2128 162 2162 nun:
183 2112 300 2161 «Horatii
313 2112 337 2161 in
350 2112 467 2163 Lamiam
480 2110 623 2173 studium·
663 2110 711 2179 Μὴ
731 2110 978 2180 μνηστεύσαντες,
1003 2115 1070 2182 μηδ’
1088 2111 1188 2167 ἄλλοθ’

99 2186 204 2237 duobus
223 2186 265 2237 lris
282 2198 355 2235 vocc.
367 2186 448 2247 pietur
464 2190 488 2235 et
503 2198 568 2235 cara
588 2186 625 2237 el·
663 2184 865 2254 ὁμιλήσαντες.
894 2189 998 2242 Similes
1015 2191 1112 2255 Virgilii
1125 2206 1189 2243 ver-

99 2262 267 2325 gnilioatum,
287 2272 389 2323 neque:
413 2274 492 2309 «6646
514 2262 622 2320 Horatii,
663 2278 709 2315 sus
730 2264 837 2328 collegit
856 2266 975 2329 Wagner
995 2266 1030 2316 ad
1046 2268 1141 2330 Georg.
1158 2269 1186 2327 l,

97 2338 176 2398 piatas
186 2334 321 2385 Lamiam
341 2335 437 2385 Contra
446 2334 529 2385 Voss:
548 2334 623 2385 Liab'
664 2340 731 2401 ⁴57..
756 2339 870 2405 exempli
891 2344 1057 2399 eausalen.
1076 2342 1104 2402 9,
1123 2342 1187 2391 6444

99 2412 159 2461 aad
199 2410 384 2472 Beaorquiss
422 2422 470 2459 am
505 2411 622 2460 Lamia.
664 2414 1190 2466 Talialactoutemdictieacdiracc·

100 2491 216 2539 meson:
247 2486 364 2549 Pslicbt
386 2488 446 2536 uad
470 2488 558 2551 Sorai
576 2500 624 2537 um
661 2494 788 2539 nentem.
806 2490 835 2549 a,
848 2489 910 2540 6344
928 2490 1190 2547 4,6646446444646444

100 2564 152 2612 aaa
180 2562 300 2611 Lamia.
339 2558 472 2624 Gargallo:
503 2561 625 2611 Curae
662 2562 891 2624 luadesaperbis.
914 2563 1187 2623 Cleadrlltlmli,

97 2637 182 2699 pietb
205 2636 236 2687 ui
261 2637 372 2685 Lamia
395 2634 503 2686 6666444
525 2638 565 2685 mi
581 2638 625 2685 ri-
662 2638 691 2687 b:
710 2637 1189 2696 Maeroremmiaal,lloloremaon

100 2718 202 2774 tenea.
233 2709 286 2760 Sed
304 2710 353 2760 etsl
371 2710 465 2759 Cicero
485 2710 624 2773 baesigni·
660 2712 801 2775 66464666,
819 2710 1188 2775 Memmium-amc]

100 2784 513 2848 ficationedixitpielatamerqa,
531 2786 558 2835 ia
575 2786 625 2835 ali-
664 2786 831 2847 «inegram,
854 2784 900 2835 ubi
921 2787 951 2834 tu
974 2796 1045 2835 6666
1062 2796 1117 2833 es.»
1147 2784 1186 2835 cl.

100 2874 171 2922 quera
180 2860 298 2909 amicum
308 2858 368 2921 (non
378 2860 623 2921 consanguineum),
664 2861 740 2912 Hand
752 2861 827 2911 Tura.
840 2861 883 2910 lll.
895 2874 923 2925 p.
935 2858 994 2910 466.
1010 2886 1038 2895 -
1050 2872 1120 2909 meru
1129 2860 1190 2909 aal-

100 2934 264 2986 mnslructio
282 2936 372 2983 tamen
387 2945 449 2984 cum
460 2934 576 2996 genitivo
589 2934 626 2983 nl·
662 2936 774 3001 masque]
794 2932 878 2999 «νοῦς
893 2935 944 2985 καὶ
960 2929 1057 2999 θυμὸς
1071 2946 1115 2984 me
1126 2934 1190 2985 44466

101 3010 150 3059 mis
167 3007 294 3071 ambigua
308 3010 459 3059 mansisset.
478 3009 559 3057 ilecte
572 3008 625 3059 4646
662 3012 725 3074 (ert,
755 3010 866 3076 impellit
892 3022 954 3069 ma,
984 3012 1014 3059 ut
1040 3009 1099 3059 istic
1127 3022 1188 3059 esse

102 3084 195 3133 Dacier
212 3085 241 3132 et
257 3082 393 3132 Sanadon:
418 3096 479 3145 par
495 3083 525 3131 la
538 3083 628 3144 piata
664 3086 740 3149 louge
759 3086 864 3145 malim,
883 3088 911 3136 et
927 3083 1190 3135 46164446464446644-

101 3163 126 3207 64
150 3158 182 3206 la
204 3158 333 3207 couleur
355 3157 526 3216 66464646,
545 3158 625 3219 utque
664 3161 790 3212 censibus
821 3163 883 3225 equi
917 3162 1020 3211 leroces
1054 3160 1188 3224 quadrigis

102 3232 216 3295 burgos:
242 3230 301 3280 Del
317 3232 459 3281 4464644446
475 3232 585 3280 Lamia
601 3230 627 3279 el
664 3236 745 3285 iuncti
763 3236 933 3299 impatienter
949 3236 1119 3299 exspectant,
1137 3234 1189 3285 do·

102 3306 296 3355 asnlimienlo
319 3320 337 3367 p
365 3306 395 3355 la
419 3306 536 3368 pterea
563 3306 626 3355 sin-
664 3309 1190 3373 necmappaapraetoremissaeelou·
1249 3302 1257 3315 '

102 3394 179 3431 cere.
207 3380 422 3431 Consentaneum
435 3382 505 3437 erat,
527 3383 556 3430 64
566 3392 628 3443 pro-
662 3384 720 3433 stris
743 3385 760 3433 i.
782 3397 806 3434 e.
828 3381 982 3433 carceribus
998 3392 1093 3432 664466
1110 3382 1190 3431 emit·

102 3458 159 3517 pter
176 3456 227 3503 bos
244 3456 315 3517 ipsos
326 3452 472 3505 versiculos
490 3454 561 3504 hano
572 3455 627 3518 epi·
665 3459 766 3518 tantm,
793 3460 823 3507 ut
844 3458 871 3506 in
892 3455 1006 3505 liberum
1023 3456 1086 3504 circi
1104 3456 1190 3504 66444-

103 3526 195 3578 slolam
213 3530 270 3579 sine
287 3542 361 3579 mora
373 3542 435 3579 aum
452 3530 541 3578 Lamia
555 3540 626 3578 6646-
665 3530 754 3582 664646
771 3533 960 3594 prorumpant,
984 3529 1023 3578 sic
1040 3541 1089 3591 ego
1107 3540 1189 3591 quam

104 3604 258 3662 manicaret,
272 3616 359 3667 neque
369 3602 490 3667 igiturlid
498 3603 570 3666 quod
580 3603 626 3652 do-
664 3607 782 3672 primum
798 3618 844 3654 rus
861 3603 993 3667 proticisci
1010 3603 1116 3666 cupio.»
1140 3602 1190 3653 Ce-

104 3689 162 3726 6646
184 3675 304 3727 debebat
322 3679 445 3741 quemvis
460 3679 625 3728 sensuseius
666 3684 754 3731 terum
775 3692 844 3729 444664
866 3679 1013 3740 animmque
1034 3676 1107 3728 haud
1127 3690 1189 3728 raro

105 3750 172 3813 quod
196 3750 284 3813 decet)
308 3766 361 3801 nun
378 3764 456 3802 suam
479 3750 513 3801 de
535 3752 626 3801 Lamia
665 3757 698 3805 ita
717 3756 868 3817 iunguntur.
889 3753 928 3803 Cl.
941 3754 1047 3802 Terent.
1061 3752 1142 3803 Andr.
1157 3753 1184 3812 4,

105 3838 207 3885 664664,
227 3826 276 3875 aed
293 3827 371 3876 unius
388 3826 493 3875 Lamiae
506 3825 626 3877 dolorem
665 3831 695 3891 4,
715 3830 778 3879 ⁴37:
796 3828 868 3880 44646
883 3841 966 3889 mma,
983 3828 1185 3879 malmaalmue.

104 3911 254 3950 memorare
276 3902 389 3963 poterat.
420 3900 519 3950 Horatii
537 3903 627 3950 autem

106 3986 181 4024 curae
198 3972 354 4037 significatio
373 3974 508 4024 6644464666
519 3976 589 4024 inest
600 3976 626 4025 in
698 3979 786 4028 tii-20.
812 3979 879 4029 liure
893 3991 939 4041 epo
951 3977 1013 4042 cet.]
1027 3978 1109 4039 «Ego,
1127 3976 1190 4040 qaia

106 4062 128 4096 r.
145 4054 270 4099 moratur.
299 4076 327 4085 -
352 4050 494 4099 44644646-
507 4050 625 4114 -4464461
665 4051 881 4116 tranquillitatem
914 4064 1014 4116 quaero
1045 4050 1189 4112 Sabinique

106 4124 231 4187 Repetitio
244 4124 365 4175 eiusdem
383 4121 520 4186 vocabuli,
539 4126 629 4189 ipsum
665 4128 718 4177 mei
730 4128 892 4177 amoenitate
904 4125 1037 4187 delector,
1056 4138 1102 4175 rus
1113 4136 1190 4188 prae·

108 4191 324 4261 &acroaticum
336 4212 351 4248 a
369 4200 460 4250 666646
472 4212 525 4263 quo
537 4214 628 4263 repre·
666 4200 735 4259 lero,
754 4202 784 4249 tu
798 4200 910 4262 urbem,
928 4201 955 4250 in
967 4214 1020 4264 qua
1031 4199 1189 4264 cupiditates

108 4272 230 4337 bensum,
248 4287 366 4339 sequens
379 4270 578 4339 ἑξασύλλαβον
590 4276 625 4335 64,
666 4277 723 4326 tuas
741 4273 843 4324 lucilius
860 4273 968 4338 expleas
984 4275 1128 4336 minasque
1149 4270 1190 4321 la-
