2925 4892
491 444 498 454 ,
528 394 589 444 Ans
606 394 751 445 comici.

142 551 341 619 Commodus
364 559 396 616 et
417 548 558 636 patiens,
580 570 645 615 non
668 558 702 614 ut
723 548 765 614 de
788 548 867 615 sedo
891 548 1034 615 secunda

142 673 284 741 (lederet
306 680 498 758 autquarta
519 668 691 737 socialiter.
736 668 794 735 Hic
816 679 848 735 et
871 670 901 734 in
923 670 998 736 Aeci

142 793 310 859 Nobilibus
332 790 483 859 trimetris
504 800 640 879 apparet
660 811 754 858 raras
776 801 808 858 et
832 792 910 857 Enni

141 917 177 980 ln
200 934 332 981 scenam
353 913 471 979 missos
493 932 567 979 cum
588 931 705 998 magno
726 910 872 999 pondere
894 932 1008 979 versus
1127 914 1189 979 260

132 1101 190 1153 voi.
204 1101 245 1152 tr.
265 1115 292 1166 p.
305 1101 362 1152 iii.
378 1129 404 1136 —
418 1101 475 1151 256.
494 1100 617 1163 Spondios
634 1100 689 1162 (sio)
706 1099 801 1149 ambitis
817 1100 845 1149 B.
861 1127 888 1137 -
904 1100 962 1150 258.
980 1100 1037 1151 Acci
1054 1099 1154 1159 bSTcd

133 1178 185 1225 cti·
197 1178 224 1226 et
236 1174 382 1226 bentleius:
401 1175 462 1225 actii
479 1174 536 1225 «vei
548 1175 617 1225 oeci·
636 1174 665 1234 B,
682 1174 734 1225 aut
746 1174 798 1225 hta.
815 1200 842 1211 -
855 1174 912 1225 259.
925 1179 949 1224 et
958 1176 1034 1225 Enni.
1052 1176 1081 1225 in
1093 1177 1154 1227 bct,

134 1278 162 1286 —
173 1250 232 1299 259.
242 1250 299 1299 aet.
312 1254 336 1299 et
347 1249 421 1299 Enni.
439 1250 469 1299 Io
478 1262 579 1299 scenam
588 1249 678 1299 msam
688 1247 804 1300 Marcilio
816 1252 925 1299 auctore
934 1249 1076 1301 Bentleius.
1092 1252 1157 1312 (mb-

131 1336 173 1373 sos
189 1323 260 1373 ctare
279 1322 405 1373 exhibent
422 1322 553 1385 BbSTcd.)
573 1350 599 1359 -
617 1324 674 1373 259.
692 1323 824 1373 Mobdtbus
841 1322 957 1373 metebat
973 1324 1114 1375 Victorius.
1129 1352 1155 1360 -

132 1399 191 1447 260.
204 1412 297 1461 magno
313 1410 371 1447 marr
382 1398 494 1459 pondere
512 1396 595 1447 codd.
609 1396 670 1460 aiiq.
690 1398 752 1459 (non
770 1398 822 1447 mei
841 1410 891 1447 nec
908 1396 1075 1463 benficium),
1094 1399 1155 1450 het.

99 1580 167 1630 την,
197 1558 215 1611 ὃ
243 1562 364 1627 ἐποίησε
390 1558 568 1633 Πραξιτέλης
595 1561 627 1613 ἐν
664 1564 748 1613 Latini
763 1576 894 1628 persaepe
908 1564 933 1614 id
947 1568 1189 1628 unumservarent,

100 1636 195 1704 Κνίδῳ
212 1633 254 1688 οὐ
271 1634 363 1687 πάνυ
381 1633 625 1699 nunterston,
663 1640 731 1690 utin
743 1642 818 1691 serta
826 1640 1072 1692 maneretiambus.
1091 1642 1190 1692 Ennius

100 1715 196 1774 idest,
215 1713 321 1763 circiter
331 1712 408 1763 DXX.
427 1713 482 1763 Cic.
497 1713 570 1764 Brut.
584 1713 624 1773 40,
664 1714 732 1765 hied.
747 1727 774 1779 p.
788 1715 828 1764 52.
842 1714 886 1764 B.:
904 1714 985 1778 Argo,
1004 1728 1056 1775 quc
1070 1716 1134 1765 cocti
1144 1716 1191 1765 Ar-

100 1789 146 1839 ti:
175 1788 342 1837 mmmmm
363 1787 413 1850 suit
431 1792 553 1851 remeate
573 1788 628 1837 toro
662 1788 715 1851 prot
730 1788 817 1839 detecti
832 1788 891 1837 otri.
921 1790 989 1847 Nam
1010 1791 1040 1839 ut
1061 1788 1191 1839 choliam-

100 1863 226 1921 Graecia,
247 1867 335 1911 aereo
354 1865 439 1911 auten
460 1862 561 1911 eimtete
575 1874 628 1911 nos
663 1862 714 1913 bos
730 1864 759 1913 et
769 1863 837 1913 miro
850 1875 915 1913 casu
926 1861 1004 1914 simul
1019 1865 1191 1915 hexametros

99 1940 139 1987 ito
157 1938 257 2000 pridem
279 1937 409 1986 domm
423 1936 494 2000 reqio
509 1935 625 1985 mota.
664 1936 784 1987 iacerent
800 1937 862 1987 huic
879 1936 998 1987 Enniano
1018 1936 1133 1989 similes:
1152 1938 1192 1988 Gi-

99 2014 162 2077 tpse
178 2012 233 2060 Sat.
246 2011 275 2069 i.
288 2011 319 2071 t,
335 2009 375 2061 to.
393 2010 463 2059 haud
477 2010 515 2060 ita
527 2010 628 2072 pridem
661 2024 704 2062 oss
713 2012 819 2061 timont
835 2016 894 2061 tom
911 2012 972 2073 {cett
982 2016 1039 2061 aaut
1050 2012 1187 2074 Compasi:

100 2086 214 2149 usurpat
236 2084 272 2135 de
295 2084 401 2135 circiter
423 2084 518 2135 LXXX.
540 2084 626 2135 aunis.
664 2099 698 2136 eo
723 2098 810 2148 usque
836 2082 957 2135 licentiae
979 2086 1114 2149 progressi
1137 2099 1190 2136 non

99 2158 280 2211 Doederleinii
302 2160 392 2208 autem
414 2161 441 2209 et
461 2156 625 2207 sanarint.
664 2161 733 2209 sunt.
759 2159 848 2209 Verba
866 2160 944 2222 igitur
960 2172 1003 2209 vv.
1016 2161 1141 2211 imisit.
1155 2161 1189 2209 ita

100 2234 337 2297 interpretationes
353 2231 478 2283 dabimus
488 2232 515 2281 in
526 2232 628 2281 Excur-
663 2234 840 2297 interpretor:
854 2234 978 2285 «iambus
990 2234 1015 2283 in
1025 2234 1099 2285 Ennii
1109 2236 1190 2298 atque

99 2323 133 2361 su
144 2309 222 2359 viru.
234 2308 398 2370 -Spondeos
413 2306 520 2371 ambitos]
539 2308 629 2371 Oppo-
664 2308 735 2358 Accii
753 2308 880 2357 trimetris
898 2310 1011 2372 apparet
1021 2320 1098 2359 rarus
1110 2312 1190 2372 atque

101 2387 203 2434 uantur
219 2383 331 2447 spondei
348 2381 444 2433 iambis
455 2381 575 2431 motoriis
587 2383 629 2430 at·
664 2384 806 2445 propterea
819 2382 957 2445 utriusque
972 2384 1067 2446 poetae
1079 2384 1191 2433 trimetri

100 2472 156 2522 que
169 2455 311 2507 celeribus.
325 2484 351 2493 -
365 2455 550 2517 taraputemo]
563 2456 629 2505 Sunt
664 2456 761 2507 merito
787 2456 813 2505 in
839 2456 1078 2519 reprehensionem
1100 2457 1191 2507 incur-

100 2534 161 2581 iura
177 2531 342 2594 singulorum
357 2530 629 2581 fliioruminuniver·
664 2532 756 2579 runt·
785 2530 934 2591 (Manifesta
957 2532 1047 2579 autem
1068 2530 1132 2581 ialsa
1150 2534 1192 2580 est

100 2619 163 2656 sum
177 2606 230 2665 ius,
250 2606 321 2667 quod
333 2605 474 2669 patervita
486 2603 628 2654 defunctus
665 2604 706 2653 Du
723 2601 835 2652 Heraclii
853 2606 881 2652 et
897 2603 1007 2653 Gonodii
1030 2605 1191 2667 interprete-

102 2686 225 2744 ternpore
249 2681 342 2729 mortis
368 2677 496 2729 habebat.
523 2679 629 2742 «Spon-
665 2677 714 2727 tio:
734 2677 773 2725 tta
789 2678 924 2739 spondere.
943 2678 988 2739 qui
1006 2690 1055 2741 pes
1067 2690 1132 2727 sane
1144 2678 1193 2727 mi·

101 2755 170 2805 deos
191 2757 329 2805 consortes
346 2753 397 2803 sibi
417 2754 491 2815 iecit,
515 2752 630 2816 quibus·
665 2751 737 2801 nime
755 2763 832 2801 rarus
849 2750 997 2815 apparebat
1018 2752 1045 2803 tn
1061 2751 1137 2801 Ennii
1154 2754 1192 2801 at-

101 2841 166 2880 cum
190 2827 264 2878 velut
286 2828 464 2879 hereditatem
489 2831 629 2893 paternam
666 2838 719 2889 que
748 2825 821 2875 Accii
846 2824 983 2884 versibus;
1017 2824 1080 2875 iuisa
1111 2826 1192 2875 etiam

102 2904 253 2954 cerneret.»
266 2928 295 2939 -
315 2902 470 2966 Conmwdrtr]
487 2900 629 2953 «facilisac
666 2900 791 2951 Dhntzeri
808 2898 865 2949 Vol.
879 2900 922 2949 tv,
939 2912 966 2963 p.
980 2898 1043 2951 488:
1063 2900 1127 2950 «iiic
1143 2900 1193 2949 trt-

101 2977 248 3039 heniguus,
270 2990 324 3025 non
342 2977 500 3037 tamenim,
519 2977 629 3025 atitem
666 2980 755 3035 meter,
782 2974 828 3037 qui
848 2973 963 3037 pedibus
984 2974 1122 3025 dumtaxat
1141 2975 1193 3023 im-

102 3052 138 3103 de
149 3050 261 3101 sedibus
272 3050 381 3115 paribus
392 3050 628 3113 cederem-quam
666 3048 776 3113 paribus
803 3048 953 3112 spondeum
986 3047 1096 3112 tolerat,
1131 3062 1192 3100 raro

102 3126 192 3189 legem
209 3138 347 3189 nunquam
363 3126 510 3187 migrarunt
525 3125 627 3175 Graeci.
667 3125 805 3187 comparet
821 3124 847 3173 in
862 3124 934 3175 hecil
950 3125 1110 3185 trimetris;n
1129 3137 1194 3189 per-

105 3229 131 3237 -
146 3200 281 3263 sociotttsr}
296 3200 384 3262 Pergit
397 3201 423 3249 iu
435 3198 630 3263 prosopopoeia
666 3214 746 3250 versa
768 3198 889 3249 eiusdem
912 3200 938 3249 in
962 3198 1098 3249 Editione:
1127 3200 1194 3249 «iiic

103 3274 198 3325 iambi:
224 3273 401 3335 «Commode,
427 3272 563 3337 quomodo
579 3272 627 3322 bo·
668 3274 800 3332 trimeter,
828 3273 874 3334 qui
899 3273 1019 3323 secundo
1041 3273 1143 3323 tantum
1166 3274 1194 3323 et

103 3363 155 3401 nus
171 3348 261 3401 socius
278 3349 352 3398 socio
369 3348 504 3399 interdum
521 3348 556 3398 de
573 3349 630 3397 iure
668 3349 764 3410 quarto
782 3346 851 3410 pede
863 3346 1013 3410 spondeum
1025 3346 1148 3407 admittit,
1166 3348 1193 3397 iu

103 3438 153 3474 suo
170 3422 293 3482 decedit,
310 3422 409 3485 aliquid
426 3423 561 3471 remittit.»
581 3420 633 3471 Vo-
668 3420 805 3471 veteribus
824 3421 928 3483 tragicis
945 3420 1043 3471 nostris
1053 3433 1130 3470 rarus
1141 3424 1193 3481 est,

103 3497 231 3549 cabutam
238 3510 311 3547 nunc
320 3500 363 3548 est
373 3489 453 3559 ἅπαξ
463 3493 629 3562 λεγόμενον.
668 3494 715 3557 qui
725 3492 826 3557 ubique
838 3493 989 3558 spondeum
997 3495 1193 3557 receperunt»)

135 3573 277 3623 258-262.
303 3571 358 3636 iiic]
382 3570 504 3635 Plerique
527 3572 566 3621 hie
583 3584 632 3635 pro
672 3596 697 3605 -
717 3568 776 3618 Acci
788 3594 825 3605 --
836 3568 915 3632 Enni]
935 3567 973 3617 Ch
986 3568 1052 3632 Epp.
1064 3568 1095 3629 2,
1110 3568 1137 3629 4,
1150 3569 1191 3618 50.

104 3647 236 3699 adverbio
251 3646 361 3706 habent,
377 3646 427 3697 sed
438 3646 633 3697 manifestoest
668 3644 709 3693 56.
725 3666 752 3677 -
772 3642 906 3706 Nobtttbur]
933 3654 1020 3705 «quos
1041 3644 1125 3692 nostri
1147 3656 1195 3693 ae·

104 3722 258 3773 subiectum
281 3734 335 3772 non
352 3720 439 3771 solum
455 3719 532 3771 verbi
548 3732 632 3782 oppa·
669 3716 762 3781 quales
780 3720 917 3781 tantopere
935 3716 1061 3767 admirari
1077 3715 1194 3777 soient„

102 3803 156 3858 ret,
184 3796 236 3847 sed
256 3797 338 3846 etiam
359 3794 434 3845 verbi
455 3795 559 3857 mand,
586 3792 632 3843 ubi
669 3806 722 3842 non
740 3792 797 3842 sine
815 3791 932 3854 quadam
950 3792 1041 3841 ironia.
1057 3816 1085 3827 -
1100 3792 1197 3855 missos]

104 3870 294 3922 molestissime
306 3868 469 3933 explicares:
485 3866 631 3926 «hocloco,
669 3866 751 3917 veluti
768 3878 783 3916 e
801 3864 903 3917 balista.
931 3868 1105 3929 Nequaquam
1119 3878 1194 3925 vero,
1266 3880 1269 3890 ¹

103 3948 130 3997 in
149 3946 216 3997 sede
233 3944 352 3996 mcunda
370 3945 398 3993 et
414 3947 522 4007 quarta,
541 3942 634 4005 meret
670 3945 701 3992 ut
717 3942 840 4005 opinatur
857 3941 985 4001 Diiutzer,
1014 3944 1054 3991 est
1074 3952 1196 4003 synony-

102 4021 209 4070 erimtne
230 4020 308 4069 Emit
327 4031 444 4069 waes.»
472 4018 518 4068 Est
540 4018 631 4080 igitur:
670 4016 854 4067 mumaihd:
868 4014 1196 4077 Siquid-remoremu-

105 4097 170 4147 aitte
186 4094 294 4145 iambus
311 4095 402 4158 (etiam
419 4094 445 4144 in
458 4092 523 4143 sede
535 4104 633 4144 secun-
669 4092 708 4140 tis.
719 4091 785 4141 Nota
797 4090 876 4139 huius
889 4101 982 4139 versus
993 4089 1068 4151 (260.)
1078 4088 1195 4152 quinque

105 4170 137 4219 da
157 4170 186 4219 et
203 4169 305 4232 quarta)
328 4181 389 4219 runo
413 4167 546 4232 reperitur
561 4167 633 4230 apud
670 4164 818 4229 spondeos,
843 4163 941 4227 quibus
958 4165 1061 4227 egregie
1079 4160 1196 4211 imitatur

104 4244 221 4295 Ennium
238 4246 265 4293 et
281 4243 428 4304 Accium»,
456 4254 519 4291 cum
541 4241 632 4304 tragici
670 4240 746 4291 Ennii
764 4238 883 4291 senarios
898 4240 1008 4304 propter
1023 4238 1101 4287 huius
1113 4234 1195 4299 ipsius
