2925 4892
515 395 574 444 are.
594 395 623 444 n.
643 395 743 446 nrrsr.
762 397 781 444 ι.
1135 395 1199 458 007

147 551 181 618 Si
206 569 321 617 versus
344 547 441 636 paulo
463 549 650 616 concinnior
671 571 756 616 nnus
777 560 811 616 et
831 549 926 626 alter,

146 672 268 738 Iniuste
290 679 390 737 totum
413 667 503 736 dnoit
523 669 698 758 venditque
721 679 848 758 poema.
1154 675 1195 739 75

145 793 301 880 Indignor
321 790 732 892 quidquem'reprehendn
766 813 830 858 non
852 792 929 880 quia
946 812 1057 860 orasse

169 1011 212 1060 lb.
230 1010 345 1072 venitque
361 1025 388 1070 κ,
407 1007 549 1060 Bentleius.
569 1007 608 1070 (ot
625 1019 683 1068 nos,
702 1007 795 1068 nostri,
815 1008 892 1070 leae,
913 1007 1038 1071 Pettierli,
1057 1010 1163 1062 schim·

135 1085 172 1134 dii
190 1083 275 1134 Codd.
295 1083 409 1144 omues.)
429 1108 457 1118 -
476 1082 517 1132 76.
535 1081 653 1143 reprendi
670 1083 687 1131 S
705 1081 769 1144 (non
784 1080 859 1144 on).

102 1271 135 1320 ad
154 1281 275 1332 unguem
293 1267 400 1318 exactis.
429 1266 468 1317 ct.
487 1265 562 1316 ovid.
575 1267 632 1318 lle·
668 1263 732 1316 lium
745 1277 854 1329 gregem
866 1267 892 1318 in
905 1270 1005 1320 eatasta
1014 1271 1192 1334 exponebant,

102 1347 168 1394 tarn.
189 1345 217 1404 t,
233 1342 295 1392 too:
324 1341 564 1400 donna-tonino,
590 1341 632 1390 sed
669 1341 785 1390 maxime
819 1340 952 1394 tormoaos
980 1357 1012 1394 oo
1039 1343 1143 1396 validos
1166 1347 1193 1396 in

101 1420 139 1468 ati
151 1419 181 1468 de
191 1429 321 1466 mamere
331 1421 430 1478 coepto,
449 1417 505 1465 Non
517 1419 632 1464 enoria
667 1414 755 1476 primo
771 1413 864 1464 ordine
880 1415 1059 1478 collocabant,
1077 1419 1105 1468 bi
1117 1421 1195 1483 igitur

101 1493 179 1552 solu,
206 1491 359 1552 mutuoque
378 1489 505 1540 montinio
528 1489 630 1552 ripeta·
668 1487 742 1538 diues
765 1489 853 1550 gregia
877 1481 1028 1542 alliciebant
1048 1497 1193 1557 emptores,

104 1595 130 1604 -
150 1564 242 1628 miror]
260 1564 336 1614 ldem
351 1565 405 1614 lem
422 1562 514 1614 luerat·
526 1563 633 1613 Cicero-
668 1561 737 1612 edeo
753 1564 783 1611 ut
804 1565 915 1626 propter
932 1564 982 1614 boa
998 1566 1134 1618 interdum
1152 1571 1194 1618 to-

102 1642 143 1692 ais
169 1639 298 1691 iudicium
321 1639 477 1689 nominatim
495 1638 528 1688 de
548 1639 630 1697 livio,
668 1639 710 1686 tua
727 1649 793 1699 grex
809 1637 917 1686 edivite
929 1637 1017 1701 aliquo
1030 1646 1192 1692 emeretur.»

103 1715 178 1764 Brut.
192 1715 234 1772 ⁴8,
248 1713 289 1762 it.
304 1711 370 1774 (vid.
381 1712 415 1762 ad
427 1726 452 1760 v.
463 1713 529 1774 62.);
542 1725 630 1775 neque
667 1709 719 1760 Sed
745 1711 767 1760 si
784 1711 837 1760 hoo
853 1713 942 1774 ipsum
959 1711 1088 1764 voluisset
1103 1719 1191 1779 poeta.

103 1789 215 1846 Fronto,
234 1787 318 1837 mirus
335 1784 377 1836 ille
393 1787 568 1850 antiquarius,
588 1797 631 1836 us·
667 1785 852 1846 mengouieam
864 1789 950 1836 artem
961 1799 1015 1836 uno
1027 1787 1123 1840 saltem
1133 1803 1194 1840 ver·

101 1873 186 1926 quam
204 1861 267 1912 livii
280 1861 443 1911 mentionem
457 1861 518 1912 iecit
529 1861 555 1910 in
567 1861 631 1911 sori·
666 1858 702 1908 bo
725 1859 907 1922 significasset.
941 1862 1052 1911 Ceterae
1073 1863 1192 1928 explice-

101 1937 155 2000 ptis
172 1933 368 1999 superstitibus.
667 1933 753 1983 donea
773 1931 875 1984 alienae
895 1935 992 1998 partim
1012 1949 1029 1984 a
1046 1941 1193 1988 consueto-

134 2009 227 2058 73-75.
253 2009 361 2072 amnuit]
379 2009 467 2060 «luter
483 2021 552 2072 quae
570 2022 630 2058 cur·
667 2007 727 2058 dine
746 2009 850 2068 latina,
870 2009 967 2072 partim
984 2023 998 2058 a
1018 2007 1068 2060 loci
1086 2016 1193 2064 senten·

102 2084 175 2134 mine
193 2084 256 2132 livii
275 2085 302 2132 et
313 2084 402 2133 cetere
415 2085 523 2146 antiqua
534 2085 555 2135 si
569 2097 630 2133 ver·
666 2081 702 2130 tia
727 2081 859 2131 videntur.
896 2083 1074 2144 (Novissimae
1100 2089 1191 2136 autem

101 2157 628 2222 burnaexinsperatoapparuitnffioaa.
666 2156 717 2206 bae
743 2158 821 2207 sunt:
848 2156 872 2217 t)
897 2158 1054 2216 «aestimat,
1078 2159 1189 2220 iudieat,

101 2231 194 2293 Ceno.)
219 2233 326 2294 elprae
344 2235 442 2282 ceteris
459 2231 630 2296 pulobdtudi·
666 2235 797 2290 oenset;»
823 2232 846 2292 ξ)
869 2230 964 2290 «iacit,
991 2235 1021 2282 ut
1037 2233 1151 2284 ducetur
1167 2249 1189 2286 a.

101 2309 143 2356 nis
170 2319 237 2356 sune
261 2307 352 2370 specie
377 2308 497 2356 animum
521 2305 629 2356 lectoris
667 2305 868 2366 existimetur»)
886 2305 1190 2360 suemveroleetiooem

100 2381 134 2430 ed
153 2393 184 2432 se
202 2379 341 2430 advertit·
368 2379 488 2444 lntelliglt
504 2393 629 2444 praescr·
665 2378 799 2430 Bentleius
816 2380 852 2428 ita
869 2381 1004 2443 exposuit:
1025 2382 1065 2430 «si
1076 2381 1190 2434 verbum

100 2457 149 2506 tim
168 2453 252 2504 verbu
269 2453 381 2505 feliciter
397 2454 439 2505 vol
457 2469 472 2504 a
489 2455 628 2518 primitivis
666 2453 806 2512 decomm,
833 2453 855 2504 ei
877 2466 946 2504 unus
967 2455 995 2503 et
1011 2453 1078 2505 altar
1094 2469 1189 2506 versus

101 2529 219 2580 deductu
241 2529 284 2580 vel
310 2531 466 2594 composita.
482 2557 509 2565 -
527 2530 629 2579 concin-
666 2525 745 2591 paulo
770 2527 925 2577 concinnior
949 2528 1074 2585 emicuit,
1106 2531 1191 2578 totum

102 2603 168 2668 nior]
193 2619 268 2655 anon
291 2603 378 2654 solnm
397 2603 494 2666 regulis
511 2604 628 2654 metricis
666 2606 763 2664 poema
775 2601 871 2648 iniuste
882 2600 994 2661 docttfid
1006 2603 1063 2659 est,
1081 2599 1189 2664 decipit,

102 2677 278 2738 sutisieoiens,
290 2691 386 2728 verum
398 2679 556 2729 etiamsono
571 2680 628 2741 ipso
665 2674 726 2726 luco
754 2671 824 2735 tallit)
847 2675 997 2735 emptorem
1020 2677 1048 2722 et
1068 2676 1148 2734 verb,
1174 2688 1189 2724 a

101 2751 214 2804 auribus
235 2753 326 2815 gratus
348 2765 379 2802 ac
401 2753 456 2812 rei,
482 2763 563 2816 quam
581 2765 629 2800 ax·
666 2747 755 2798 multis
778 2747 902 2796 emitur.»
931 2745 984 2796 Sed
1000 2760 1065 2796 vero
1082 2751 1191 2798 seuten-

102 2827 207 2890 primit,
240 2838 351 2890 prorsus
376 2827 569 2876 conveniens.»
599 2853 626 2862 -
666 2824 701 2872 tia
728 2822 797 2872 bueo
824 2821 881 2870 est:
910 2821 1045 2884 «Propter
1072 2821 1190 2884 singulos

101 2902 262 2962 decidamus
274 2913 354 2951 eausa
366 2903 393 2952 et
403 2901 537 2950 immerito
545 2898 628 2950 verba
665 2895 799 2959 quosdam
815 2894 888 2946 loooa
900 2889 1007 2964 (ῥήσεις
1020 2895 1152 2960 imprimis
1163 2897 1189 2946 ln

103 2977 128 3026 at
154 2987 254 3026 versus
280 2973 378 3038 uliquot
403 2973 507 3040 pulchri
535 2986 628 3026 secum
665 2969 815 3033 tragoediis)
825 2983 890 3020 vere
900 2968 1026 3033 pulchros
1035 2973 1118 3022 totum
1127 2976 1191 3035 po'e·

103 3049 206 3100 ducunt
224 3051 308 3100 totum
324 3053 432 3114 poema,
451 3062 505 3112 quo
518 3051 575 3099 sine
587 3050 629 3099 his
665 3059 709 3096 me
727 3057 776 3108 pro
794 3043 914 3109 perlecto
928 3042 1030 3095 babere
1046 3047 1127 3108 atque
1144 3046 1191 3096 ud-

101 3125 168 3176 loois
186 3122 333 3174 illustribus
349 3126 489 3188 pervenire
501 3137 554 3174 non
569 3135 630 3186 pos·
665 3119 757 3170 mirari
772 3117 844 3170 stulti
861 3121 928 3170 eet.»

102 3202 156 3260 set,
181 3197 283 3260 idest,
309 3199 336 3248 in
354 3199 469 3258 theatra,
496 3199 629 3260 ingram-
698 3194 787 3244 76-78.
814 3193 960 3257 quidquem]
979 3192 1005 3242 b.
1018 3191 1036 3242 l.
1048 3193 1075 3244 iu
1093 3206 1191 3258 propo·

102 3275 263 3325 malicornm
280 3270 397 3333 scholas,
420 3273 446 3322 in
463 3274 628 3336 privatorum
666 3267 761 3319 sitione
773 3267 944 3327 affirmative,
962 3266 1060 3316 utCie.
1075 3266 1188 3331 Catili,

103 3361 212 3412 quoque
230 3345 418 3406 bibliothecas,
437 3345 628 3410 utqustaliuin
665 3345 694 3392 2:
723 3342 849 3403 oisemo
870 3341 1004 3402 quirum
1022 3340 1082 3398 en‘t,
1107 3341 1151 3401 qut
1167 3346 1192 3391 te

102 3422 160 3474 loee
172 3421 630 3487 perductumoeedentscommen·
665 3417 796 3480 defendere
812 3415 918 3475 awai,
934 3414 1011 3462 oive.
1046 3413 1190 3476 Utrobique

102 3498 181 3558 dent,
215 3495 374 3560 applausum
402 3498 427 3547 ei
455 3493 628 3546 concilient.»
666 3495 758 3542 temen
774 3491 844 3540 inest
860 3489 932 3538 notio
949 3487 1086 3549 negativa:
1110 3500 1191 3551 «pro-

104 3573 214 3622 vendere
238 3572 310 3622 enim
336 3575 363 3622 et
386 3572 516 3621 ceedtwe
537 3573 630 3632 pedena
665 3571 759 3630 pterea
785 3564 858 3628 quod
883 3562 1020 3626 quidpiam
1045 3575 1133 3626 nuper
1155 3563 1192 3614 sit

102 3647 302 3698 tolerationem
324 3647 366 3696 est
387 3659 466 3696 asam
490 3657 630 3696 commen-
666 3639 857 3704 compositum,
875 3635 1192 3700 reprebendinonopor·

103 3722 195 3773 dures
214 3721 270 3772 Cio.
283 3720 317 3770 ud
329 3722 381 3770 lit.
396 3721 435 3780 43,
450 3722 490 3781 tr,
504 3721 534 3770 l:
553 3719 630 3784 lipo-
665 3719 759 3773 tore;»
779 3713 930 3764 auemlnem
940 3723 1002 3762 esee
1013 3709 1130 3772 debere,
1143 3712 1191 3775 qui

103 3796 207 3845 dmum
220 3795 357 3857 praeclare
370 3795 509 3844 vendidisti.
529 3794 627 3844 adltt.
666 3787 805 3841 Catilinam
825 3785 981 3837 defoedata
1015 3783 1096 3836 Paulo
1114 3783 1191 3836 aliter

105 3870 190 3930 t,tfi,
205 3869 250 3920 to:
281 3869 356 3919 Valde
379 3874 403 3919 te
421 3869 556 3919 venditent.
586 3869 629 3918 sio
666 3861 865 3925 Dillenburger:
893 3863 1016 3924 «Negans
1040 3871 1190 3924 pronomen

104 3943 233 3993 omdibitir
248 3948 336 3993 mutor
353 3943 407 3994 Cio.
420 3945 492 3996 ltrut.
505 3942 545 4004 tt,
559 3941 627 4004 itt,
665 3939 803 4001 quidquem
827 3937 901 3987 reete
926 3935 1044 4000 positum
1068 3937 1109 3986 est
1125 3947 1191 3998 pro-

106 4016 282 4082 uprobabilis,
312 4018 358 4081 qui
385 4015 483 4081 populo
510 4015 628 4080 placet.»
666 4015 727 4077 pter
747 4014 890 4075 negantem
907 4009 974 4071 mm,
997 4022 1079 4073 quam
1100 4011 1188 4060 inesse

106 4092 226 4142 Proxime
243 4093 307 4142 huic
323 4105 401 4144 meae
418 4091 629 4155 interpretationi
666 4088 749 4139 sentis
766 4087 793 4136 in
809 4099 837 4136 v.
854 4085 985 4149 tedipnor,
1002 4083 1031 4134 id
1048 4086 1100 4143 est,
1118 4083 1189 4134 terre

106 4165 210 4218 oooedit
226 4166 396 4216 Torrenttanu
414 4162 630 4230 adoptataanil-
667 4175 720 4212 non
737 4173 875 4225 possum»
897 4187 925 4196 -
948 4157 1039 4222 mm]
1057 4159 1088 4208 ut
1102 4167 1191 4206 mem

106 4238 279 4304 lenburgero:
308 4241 466 4303 :Mangones
483 4238 529 4289 ubi
546 4251 631 4290 vene·
666 4238 790 4288 liinemo.
810 4236 872 4298 (Set.
885 4236 910 4296 2,
923 4227 948 4294 ἲ,
961 4233 996 4296 3.)
1008 4234 1062 4284 Cle.
1072 4231 1188 4282 adFem.
