2925 4892
265 366 327 431 358
649 359 977 413 nonarirsirraiauu

308 524 378 590 Hoc
390 522 492 609 magis
504 518 610 586 ulium
620 516 776 597 aliud-3
789 516 904 604 pipere
920 513 1002 591 albo,
1019 534 1085 579 non
1096 513 1168 579 sine
1182 521 1284 588 aceto,

308 643 404 724 Quod
426 640 683 729 Methymnaeam
704 638 782 704 vitio
803 636 975 703 mutaverit
995 656 1101 701 uvam.
1310 634 1351 698 50

309 766 430 832 Erueas
452 762 587 837 virides,
612 758 716 825 inulas
740 778 802 845 ego
824 758 948 844 primus
970 776 1098 823 amaras

308 883 480 953 Monstravi
503 884 695 970 incoquere,
720 878 838 945 inlutos
856 877 1008 946 Curtilius
1029 876 1179 953 echinoS,

309 1006 349 1075 Ut
369 1003 485 1072 meiius
507 1004 612 1070 muria
634 1002 728 1091 quod
745 1009 828 1067 testa
848 999 973 1065 marina
994 998 1141 1066 remittat.

309 1128 436 1193 Interea
458 1144 617 1212 suspensa
639 1142 755 1212 graves
777 1121 892 1189 aulaea
913 1121 1023 1187 minas

309 1250 345 1313 ln
366 1246 507 1335 patinam
528 1246 648 1323 iecere,
673 1243 831 1311 trahentia
852 1241 996 1329 pulveris
1017 1242 1077 1308 atri

309 1370 471 1448 Quantum
495 1388 559 1434 non
581 1366 696 1455 Aquilo
719 1364 891 1453 Campanis
913 1363 1029 1431 excitat
1050 1362 1146 1449 agris.

308 1490 374 1555 Nos
394 1488 498 1555 maius
521 1488 629 1565 veriti,
653 1496 826 1575 postquam
846 1484 923 1552 nihil
945 1505 1019 1551 esse
1043 1482 1156 1571 pericii

332 1668 590 1717 conumeratus.
617 1692 645 1703 -
671 1667 713 1715 52.
731 1665 824 1714 inicias
839 1662 881 1713 vei
898 1664 981 1713 iiiutcs
997 1662 1102 1712 actim.
1122 1660 1222 1725 (inlotos
1237 1662 1322 1712 lient-

299 1740 365 1793 iains
383 1743 410 1792 ei
425 1742 448 1791 J.
483 1742 522 1791 Da
541 1740 626 1790 Codd.
644 1740 713 1789 meis
730 1752 801 1789 nunc
818 1751 872 1788 non
889 1737 1018 1798 memini.)
1044 1764 1071 1773 -
1092 1736 1133 1785 53.
1153 1738 1220 1797 qood
1235 1736 1320 1800 bScp.

299 1816 365 1867 Cod.
380 1818 504 1879 Franeq.:
523 1829 572 1879 quo
590 1814 655 1865 Cod.
668 1814 760 1864 Biand.
773 1816 984 1876 vetustissimus,
1002 1826 1079 1875 qoam
1091 1813 1156 1875 LCt,
1174 1812 1321 1871 Bentieiua.

268 1982 360 2035 citabit
375 1980 519 2047 palatum.»
549 1983 613 2033 iiire
630 1982 792 2045 interpreto—
829 1993 936 2045 quoque
953 1980 1045 2031 inlutos
1055 1980 1153 2029 sobiam
1167 1979 1356 2042 incoqucndos

267 2061 310 2108 tus
336 2060 378 2106 est
398 2055 534 2107 Wieiand:
565 2056 702 2106 Citerweta
725 2056 792 2105 wird
828 2067 937 2105 curasse
965 2055 1137 2105 manifestum
1165 2056 1219 2112 est3
1248 2066 1357 2118 nequa-

266 2130 333 2180 ntcit
349 2131 395 2179 mit
414 2129 570 2193 cauciaci&
596 2142 624 2179 er
638 2142 706 2179 nam
728 2129 792 2179 betm
828 2140 911 2191 quam
927 2128 999 2177 enim
1010 2128 1065 2189 bis,
1083 2125 1241 2177 utncnoulii
1253 2129 1358 2191 opinati

266 2206 343 2254 Esset
354 2204 568 2267 Maccabaeicae
578 2206 686 2255 werdae
702 2206 792 2254 -iie-
828 2204 905 2262 sunt,
934 2200 1058 2252 substitui
1085 2204 1209 2266 poterant
1234 2202 1357 2265 cncede.)

268 2278 439 2342 iimmnoecm]
467 2290 482 2327 a
513 2278 680 2340 Methymna,
711 2276 792 2327 Lesbi
829 2277 954 2327 Ceterum
980 2274 1139 2325 Doederlein
1156 2276 1251 2337 Sanos.
1270 2278 1305 2325 ii.
1328 2290 1356 2339 p.

268 2354 375 2419 oppido.
405 2355 443 2403 De
461 2354 522 2403 rino
539 2352 635 2403 Lesbio
652 2353 685 2403 ci.
700 2352 748 2403 od.
762 2354 790 2414 i,
828 2349 870 2401 io.
894 2350 1029 2413 distinguit
1051 2363 1093 2398 vv.
1117 2350 1217 2411 iactus,
1243 2350 1356 2412 besum,

269 2429 313 2489 ti,
331 2429 372 2478 st.
388 2428 490 2477 -oitio
506 2426 648 2491 mutaverit]
668 2429 791 2477 «acetum
829 2428 857 2475 et
888 2426 991 2475 mutos
1022 2423 1066 2474 vei
1098 2424 1195 2486 mmm,
1228 2438 1359 2488 maerec-

268 2516 301 2553 ex
313 2504 375 2553 vino
392 2501 488 2553 Lesbio
503 2502 655 2552 coniectum
671 2502 746 2561 vitio,
764 2499 792 2549 id
828 2501 908 2549 scies.
944 2498 1019 2549 Cani.
1039 2501 1129 2548 tamen
1146 2500 1200 2547 Sat.
1212 2500 1243 2559 2,
1261 2498 1293 2557 i,
1313 2498 1356 2550 at.

269 2578 325 2639 est,
352 2576 495 2637 termento,
525 2576 674 2639 Gititrtmym
715 2572 790 2624 Coni.
831 2599 859 2609 —
879 2574 909 2621 Ut
923 2573 1019 2633 meiius]
1037 2566 1078 2633 ὥς
1088 2574 1226 2642 κρεῖσσον
1237 2564 1282 2621 ὅν.
1315 2573 1356 2623 Ci.

267 2652 364 2713 Satn,
383 2652 412 2713 2,
430 2651 471 2701 tt.
828 2647 914 2697 v.89:
931 2646 1054 2695 umato
1070 2647 1181 2695 sewius
1202 2648 1359 2707 -quodte

828 2726 868 2770 stc
887 2724 992 2770 monna
1011 2720 1139 2783 remutet]
1162 2720 1237 2770 itanc
1258 2718 1361 2770 iectio-

300 2800 385 2849 stas.
402 2799 508 2862 Eronos]
521 2798 568 2848 Est
578 2797 697 2848 brassica
710 2810 792 2849 eruca
829 2808 891 2847 nem
903 2794 1024 2858 volgatae
1036 2808 1114 2856 quesn
1128 2799 1145 2843 t.
1158 2808 1192 2843 m.
1205 2794 1314 2845 micat
1325 2808 1359 2844 er

269 2874 356 2932 iiam,
374 2872 484 2922 doute.
520 2872 573 2921 iias
589 2871 688 2922 virides
706 2884 792 2935 appo·
829 2869 1055 2933 Coddantiquiss.
1066 2868 1358 2932 auctoritatepraetuii.

269 2958 334 2995 nere
352 2957 382 2994 se
400 2943 523 2993 docuisse
542 2955 594 2993 non
612 2945 668 2994 sine
686 2943 792 3005 φιλαυ-
830 2946 911 3004 «Quia
928 2943 1024 2993 meiius
1035 2944 1070 2993 sit
1086 2956 1167 3006 quam
1180 2944 1267 2993 muria
1278 2956 1297 2993 a
1309 2956 1361 2993 ce-

269 3020 317 3085 sic
333 3019 436 3077 narrat,
464 3030 526 3066 cum
550 3019 627 3067 antea
644 3018 792 3069 seminibus
828 3020 895 3069 tario
919 3020 1092 3081 praeparata,
1119 3030 1201 3082 quam
1222 3015 1266 3067 aiii
1292 3018 1361 3067 iruic

269 3091 407 3141 dumtaxat
423 3090 457 3140 ad
474 3090 638 3142 condiendos
649 3092 724 3143 cibos
735 3096 793 3143 ute·
828 3094 878 3142 iuri
895 3091 1059 3152 admiscent,
1078 3092 1114 3153 id,
1134 3091 1207 3155 quod
1217 3093 1288 3142 testa
1300 3106 1361 3143 ma-

268 3165 370 3216 rentur.
395 3163 448 3214 Cir.
461 3165 604 3227 Apiciumi
618 3202 624 3225 ‚
636 3166 678 3215 27.
698 3167 791 3228 (Eruca
828 3167 901 3223 rina,
927 3164 1016 3216 illutus
1038 3166 1149 3217 echinus
1171 3180 1222 3230 per
1241 3178 1272 3217 se
1297 3168 1359 3231 ipae

268 3240 359 3289 autem
367 3250 497 3288 venerem
508 3238 612 3287 excitat.
632 3237 790 3290 Ovidiiem.
829 3241 946 3290 remittat
968 3242 1056 3302 (sucus
1078 3241 1136 3290 eius
1155 3238 1282 3291 nammiis
1302 3254 1360 3291 non

268 3315 328 3363 Am.
347 3312 409 3375 ⁷9⁹²
433 3313 485 3361 Nee
500 3312 583 3361 minus
599 3324 689 3363 emaus
704 3318 793 3375 apator
830 3315 928 3366 dilutus
945 3328 1015 3379 aqua
1031 3315 1137 3379 dulci).-
1167 3316 1256 3365 Lectio
1276 3329 1361 3377 mam

267 3392 303 3439 est
312 3388 395 3437 citare
404 3387 512 3449 aduam,
527 3388 561 3437 iit
572 3388 692 3451 quidquid
706 3389 794 3440 Veneri
830 3392 889 3441 orta
913 3392 956 3441 eet
980 3404 1012 3440 ex
1042 3390 1290 3441 accommodatione
1322 3392 1360 3441 ad

267 3474 376 3525 comem
391 3467 479 3511 nostra
492 3460 594 3527 parat.)
614 3490 642 3499 -
659 3464 768 3513 iacias·
778 3490 792 3501 ·
828 3476 888 3514 voc.
901 3466 1023 3528 proxime
1040 3466 1217 3525 antecedens;
1240 3467 1269 3515 et
1287 3480 1360 3517 con-

268 3536 381 3600 cmoros]
399 3537 512 3587 astans.
550 3536 604 3586 Sat.
627 3538 657 3597 i,
685 3538 716 3597 Ἰ,
743 3537 790 3589 it:
829 3540 960 3589 inactivus
977 3540 1108 3603 siguificat
1124 3540 1194 3590 hanc
1211 3552 1226 3589 a
1244 3539 1360 3591 Curtilio

269 3612 478 3661 acidos-insius.
502 3612 541 3661 De
553 3610 640 3661 inulae
652 3612 792 3661 conditura
829 3613 918 3663 aiierri
945 3615 1086 3665 rationem.
1124 3614 1230 3664 Codicis
1258 3612 1358 3665 Biaud.

269 3683 501 3747 iegaCqum.i2‚
517 3685 707 3750 48.-tniutos]
723 3699 792 3736 soon
828 3686 907 3738 lectio
932 3702 981 3750 qao
996 3714 1034 3726 --
1049 3690 1166 3749 residit,
1193 3689 1251 3738 orta
1276 3700 1361 3738 mero

269 3770 338 3820 aqua
355 3756 425 3807 dulci
443 3756 522 3818 ictos,
541 3772 595 3821 quo
613 3761 732 3811 marinae
747 3772 793 3811 sa-
829 3761 928 3812 iibrarii
955 3776 1046 3813 errore
1075 3776 1108 3813 ex
1140 3776 1206 3813 vera
1237 3760 1361 3813 lectione

268 3846 320 3897 por
339 3832 370 3883 iis
392 3832 551 3895 decederet,
578 3837 689 3887 echinos
711 3850 792 3901 prae-
829 3838 909 3899 quod,
939 3839 1013 3887 omni
1037 3850 1120 3888 seusu
1144 3837 1270 3888 destituta
1297 3840 1359 3898 est,

268 3908 431 3959 sicutissime
452 3910 514 3959 huic
536 3912 586 3960 iuri
608 3914 709 3964 muriae
733 3913 792 3966 ioco
829 3912 880 3963 etsi
897 3913 988 3963 nescio
1009 3912 1069 3975 quis
1090 3910 1222 3975 expiicare
1242 3914 1361 3962 conatus

268 3981 371 4046 primus
382 3983 527 4046 incoquere
539 3985 629 4036 docuit
641 3986 791 4048 Curtilius.»
829 3989 871 4036 est
889 3998 950 4047 reo,
973 3986 1072 4050 quod.»
1100 3985 1237 4049 voigatam
1260 3984 1361 4034 iectio-

267 4052 356 4107 beliue
368 4056 483 4119 ignotus,
496 4059 538 4107 cui
550 4058 674 4121 giorioiac
686 4063 791 4125 partem
829 4072 891 4111 nem
909 4074 987 4123 casum
996 4060 1070 4111 varie
1082 4059 1225 4124 explicant:
1245 4060 1269 4121 t)
1282 4070 1362 4109 nme·

267 4128 382 4180 libenter
399 4130 484 4191 cedit,
504 4144 557 4195 quo
574 4134 715 4184 artiticium
731 4148 793 4199 per·
827 4132 878 4183 iius
899 4135 997 4195 muria,
1024 4146 1095 4197 quae
1120 4135 1294 4198 praeparator
1323 4145 1359 4181 ex

266 4206 362 4256 iecisse
373 4206 431 4270 ipse
443 4206 573 4257 uideatur.
610 4208 792 4271 (Nasidienum
828 4206 965 4259 conchatis
976 4207 1360 4270 marinis3»r)«maria,qoae
