2925 4892
490 365 548 414 biit.
570 366 589 415 i.
628 365 724 416 EPlST.
744 366 797 416 itit.

141 522 290 606 Occupet
312 519 464 584 extremis
487 519 518 583 in
541 519 620 586 vicis
641 519 739 586 baiba
760 531 920 588 senectus.

142 641 222 706 Cum
246 637 302 704 tibi
326 639 374 704 sol
397 639 526 726 tepidus
548 639 659 727 piures
681 640 862 708 admoverit
881 663 995 713 aures.

141 761 192 826 bie
216 759 365 827 libertino
387 771 495 826 natum
520 771 609 848 patre
633 772 665 828 et
686 763 718 826 in
744 764 832 829 tenni
855 783 892 829 re

142 881 283 947 Maiores
306 901 428 968 pennas
451 881 528 948 nido
550 882 735 948 extendisse
757 883 917 970 loqueris,

166 1114 207 1164 rs.
227 1114 291 1164 bello
308 1113 326 1163 b
345 1115 406 1176 (non
424 1114 494 1178 scd).
517 1141 543 1152 -
564 1116 752 1179 ittpiurs'sllc.
769 1146 795 1153 —
809 1118 850 1168 24.
860 1119 956 1180 picem
971 1131 996 1177 c.
1010 1119 1113 1181 plurios
1127 1118 1154 1168 d.

98 1310 173 1360 locus
201 1308 237 1358 de
266 1309 317 1360 beo
349 1310 434 1374 prima
464 1310 627 1362 institutione
664 1311 751 1362 Nolim
775 1313 866 1376 ltaque
890 1315 1060 1378 interpretari
1083 1314 1119 1366 de
1136 1316 1189 1366 cir·

97 1382 207 1447 puerili,
226 1395 295 1446 qnae
313 1383 393 1434 etiam
411 1384 462 1435 sub
479 1384 523 1434 dio
536 1385 625 1446 tiebat,
665 1386 900 1438 comioranaorum
936 1387 1057 1450 circulis,
1090 1389 1190 1453 quibus

100 1460 187 1508 exstat
197 1457 269 1521 apud
282 1458 392 1508 Dionem
404 1459 626 1522 chrysostomum
663 1465 871 1524 vesperascente
889 1461 934 1512 die
951 1463 1050 1514 Horatii
1071 1466 1190 1516 earmina

99 1533 141 1582 04.
154 1533 198 1592 444,
212 1533 237 1582 9.
253 1544 281 1596 p.
294 1531 351 1582 itis.
366 1534 412 1583 it:
431 1533 461 1582 oi
470 1530 528 1583 τῶν
539 1549 628 1603 ypep-
664 1537 782 1586 recitarit
797 1536 937 1588 mendicos
949 1534 1057 1602 aliquis,
1074 1541 1105 1588 ut
1117 1553 1190 1591 nuuc

98 1601 200 1670 μάτων
216 1601 387 1656 διδάσκαλοι
401 1603 475 1670 μανὰ
492 1605 549 1656 τῶν
565 1609 628 1659 aab
664 1609 774 1674 quidem
790 1624 841 1675 per
857 1610 947 1661 italiae
964 1612 1061 1675 oppida
1073 1613 1190 1677 optimos

99 1679 156 1730 δων
174 1679 207 1731 ἐν
222 1685 288 1742 ταῖς
305 1675 385 1744 ὁδοῖς
401 1677 559 1747 κάθηνται,
577 1683 627 1734 καὶ
664 1685 768 1735 44444444
785 1685 913 1749 lassique
929 1684 1003 1736 locos
1017 1686 1190 1738 circulatores

100 1751 186 1807 οὐδὲν
212 1749 313 1818 αὐτοῖς
339 1751 472 1822 ἐμποδών
497 1755 575 1808 ἐστιν
596 1757 627 1809 ἐν
664 1756 771 1820 popello
798 1756 925 1809 altissima
950 1761 978 1808 et
1001 1771 1099 1809 sonora
1121 1772 1189 1810 voce

100 1826 233 1896 τοσούτῳ
250 1826 354 1895 πλήθει
370 1827 422 1882 τοῦ
434 1827 580 1884 διδάσκειν
596 1845 627 1882 τε
664 1833 792 1892 recitent,
819 1833 971 1884 cumidem
988 1847 1048 1884 mos
1064 1835 1190 1886 Romania

100 1906 149 1956 καὶ
165 1901 338 1970 μανθάνειν.
663 1907 774 1968 Augusti
796 1909 884 1958 aetate
907 1907 988 1958 tribui
1003 1910 1047 1958 vix
1063 1911 1147 1973 possit
1163 1911 1190 1960 444

132 1981 173 2030 49.
201 1981 264 2030 Cum
285 1979 329 2030 tibi
352 1981 389 2029 soi
412 1981 475 2046 cet]
502 1981 550 2032 llic
573 1995 625 2033 non
664 1981 751 2044 poetis
768 1981 934 2045 aequalibus.
964 1982 1125 2034 Perridicula
1139 1997 1191 2034 aa·

100 2055 166 2110 44444,
186 2056 217 2102 ut
227 2051 348 2118 plerique
360 2057 465 2118 putent,
478 2055 512 2105 de
524 2053 625 2116 schola,
664 2057 720 2104 tem
744 2058 786 2106 est
808 2054 1014 2107 Scholiasterum
1029 2057 1191 2121 interpreta-

100 2141 187 2190 aqua
205 2128 362 2190 cogitatione
380 2129 438 2178 eius
455 2130 559 2180 animus
577 2128 627 2180 ab·
664 2129 716 2178 tio:
744 2129 919 2181 «Secundum
941 2143 1046 2181 morem
1067 2129 1192 2181 librario-

101 2200 243 2262 borrebat‚
268 2202 386 2253 scribere
403 2204 501 2266 pergit,
525 2201 625 2254 sedda
664 2216 725 2253 rum
742 2205 984 2269 magistrorumque
1000 2203 1126 2270 loquitur,
1144 2207 1191 2270 qui

101 2275 185 2326 multo
198 2277 279 2326 etiam
291 2277 392 2328 maiore
404 2277 545 2338 lectorum,
558 2291 627 2340 quos
666 2278 736 2326 circa
753 2281 878 2341 quartam
894 2278 938 2329 vel
958 2280 1079 2343 quintam
1095 2281 1191 2332 boram

101 2363 130 2400 se
148 2351 320 2400 inventurum
338 2364 399 2402 esse
418 2351 559 2415 sperabat,
581 2366 628 2403 nu·
665 2351 764 2402 dictata
781 2353 872 2416 pueris
890 2352 1023 2417 praebere
1040 2366 1191 2405 consueve-

101 2437 184 2474 mero.
213 2425 245 2474 lli
263 2425 627 2490 cumpertimaprimotere
665 2428 742 2487 runt,
770 2438 823 2489 quo
841 2429 963 2490 tempore
980 2429 1043 2477 sunt
1062 2433 1190 2478 trocta-

101 2512 181 2549 mane
193 2499 367 2562 patronorum
379 2497 544 2561 salutationi,
560 2499 626 2562 loro,
666 2498 827 2549 bitteris.»

102 2573 220 2632 iudiciis,
239 2573 325 2624 omnis
336 2574 563 2636 generisnegotiis
575 2573 626 2632 vel,
698 2572 787 2622 40-43.
813 2573 855 2623 lie
870 2573 984 2622 libertino
1001 2575 1064 2638 cet]
1091 2576 1191 2624 imitari

102 2650 123 2698 si
142 2647 247 2698 4444444444
266 2650 342 2698 eraut
364 2647 437 2710 (Plin.
459 2649 524 2713 Epp.
540 2649 570 2711 4,
586 2649 626 2710 43,
666 2645 772 2696 videtur
793 2647 995 2708 gmmmaticos‚
1022 2649 1068 2710 qui
1084 2647 1192 2698 sebole-

104 2723 162 2782 ti.l,
176 2720 321 2785 disciplinis
332 2723 512 2773 severioribus
524 2736 556 2773 ao
568 2723 630 2788 pbi·
666 2731 725 2769 rum
739 2731 849 2770 suarum
862 2733 878 2769 a
893 2722 1033 2784 poetarum
1043 2721 1104 2771 vitis
1115 2733 1192 2771 enar·

102 2795 240 2860 losophiae
257 2800 400 2848 vacassent
421 2809 505 2861 usque
523 2797 558 2848 ad
575 2797 628 2848 diei
666 2793 757 2844 randis
787 2793 890 2844 initium
915 2793 1068 2845 sumebant.
1106 2797 1192 2845 «Tum

103 2868 184 2920 civilis
201 2869 298 2920 boram
313 2870 370 2920 iere
387 2872 545 2936 septimam,
569 2885 630 2922 me·
667 2865 739 2917 clare
756 2867 850 2929 dicito,
876 2881 921 2918 me
938 2881 968 2918 re
985 2881 1048 2919 rere
1065 2871 1141 2933 patre
1158 2868 1192 2919 li-

103 2943 256 3004 ridiatione‚
275 2943 386 3005 balneo,
411 2947 532 3010 corporis
550 2959 629 2996 eser·
666 2942 772 2992 bertino
788 2945 880 2992 natum
893 2955 980 2992 esse.»
1007 2943 1047 2993 Ci.
1061 2945 1114 2992 Sat.
1128 2944 1152 3004 4,
1165 2945 1191 3004 44,

104 3017 272 3068 citationibus
289 3031 350 3069 sese
365 3017 528 3082 aliquantum
541 3033 630 3070 reere-
667 3017 690 3066 o.
709 3015 751 3066 46,
787 3017 835 3066 liic
859 3029 968 3080 quoque
988 3018 1120 3080 significet
1138 3031 1191 3068 oon

104 3091 199 3151 abent,
228 3091 325 3142 deinde
351 3094 456 3142 coenati
481 3093 547 3143 bora
573 3092 628 3143 iere
667 3090 808 3140 morerise
821 3091 971 3142 invidorum
982 3093 1035 3143 boc
1046 3092 1192 3164 identidem

104 3179 190 3226 nona,
225 3178 287 3216 cum
313 3167 421 3216 aestatis
447 3169 568 3230 tempore
593 3167 631 3217 sel
667 3165 717 3228 ipsi
734 3164 917 3216 obiicientium
933 3165 1129 3228 maledicentia,
1144 3168 1194 3217 4444-

106 3239 156 3290 iam
174 3239 272 3301 tepidus
284 3240 409 3303 essetici.
423 3239 476 3290 Sat.
491 3242 515 3300 i,
528 3240 553 3300 4,
566 3240 628 3303 ib),
668 3250 712 3290 mo
737 3241 848 3290 minime
864 3253 894 3291 se
917 3241 1034 3304 pudere,
1061 3242 1134 3305 qaod
1150 3243 1193 3292 te-

105 3315 174 3364 circa
192 3313 288 3364 boram
305 3313 439 3364 decimam
455 3315 536 3364 animi
548 3328 629 3364 eausa
667 3316 797 3366 nuissimo
813 3314 872 3365 loeo
888 3317 962 3365 ortus
978 3315 1026 3373 sit;
1045 3327 1133 3378 eoque
1144 3316 1194 3366 mi-

105 3387 279 3452 perlegebent
299 3390 418 3440 carmina
442 3401 527 3454 nuper
544 3390 571 3440 in
588 3389 629 3440 lu·
667 3401 730 3448 nus,
753 3388 826 3450 quod
848 3388 883 3436 ab
906 3389 965 3450 ipso
981 3387 1033 3436 boc
1049 3390 1125 3450 patre
1141 3387 1193 3437 ob-

106 3475 162 3514 eam
180 3465 290 3514 emissa.
317 3464 356 3516 Ci.
375 3463 485 3514 liertiai.
499 3462 530 3524 4,
549 3464 578 3524 8,
599 3465 628 3514 7:
667 3475 748 3513 scuro
771 3460 856 3511 multo
880 3460 976 3512 meiius
1001 3461 1036 3510 sit
1062 3461 1193 3512 4444444444

106 3538 172 3588 liora
189 3537 329 3588 limitemur
344 3539 442 3588 44444444
457 3545 507 3599 est,
530 3539 631 3601 Eripiu-
668 3548 750 3600 quam
767 3535 877 3585 ditiores
898 3532 1023 3597 permulti
1040 3547 1056 3582 a
1072 3535 1194 3598 parenti-
1230 3556 1233 3560 ⁴

105 3625 153 3673 me,
165 3626 290 3662 maenam.
315 3613 391 3664 idem
404 3615 445 3674 to,
459 3615 499 3672 49,
514 3614 565 3675 ts,
585 3613 630 3663 ubi
668 3610 719 3660 bus
736 3611 792 3659 suis
809 3609 938 3672 ingenuis.
960 3633 988 3644 -·
1005 3609 1116 3659 iioiorss
1128 3622 1194 3671 pers·

106 3685 222 3736 Thaliam
243 3697 322 3736 suam
339 3689 533 3750 epigrammata
549 3686 631 3738 Plinio
667 3685 723 3748 nos]
743 3685 841 3735 «Dices
857 3696 901 3734 me
913 3683 1014 3732 maiora
1025 3683 1134 3733 omnino
1147 3697 1195 3734 au·

107 3759 200 3810 4444444
219 3759 308 3821 lubet,
328 3762 435 3825 tempus
451 3763 631 3825 opportunum
668 3771 728 3810 sum
746 3761 827 3821 atque
845 3758 926 3808 etiam
945 3755 1047 3808 leticiae
1063 3757 1192 3822 adeptum

107 3835 139 3884 ita
155 3835 322 3899 significans:
350 3837 427 3886 Saros
442 3837 520 3886 4444444
535 3837 582 3886 ibis
598 3837 633 3886 4444
669 3845 744 3892 esse,
763 3845 845 3895 quam
862 3830 1014 3881 concedere
1027 3831 1085 3882 visa
1100 3832 1136 3881 sit
1152 3833 1194 3882 te·

107 3909 235 3968 lucenam
261 3911 328 3960 liaeo
353 3911 418 3960 liora
434 3916 469 3960 sat
486 3915 538 3960 tua.
578 3911 631 3961 ilos
669 3908 728 3958 ouis
747 3920 807 3956 mea
823 3907 924 3969 origo.»
956 3907 1087 3957 construe
1102 3909 1194 3957 autem

108 3983 182 4045 igitur
192 3983 340 4034 benevolos
351 3983 466 4034 lectores
477 3997 528 4049 per
536 3985 631 4034 domos
666 3993 765 4045 pannos
787 3981 896 4030 mebrss
919 3981 979 4030 eido
1001 3979 1094 4044 (quam
1116 3981 1194 4031 nidus

109 4057 632 4123 susadispersosvelutunuminiooum
670 4056 801 4120 capiebat)
818 4057 969 4116 4444444444,
996 4055 1142 4120 explicasse
1159 4055 1194 4104 ad

110 4135 280 4195 cooperatos
290 4132 342 4183 sibi
354 4145 428 4182 owse
439 4131 571 4196 praebere
584 4131 632 4181 fln-
669 4131 797 4182 rolatum.
833 4131 969 4181 Contraria
994 4131 1109 4193 imagine
1125 4130 1192 4192 Epp.

112 4204 158 4264 sii,
191 4204 289 4258 librum
323 4207 493 4258 recitatorem
521 4207 629 4257 iaciens.
669 4207 697 4267 4,
717 4207 748 4266 2,
761 4205 802 4256 so.
822 4207 883 4269 post
898 4205 985 4255 aciem
996 4202 1194 4267 Philippensem
1263 4207 1270 4218 ·
