2925 4892
248 318 289 384 51
628 320 759 373 nourrii
777 320 959 373 elucescit

250 477 332 545 Cum
354 496 456 563 genus
477 474 540 543 hoc
561 475 644 541 inter
666 475 752 541 vitae
772 486 937 553 versetur,
960 474 1017 543 ubi
1039 444 1125 543 acris
1297 480 1342 545 60

183 642 188 651 ·
247 597 372 664 Invidia
394 607 491 685 atque
512 596 621 684 vigent
642 595 698 662 ubi
722 596 872 663 erimina:
896 617 956 683 pro
977 596 1063 665 bene
1086 616 1167 664 sano

247 722 294 786 Ao
316 739 379 785 non
402 719 529 785 incauto
549 718 656 804 fiotum
677 727 881 805 eremumque
903 738 1068 785 vocamus.

248 839 431 927 Simplicior
452 839 526 927 quis
548 849 581 906 et
601 849 663 918 est,
687 838 818 927 qualem
840 858 894 905 me
916 858 1017 926 saepe
1036 837 1175 907 libenter

250 960 432 1028 Obtulerim
452 959 525 1037 tibi,
548 960 732 1037 Maecenas,
756 969 791 1025 ιιι
813 960 894 1026 sorte
914 958 1076 1047 legentem

314 1168 356 1218 60.
374 1178 503 1217 ocrem
521 1164 606 1217 Bentl.
623 1178 655 1216 ex
673 1166 819 1216 veterrimo
839 1164 958 1216 blandiri.
995 1166 1035 1229 (tit
1054 1179 1117 1229 nos,
1136 1180 1232 1219 omnes
1252 1170 1308 1219 mei

283 1244 310 1292 et
326 1241 463 1303 Pottierii.)
487 1266 515 1276 -
530 1239 570 1290 63.
588 1244 615 1290 ot
635 1238 689 1291 ert?
708 1240 809 1301 qucum
824 1241 856 1302 L,
878 1245 906 1289 ot
924 1244 972 1301 est,
996 1240 1097 1301 quaem
1115 1242 1134 1290 t.
1179 1242 1234 1305 (dn
1249 1241 1310 1295 solo

281 1316 423 1381 Reginensi
440 1316 474 1379 (κ)
492 1320 520 1365 ot
540 1314 655 1367 babetur
674 1328 723 1381 pro
740 1315 813 1366 varia
832 1312 961 1375 lectione,
984 1326 1101 1365 amano
1117 1316 1255 1379 recenti»)

249 1515 264 1551 a
276 1513 302 1550 v.
314 1501 419 1550 metten.
436 1527 463 1537 -
475 1500 596 1565 νινιιιιιν]
608 1500 694 1551 Tertia
705 1501 775 1551 hace
810 1502 908 1563 potest,
920 1502 950 1549 ot
961 1499 1007 1549 tibi
1019 1498 1149 1551 molestus
1161 1501 1265 1561 luerim,
1278 1514 1345 1565 pen-

247 1588 364 1640 persona
392 1576 467 1625 recte
493 1587 601 1626 causam
629 1575 772 1639 siguificat,
810 1574 903 1624 videre
914 1576 1024 1637 poteras
1041 1573 1191 1638 simplicem
1202 1567 1283 1638 etque
1295 1576 1344 1627 in-

248 1664 297 1699 cur
313 1648 355 1700 ille
372 1650 512 1714 tantopere
530 1652 636 1711 caveat,
654 1662 689 1700 ne
705 1649 774 1700 invi·
810 1660 929 1711 genuum
946 1660 1038 1698 meum
1054 1649 1201 1698 animum·
1235 1649 1271 1699 Ex
1283 1649 1342 1700 boc

247 1724 291 1774 din
304 1725 331 1774 et
341 1722 498 1775 criminibus
510 1724 687 1788 opprimatur:
707 1735 774 1774 con·
810 1724 901 1772 autem
921 1736 947 1771 v.
970 1735 1043 1785 coepe
1065 1724 1141 1786 patet
1162 1734 1259 1772 verum
1281 1736 1340 1774 non

249 1800 289 1849 tra
310 1798 416 1849 Codicis
435 1797 529 1849 bland.
547 1798 625 1849 lectio
645 1812 775 1850 ocrem
810 1809 889 1857 esse,
919 1797 993 1859 qnod
1019 1797 1129 1860 quidam
1154 1796 1340 1860 contendunt,

249 1870 343 1923 inlsam
374 1872 454 1923 iutert
481 1874 653 1923 seutentiam:
689 1885 774 1922 «com
812 1870 964 1921 «iiomtium
976 1884 1024 1931 eo,
1043 1884 1097 1934 quo
1108 1872 1177 1921 boec
1188 1870 1339 1935 scripserit,

248 1944 319 2009 apud
337 1958 386 1995 nos
404 1945 440 2008 (in
457 1946 509 1995 hoc
524 1947 594 1997 vitoe
612 1947 719 2009 genere)
737 1947 775 1995 ri·
810 1948 942 2008 tempore,
961 1942 1045 1995 semel
1060 1946 1163 1995 tautum
1174 1946 1338 1998 convenisse

249 2020 329 2083 goeni
345 2019 442 2070 invidia
464 2021 544 2083 atque
562 2021 688 2081 crimina,
712 2020 774 2070 ideo
810 2020 994 2068 Maecenatem
1012 2020 1039 2068 et
1058 2018 1201 2069 commode
1224 2018 1339 2082 quidem

248 2106 312 2143 eum
334 2094 427 2144 fletum
447 2106 602 2145 vocamus.»
626 2120 653 2129 -
674 2107 774 2155 pron
810 2092 972 2152 admissum,
993 2091 1040 2141 sed
1059 2090 1178 2143 noudum
1196 2096 1341 2156 receptum

246 2166 374 2231 encomiis]
387 2168 442 2217 ιιι,
455 2167 500 2228 22,
520 2166 563 2216 ³9:
582 2168 646 2229 stne,
659 2169 775 2218 timidum
810 2165 891 2216 luisse
913 2167 939 2215 in
962 2166 1020 2215 eius
1041 2167 1193 2217 convictum
1215 2169 1243 2217 et
1259 2165 1342 2219 iami-

245 2254 295 2304 pro
311 2246 399 2303 σαιιιο,
420 2242 524 2291 turdum
542 2253 591 2303 pro
607 2242 773 2304 mnrtdercto,
810 2238 978 2290 liar-itatem.»
1006 2240 1087 2303 Saepe
1106 2242 1198 2291 autem
1218 2242 1296 2291 ιιιιοιιι
1313 2256 1342 2293 ae

248 2315 369 2365 &rebellem
382 2329 432 2377 pro
440 2316 523 2379 perito
534 2314 589 2365 betti
599 2320 694 2365 corant.
712 2316 771 2366 Vid.
810 2313 935 2374 obtulisse,
954 2316 984 2363 ut
1000 2314 1044 2363 bic
1055 2315 1178 2365 Horatius
1189 2328 1220 2365 se
1231 2316 1338 2366 ltoece-

249 2390 284 2439 ed
307 2400 334 2439 v.
355 2390 396 2439 ts.
422 2416 449 2425 -
471 2388 538 2452 bere]
565 2387 673 2439 «vaide»
697 2388 772 2439 iland
810 2389 902 2437 notem
919 2400 1001 2450 saepe
1018 2388 1175 2439 convenisse
1192 2387 1264 2448 dicit,
1283 2388 1339 2439 dil-

249 2465 325 2514 Turs.
344 2464 374 2513 ll.
393 2476 420 2527 p.
439 2462 463 2513 3.
478 2490 507 2499 -
521 2464 615 2528 fiotum]
635 2462 772 2514 «falsum.-
810 2461 861 2511 lert
879 2464 996 2512 tamena
1013 2461 1177 2512 diuturniore
1188 2462 1340 2513 uecessitu-

249 2537 316 2588 Piio.
330 2537 395 2602 Epp.
409 2537 437 2596 8,
451 2537 496 2597 t8,
509 2538 538 2587 3:
557 2538 602 2587 otii
620 2538 773 2601 (Domitium
810 2536 887 2597 dine,
913 2549 983 2600 quae
1009 2548 1074 2586 sane
1100 2536 1168 2585 inter
1189 2538 1340 2599 utrumque

249 2610 470 2675 crotonicorum,
487 2611 631 2676 inprotmn,
644 2612 774 2663 inereme-
810 2612 929 2662 nondum
956 2609 1046 2661 locum
1071 2610 1211 2661 habuerat.
1248 2610 1339 2674 Atque

247 2699 303 2737 ren
327 2686 473 2747 opimam.
497 2712 524 2723 ·-
549 2686 692 2749 Sintptuior
719 2688 776 2749 pois
811 2687 889 2738 nimis
914 2686 1027 2737 tortasse
1052 2684 1184 2736 subtiliter
1205 2686 1340 2737 ilircbne-

249 2761 312 2825 cet]
330 2761 371 2810 «Si
388 2758 532 2823 simplicior
549 2760 608 2824 quis
626 2763 711 2813 estet
731 2764 774 2813 ta-
810 2776 856 2813 rus
876 2763 906 2821 Q.
923 2762 954 2811 ii.
972 2774 998 2825 p.
1015 2760 1059 2810 53:
1091 2760 1189 2811 «verbo
1212 2760 1281 2811 hoec
1301 2763 1340 2811 ti-

249 2834 296 2896 lis,
321 2834 429 2897 quatem
446 2836 526 2893 ceta,
543 2846 597 2883 non
619 2848 699 2885 vero:
727 2838 774 2886 «si
811 2836 958 2886 miditatem
981 2834 1117 2898 quondm
1141 2837 1222 2899 atque
1245 2836 1339 2885 incer-

248 2911 310 2972 quis
327 2910 369 2959 cst
385 2909 465 2957 etiam
483 2907 642 2971 simplicior,
665 2909 773 2973 qualem
810 2912 865 2958 tem
892 2922 952 2959 sese
978 2908 1088 2971 gerendi
1117 2911 1248 2959 rationem
1273 2920 1341 2960 cum

249 2984 329 3043 cet,»
353 2978 383 3031 ut
403 2979 446 3030 olii
465 2979 567 3032 volunt.
605 2982 652 3033 Est
672 2985 772 3044 nutem
809 2982 933 3045 longioris
957 2995 1022 3034 usos
1045 2982 1228 3033 familiaritatis
1249 2982 1339 3033 coufl-

250 3058 311 3121 nqui
336 3056 393 3107 sinc
415 3068 511 3119 magno
533 3055 773 3120 circumspectione
809 3056 899 3107 dentta
924 3070 1019 3121 parum
1041 3058 1246 3107 convenientem
1269 3069 1339 3119 pro-

250 3132 277 3181 et
293 3133 416 3181 accurata
438 3130 651 3181 consideratione
668 3132 773 3183 sincere
809 3130 902 3181 dunt.»
922 3158 950 3167 -
968 3130 1087 3194 temedan
1110 3129 1177 3181 Nihil
1198 3131 1270 3181 iuvat
1289 3130 1338 3182 bic

250 3219 281 3255 ac
297 3204 382 3255 iibere
399 3216 494 3255 sensus
512 3216 576 3255 suos
593 3206 690 3269 aperit,
718 3220 772 3271 quo
809 3218 966 3269 comparare
983 3204 1110 3255 lormulas
1129 3204 1255 3267 inipettore
1277 3217 1337 3254 m-

250 3282 291 3343 iit,
318 3282 348 3331 ut
371 3278 506 3330 interdum
527 3282 650 3343 quemvis
675 3281 773 3333 invitm
808 3293 851 3329 ao
868 3280 981 3342 (Lucrct.
1000 3280 1030 3339 t,
1048 3278 1127 3341 toll,
1145 3279 1272 3341 impellere
1285 3292 1339 3327 oe-

248 3358 293 3417 iis,
311 3352 473 3418 quibuscum
489 3351 659 3418 colloquitur,
678 3356 773 3405 incau-
807 3368 849 3405 ror
865 3355 943 3417 (Virg.
956 3354 1003 3403 Ge.
1016 3351 1045 3412 l,
1063 3352 1120 3403 etc.
1140 3355 1214 3403 Pers.
1227 3354 1253 3412 b,
1270 3352 1336 3415 bil,

247 3432 290 3481 tus
306 3429 429 3480 videatur
445 3428 628 3492 molestusque
645 3430 705 3481 sit·
722 3429 773 3480 Alii
808 3428 859 3479 scd
881 3429 966 3491 magis
994 3428 1048 3477 buc
1074 3427 1207 3490 quadrare
1229 3426 1339 3477 videtur

248 3506 336 3555 minus
359 3506 420 3568 apte
442 3504 651 3568 interpretantur
675 3505 770 3568 oratos,
808 3506 862 3555 Cic.
881 3518 931 3569 pro
948 3503 1036 3554 Plano.
1056 3504 1087 3563 7,
1105 3504 1150 3553 tt:
1176 3502 1333 3565 emendo,

249 3577 341 3629 mullis
367 3579 562 3642 suspicionibus
588 3591 708 3642 uuquam
730 3582 772 3629 ta-
806 3584 835 3629 ιιι
849 3581 890 3643 fil,
908 3577 1125 3638 laetorinturbo,
1143 3577 1278 3627 mittun
1288 3590 1338 3627 oe-

247 3654 332 3702 ctus·
347 3678 374 3687 -
387 3650 497 3716 libenter]
515 3665 580 3701 non:
601 3654 653 3703 «tui
665 3664 771 3703 sermo·
807 3666 877 3714 meso,
901 3652 945 3713 qul
962 3657 997 3702 est
1017 3652 1044 3701 ic
1060 3664 1159 3701 menete
1181 3652 1265 3701 Socra
1280 3652 1337 3711 oia,

247 3727 289 3777 nis
314 3723 456 3788 cupidum»
483 3737 534 3775 nec
557 3723 642 3776 «lueto
664 3727 769 3788 animo,
806 3740 864 3777 men
879 3727 970 3790 opocd
986 3726 1092 3776 Fabiron
1106 3725 1229 3789 forniceo»
1245 3725 1339 3787 eipe-

245 3798 334 3863 srolr,»
356 3797 419 3859 sed,
445 3801 475 3849 ut
494 3797 570 3859 aiibi,
597 3799 641 3849 bic
662 3812 770 3863 quoque
806 3802 860 3862 tor,
879 3801 922 3851 sed
937 3813 1009 3861 eunt,
1027 3801 1071 3862 qut
1086 3801 1115 3850 tn
1129 3812 1170 3849 me
1185 3798 1269 3861 ipsum
1290 3800 1336 3849 in·

248 3876 301 3925 est:
316 3866 416 3937 ἡδέως,
428 3866 570 3936 ἀσμένως,
583 3874 672 3924 auimo
681 3875 720 3925 sic
729 3874 771 3925 ui·
806 3876 887 3925 cond
897 3876 1076 3937 otqoeineidtt.
1089 3876 1136 3926 Est
1147 3874 1238 3937 igitur:
1252 3887 1338 3923 «nee-

246 3950 287 3998 tro
297 3947 415 4008 iubente,
425 3961 510 4011 pone.
529 3947 647 4012 Explica:
662 3962 772 4013 uquem-
807 3950 914 4013 opinato
932 3947 1004 3999 velut
1020 3949 1157 3999 incurrere
1170 3952 1198 3998 et
1214 3947 1337 3999 incidere

245 4021 391 4073 cdmodum
410 4021 618 4086 haudquaquam
628 4025 771 4088 poenitue-
807 4025 833 4076 in
861 4022 979 4087 aliquem
1006 4026 1088 4086 atque
1120 4025 1155 4073 ita
1187 4022 1337 4074 deflectere

244 4096 280 4145 rit
295 4108 340 4146 me
351 4094 399 4146 tibi
411 4094 523 4147 iorlosse
535 4109 616 4162 saepe
628 4098 681 4149 iam
693 4099 770 4149 obtu-
807 4112 871 4150 euin
887 4112 903 4149 o
920 4097 1034 4148 lectione
1051 4100 1098 4148 out
1113 4111 1128 4147 a
1147 4098 1227 4149 tacita
1246 4095 1338 4147 medi-

245 4170 321 4231 lisse;
348 4182 411 4221 nam
433 4183 466 4221 eo
490 4170 561 4235 ipso,
584 4172 688 4224 etiamsi
711 4174 770 4225 fieri
806 4174 914 4235 tatione,
932 4170 1176 4225 cuivacarovolt.·
1194 4174 1338 4235 Frequen-
