2925 4892
527 382 585 433 nro.
605 384 623 432 ι.
659 384 726 434 sar.
747 386 776 433 r.
1159 384 1194 451 94

148 537 363 623 Linquimus,
390 537 492 602 insani
515 536 656 605 ridentes
679 542 823 626 praemia
847 542 989 614 scribae.
1158 546 1198 608 35

148 658 228 723 Prae
237 667 357 723 textam
381 656 533 724 attatum
555 658 681 726 clavum
703 682 894 753 prunaeque
917 664 1069 731 batillum.

151 781 184 843 ln
208 780 449 845 Mamurrarum
470 778 547 845 lassi
571 780 690 848 deinde
712 782 794 849 urbe
816 804 1000 861 manemus,

149 902 284 965 Murena
305 900 486 987 praebente
507 900 654 977 domum,
679 904 835 991 Capitone
859 904 1009 973 culinam.

171 1107 213 1155 36.
228 1107 362 1168 maique
377 1105 496 1155 mom
513 1108 678 1162 Barutialdus
695 1110 772 1175 prob.
792 1112 892 1163 Bollrio.
915 1142 940 1149 η
959 1114 1074 1165 omittam
1092 1114 1128 1178 bp
1140 1118 1166 1165 et

139 1195 179 1244 pr.
197 1182 228 1238 S,
247 1181 315 1228 item
333 1182 437 1230 Corum.
454 1182 497 1230 Cr.
512 1184 540 1231 et
555 1184 615 1233 Fea.
653 1186 692 1245 (ut
708 1198 757 1235 nos
775 1186 808 1235 cd
826 1190 853 1235 et
870 1200 939 1237 corr.
959 1190 994 1247 S.)

109 1342 218 1379 necesse
233 1329 356 1379 luisset.»
385 1328 482 1379 Fundis
493 1330 572 1391 igitur
582 1344 635 1381 uon
672 1333 700 1381 in
716 1334 846 1384 dmllsnd
864 1340 958 1399 bapt.»
989 1336 1199 1387 Ererardusou-

108 1403 315 1467 pernoctarunt,
340 1402 367 1450 id
384 1402 457 1464 quod
474 1404 555 1453 etiam
572 1417 636 1467 pro-
674 1409 728 1458 tem
746 1410 805 1457 Otto
823 1408 856 1459 de
874 1408 1004 1461 aedilibus
1026 1425 1052 1476 p.
1073 1410 1128 1462 tet).
1148 1410 1198 1461 ba-

107 1483 163 1541 pter
184 1479 314 1540 exiguam
336 1475 427 1540 oppidi
449 1476 634 1528 distantiama
673 1480 762 1531 cilium
780 1482 883 1533 Aufidio
900 1497 915 1533 a
933 1482 1070 1535 lictoribus
1092 1484 1198 1549 praela-

107 1554 246 1603 larracina
264 1552 452 1601 necessarium
469 1552 589 1603 nouluit.
605 1582 632 1589 —
672 1557 730 1605 tum
756 1556 892 1619 opinatur,
928 1558 1001 1621 quod
1025 1572 1125 1623 prunae
1148 1559 1198 1609 ba-

104 1626 234 1690 praemio]
265 1626 379 1688 insignia
409 1626 533 1687 bonoria,
566 1640 635 1690 quae
673 1627 726 1679 tillo
743 1628 829 1679 simile
849 1630 935 1679 luerit.

106 1704 178 1767 quasi
195 1701 323 1765 praemia
340 1702 513 1763 pristinorum
524 1713 635 1752 suorum

106 1779 265 1827 meritorum
293 1773 454 1825 ostentabat.
479 1800 507 1811 -
531 1775 634 1841 ambae]
705 1776 790 1827 {ti-ll.
808 1778 1123 1843 mammaeam-arto]
1151 1780 1199 1829 i'e-

105 1853 180 1901 Corn.
200 1852 272 1912 Nep.
292 1848 370 1898 Eum.
390 1849 418 1909 l,
437 1851 466 1899 a:
495 1850 568 1912 Apud
591 1864 636 1899 nos
672 1852 739 1902 stiva
758 1852 841 1901 ironia
860 1852 977 1903 Formias
991 1852 1078 1915 (bodie
1094 1854 1163 1903 Mola
1174 1856 1199 1903 di

105 1940 128 1975 m
141 1940 224 1985 aera,
242 1925 311 1973 sieut
326 1927 397 1983 emt,
413 1925 564 1974 mmmmm
574 1926 636 1973 aeri·
673 1926 764 1991 Gaetu)
781 1926 834 1976 llll.
854 1928 888 1977 ll.
908 1930 935 1977 P.
949 1940 963 1977 a
982 1928 1080 1979 Fundis
1097 1928 1199 1979 distan-

104 2002 145 2050 lme
160 1998 357 2049 mamerto.
377 2024 406 2033 -
425 1998 506 2047 latren
526 1998 634 2063 choum]
672 2004 713 2051 tes
739 2000 861 2063 designat
886 2015 901 2051 a
927 2002 1078 2063 Mamurra,
1109 2004 1198 2067 equite

104 2074 272 2125 senatorium
297 2070 432 2131 habitum,
460 2085 514 2135 quo
537 2073 635 2123 Fundis
673 2077 809 2137 Romano,
844 2076 980 2139 praelecto
1009 2076 1116 2127 labmm
1144 2076 1197 2127 lulli

105 2152 137 2199 uti
152 2149 279 2213 poterat,
302 2144 349 2195 ubi
366 2159 446 2196 nemo
466 2160 530 2197 eum
545 2148 573 2197 in
590 2160 636 2197 or·
674 2150 797 2199 Caesaris
820 2150 846 2201 in
870 2148 964 2211 Gallia,
991 2152 1037 2215 qul
1063 2152 1198 2213 ingentem

104 2225 191 2273 dinem
210 2220 345 2283 cogebat,
367 2234 420 2269 non
437 2221 502 2271 item
519 2223 633 2282 itomae;
673 2224 727 2274 vim
750 2226 880 2288 pecuniae
898 2230 1071 2288 congesserat
1092 2229 1120 2276 et
1145 2228 1198 2277 iam

106 2300 187 2362 magis
214 2293 362 2345 ridiculum
387 2295 415 2344 id
440 2297 520 2345 etiam
543 2308 635 2345 coram
673 2296 766 2348 Catulli
787 2298 911 2349 versibus
935 2299 1136 2351 contumeliosis
1159 2300 1196 2361 (C.
1245 2330 1251 2341 ·

106 2376 275 2426 Maecenate,
295 2370 341 2433 qui
357 2369 557 2433 augustoclavo
570 2384 636 2421 con·
672 2372 723 2433 29.)
751 2374 902 2435 proscissus
934 2374 1032 2435 luerat,
1064 2376 1108 2439 qui
1136 2388 1198 2425 eum

106 2451 190 2497 teubas
218 2448 290 2495 erat.
316 2470 347 2480 -
369 2444 492 2508 badium]
511 2446 637 2495 «Videtur
673 2447 813 2510 praeterea
831 2446 876 2507 ld,
900 2446 932 2497 l:
959 2449 1111 2497 decoctorem
1135 2450 1199 2497 For-

106 2523 145 2571 lric
164 2520 273 2571 Mittas
294 2532 317 2569 s.
336 2518 450 2569 ὑαιϋὶαηι
472 2518 574 2570 loculus
591 2533 636 2571 sa·
672 2520 787 2570 mianton
807 2522 893 2570 vocat.
928 2518 973 2571 lllo
997 2535 1050 2584 quo
1076 2522 1199 2573 Horatius

105 2595 241 2646 caifioendi
260 2606 345 2643 causa
361 2593 495 2657 praelatus
507 2594 569 2644 huic
580 2606 635 2643 ma-
673 2594 780 2657 scripsit
797 2596 919 2659 tempore
931 2594 1036 2644 videtur
1048 2596 1146 2645 Itomae
1158 2608 1200 2646 se-
1217 2598 1219 2603 '

105 2671 243 2733 gistratui,
276 2681 340 2717 cum
369 2667 430 2717 nibil
459 2669 498 2717 rei
527 2670 635 2719 maioris
672 2670 750 2717 nator
771 2668 895 2731 quidem,
922 2667 971 2717 sed
998 2669 1024 2717 in
1050 2667 1151 2717 lunaria
1173 2670 1200 2719 et

104 2760 183 2807 agere
199 2742 325 2794 solerent
340 2744 397 2792 siue
415 2743 556 2793 sacrificio.
580 2743 636 2793 nd·
673 2741 794 2789 omniurn
823 2740 956 2790 bonorum
982 2743 1138 2805 contemptu
1160 2742 1200 2789 vi-

104 2824 200 2869 reutus
223 2820 319 2867 autem
341 2818 502 2867 llaeceuatis
520 2820 546 2867 et
570 2816 634 2866 reli·
673 2814 753 2863 risse.
789 2814 842 2865 Cir.
857 2813 920 2863 Pliu.
940 2814 970 2864 ll.
984 2816 1013 2865 N.
1033 2814 1077 2875 36,
1097 2816 1121 2864 6.
1141 2816 1201 2865 Pro-

103 2907 222 2957 quorum
244 2890 389 2955 oppidanis
414 2889 463 2941 illis
484 2904 529 2941 res
550 2892 636 2942 videri
673 2891 734 2952 pter
751 2900 824 2937 num.
844 2886 926 2951 plum,
951 2891 980 2939 ut
996 2890 1104 2951 opinor,
1131 2891 1200 2939 Acro

104 2969 214 3019 maximi
231 2967 365 3017 momenti
386 2968 497 3030 potuit.»
526 2970 634 3017 Gesner.
673 2962 742 3011 duos
770 2960 865 3011 iratres
894 2963 1041 3013 Mamurrae
1066 2965 1129 3013 tunc
1158 2964 1199 3013 vi-

105 3044 187 3093 vatus
206 3041 326 3092 Lericon
344 3041 399 3091 Lat.
417 3052 433 3088 a
450 3042 518 3089 Maio
535 3040 636 3091 editum
673 3038 744 3087 risse
756 3036 847 3095 tradit,
861 3036 1009 3100 porphyrio
1024 3036 1199 3101 probabilius,

104 3118 197 3179 pdil:
234 3116 364 3174 Butam,
387 3126 432 3162 oar
446 3115 508 3163 nior.
542 3116 639 3164 Botit·
674 3125 707 3161 er
724 3112 836 3161 Formiis
858 3112 1052 3162 Mamurrarum
1074 3112 1199 3163 familiam

104 3192 182 3252 lam,
216 3203 335 3252 parvum
368 3189 461 3238 batum
507 3190 634 3239 Horotim.
674 3184 803 3247 originem
821 3184 937 3235 duxissa.
959 3214 985 3222 -
1013 3187 1129 3251 Marma]
1156 3188 1202 3238 Est

107 3266 210 3315 'itam
234 3276 292 3313 non
317 3264 449 3326 reperitur
473 3265 500 3313 in
525 3264 635 3325 berlais,
674 3262 703 3309 L.
731 3259 843 3309 Licinius
868 3259 1006 3310 Terentius
1031 3261 1115 3311 Varro
1143 3262 1200 3312 llu-

106 3354 137 3389 ne
155 3342 182 3389 in
202 3336 350 3388 rmnaletti
370 3337 480 3399 quidem
499 3338 639 3399 appendice
674 3348 754 3395 rena,
774 3334 856 3385 irater
872 3336 1010 3385 Terentiae
1029 3338 1199 3397 Maecenatis,

105 3413 191 3463 metet
209 3412 289 3461 moes
304 3411 409 3460 immi.
422 3411 523 3474 abdep.
537 3411 638 3460 Formi·
675 3409 708 3458 ad
727 3421 809 3472 quem
827 3410 869 3458 est
885 3408 932 3457 0d.
951 3410 981 3469 2,
1001 3410 1053 3469 l0.,
1072 3408 1116 3458 ubi
1128 3410 1199 3458 vide.

105 3489 154 3537 lino
171 3486 326 3537 elucabrati.
361 3486 543 3536 PotantilSll.
570 3487 639 3535 Con·
674 3483 786 3533 Videtur
804 3482 914 3532 Formiis
932 3482 1042 3531 domum
1064 3481 1200 3541 habuisse,

106 3566 143 3610 tra
169 3575 197 3610 v.
223 3562 339 3618 Batus,
365 3560 501 3609 aridorum
527 3572 638 3610 mensn-
675 3570 757 3621 quarn
776 3558 833 3607 eius
851 3558 924 3605 iussu
942 3554 1112 3618 dispensator
1129 3558 1202 3606 llae-

106 3648 177 3694 ram,
198 3634 373 3683 bicallertin
386 3637 452 3698 App.
466 3632 556 3683 altera.
581 3634 635 3683 Clr.
675 3632 762 3681 cenati
786 3630 820 3680 ad
842 3628 1056 3694 pernoctandum
1079 3642 1202 3681 commo·

106 3708 228 3759 Casaub.
242 3708 280 3757 ad
297 3708 403 3772 scripit.
423 3708 488 3757 illst.
502 3710 566 3770 Aug.
587 3708 634 3757 Ed.
675 3706 756 3755 davil.
792 3706 829 3753 Eo
842 3707 931 3754 eutem
949 3702 1060 3754 absente
1081 3706 1202 3756 Fonteius

106 3784 190 3845 lugd
212 3784 273 3832 Bai.
296 3784 328 3831 ll.
353 3796 380 3846 p.
405 3781 467 3831 sot:
497 3782 638 3831 «Rutilium
676 3780 781 3843 Capito,
806 3780 850 3843 qui
869 3778 968 3829 ibidem
986 3778 1097 3831 domum
1115 3782 1202 3844 possi-

107 3862 148 3907 ast
167 3859 265 3917 bama,
292 3870 363 3920 quae
387 3856 439 3919 igni
463 3855 636 3915 admovetur;
675 3852 769 3913 debat,
795 3866 908 3903 coenam
926 3855 1070 3905 Maecenati
1089 3855 1201 3919 eiusque

106 3930 184 3994 volgo
212 3931 331 3982 dicimus
357 3944 407 3980 rme
433 3931 495 3993 pote
520 3932 538 3979 d
568 3931 636 3993 seo.»
675 3927 817 3978 comitibus
829 3927 960 3991 praebuit.
993 3930 1089 3979 Contra
1103 3928 1202 3980 alliar-

106 4003 189 4055 lliter
213 4006 347 4055 Diiutzer:
377 4006 492 4054 emmae
517 4003 637 4055 batillum
674 4002 818 4062 bitrantur,
846 4002 983 4053 Murenam
1006 4016 1113 4065 quoque
1139 4005 1201 4052 tuuc

107 4082 138 4129 ist
155 4080 287 4142 eipemticlt
304 4080 345 4129 die
360 4078 564 4141 llobtenrcbaofel
584 4080 638 4129 ond
676 4076 785 4126 Formiis
812 4075 930 4138 degissm
958 4075 985 4125 id
1012 4075 1084 4138 quod
1107 4088 1201 4138 parum

107 4168 134 4203 so
149 4155 244 4204 eodm
260 4156 306 4204 der
327 4154 430 4204 Dichter
446 4156 494 4203 dm
510 4154 593 4216 scipio
604 4165 638 4201 m
675 4151 741 4200 mibi
765 4149 871 4199 videtur
896 4148 1043 4214 probabile.
1070 4178 1096 4184 -
1122 4161 1203 4210 prns-

109 4242 219 4289 nemtett,
237 4228 515 4291 dcndmnacbdffende
525 4227 638 4291 Λαμίας
677 4222 746 4275 omae
768 4224 876 4289 dortnth
900 4225 975 4275 Conl.
995 4223 1042 4273 Od.
1063 4224 1107 4283 to,
1127 4224 1150 4270 7.
1173 4249 1199 4259 -·
