2925 4892
514 371 572 427 iiit.
592 372 622 421 ii.
658 372 725 423 ssi.
745 372 799 423 vii.

152 526 292 593 Mitteret
313 526 345 590 in
367 524 511 613 phimum
532 526 630 604 talos,
655 527 807 595 mercada
833 526 949 595 diurna

155 646 361 715 Conductum
383 648 485 735 pavit3
510 658 632 736 quanto
654 648 851 716 constantior
872 648 976 717 isdem

151 770 189 833 ln
211 768 314 846 vitiis,
338 778 426 834 tanto
448 766 551 846 levius
575 769 674 836 miser
696 788 735 836 ao
756 769 846 856 prior
866 768 936 845 iilo,

151 889 214 969 Qui
240 890 303 956 iam
326 899 492 967 contento,
517 891 579 955 iarn
602 888 675 957 laxo
697 890 772 957 inne
794 889 927 958 laborat.
1157 894 1202 960 20

141 1086 287 1137 Bentleius.
308 1089 347 1150 (Ui
364 1100 422 1149 nos,
440 1086 534 1149 bSEc.)
555 1115 581 1124 -
601 1089 642 1137 49.
661 1101 692 1137 oo
705 1088 790 1154 prior]
807 1088 893 1139 acrior
909 1087 956 1152 bp,
975 1090 1049 1153 prii
1067 1091 1102 1153 (in
1115 1104 1169 1155 quo

141 1166 235 1211 tamen
252 1174 317 1211 vera
334 1161 413 1211 lectio
429 1162 464 1214 nb
482 1162 578 1213 endem
590 1174 671 1213 manu
683 1163 803 1213 restituta
814 1165 929 1213 osteum
940 1161 1042 1227 glossa:
1059 1164 1168 1228 4444444),

141 1238 172 1287 C.
195 1264 222 1273 ·-
242 1237 286 1286 iiio
303 1250 344 1301 pr.
357 1238 387 1297 S,
406 1250 474 1287 corr.
493 1236 520 1298 b,
540 1237 624 1289 Codd.
647 1235 749 1299 aliquot
764 1237 847 1299 Fene,
864 1237 914 1287 LF:
941 1238 981 1288 ills
997 1238 1062 1303 iiop,
1080 1251 1121 1303 pr.
1139 1238 1168 1300 b,

141 1322 214 1359 corr.
234 1312 265 1369 S,
284 1310 326 1370 ct,
345 1309 494 1371 Benticins,
512 1312 559 1362 bii.
588 1312 635 1375 (De
652 1310 738 1363 tribus
754 1312 835 1363 variis
851 1310 922 1363 lectt.
941 1326 984 1362 vv.
1002 1314 1041 1363 ti.
1064 1314 1103 1365 48.
1126 1314 1166 1365 ta.

141 1383 203 1434 silet
219 1383 374 1447 Bentiaius.)
394 1412 421 1421 -
440 1388 482 1437 40.
501 1388 554 1436 inm
571 1387 713 1452 (superscr.
735 1386 769 1451 gl.
786 1388 871 1452 modo)
886 1392 1025 1451 coemto
1041 1400 1119 1451 44444
1137 1388 1167 1449 E,

141 1464 197 1508 torn
212 1464 328 1509 44444444
345 1474 422 1522 pontu
439 1460 499 1522 b,C.

111 1628 192 1679 inisse
211 1626 366 1677 turriculam
383 1638 407 1677 s.
426 1624 577 1691 cylindrum
595 1641 638 1679 ca·
676 1628 795 1679 Priscum
812 1628 941 1691 retertur,
968 1630 1018 1681 sed
1034 1631 1134 1684 intinite
1150 1646 1201 1699 po-

110 1717 190 1765 vum,
210 1704 256 1768 qui
273 1700 441 1754 trochleatim
458 1702 562 1755 effictus
580 1708 639 1755 erat
675 1702 756 1753 situm
780 1706 823 1753 est
847 1702 881 1753 de
907 1705 981 1754 omni
1007 1704 1129 1766 bomine,
1154 1708 1201 1770 qui

110 1782 256 1843 certosque
268 1777 386 1829 babebat
402 1779 472 1829 intus
483 1778 581 1841 padus
594 1794 639 1830 ex·
674 1788 785 1841 semper
795 1776 908 1827 tinctuet
919 1790 951 1827 ac
962 1776 1071 1841 titubet,
1089 1778 1117 1829 id
1128 1780 1201 1844 quod

111 1853 194 1914 44444,
213 1864 248 1903 ex
265 1851 363 1915 quibus
375 1852 582 1903 effundebantur
593 1852 637 1905 tali
675 1862 724 1914 per
740 1850 885 1914 imaginem
900 1864 997 1903 uersus
1013 1864 1131 1917 aequem
1153 1868 1201 1905 ex·

109 1930 137 1979 in
153 1926 288 1978 alveolum
300 1927 357 1979 sive
369 1926 484 1978 44444444
499 1926 636 1989 lusoriam,
675 1923 773 1989 primii.
814 1922 904 1974 Altera
931 1923 1044 1977 lectione
1072 1940 1103 1977 oo
1127 1929 1202 1991 prior

111 2004 136 2052 in
153 2002 231 2053 ouius
258 2000 346 2051 media
372 2002 448 2065 parto
471 2002 639 2052 statuebatur
673 1998 715 2048 iiis
733 2000 840 2062 (rqtmm
862 1998 993 2063 Priacm»)
1011 2000 1074 2053 nibil
1097 2001 1201 2069 langui-

111 2073 246 2126 turriouia.
281 2076 319 2125 ita
331 2078 422 2125 autem
439 2074 599 2127 describitur
611 2078 637 2128 in
674 2072 735 2123 dius
751 2073 897 2139 excogitari
914 2077 1016 2138 potest;
1044 2078 1072 2127 et
1088 2078 1201 2130 manile-

111 2147 396 2212 Antbol.1.ai.bieyeri
408 2149 511 2199 msto:
525 2151 638 2214 inparia
674 2148 715 2197 sto
733 2147 774 2196 4444
789 2148 878 2199 ortum
896 2150 939 2199 est
959 2162 992 2200 ex
1009 2153 1201 2203 accommoda·

111 2224 200 2274 nipeois'
227 2236 328 2289 pyrgum
351 2224 417 2274 44444
440 2238 509 2275 unua
531 2228 636 2289 resedit,
674 2220 745 2270 tione
762 2220 797 2271 tid
813 2223 933 2285 v.prt'ot·.
954 2250 981 2260 -
1001 2226 1050 2287 0444
1070 2226 1124 2275 inm
1139 2240 1201 2277 cott-

112 2300 159 2361 Qui
174 2300 255 2349 444444
277 2299 532 2350 coemeteriorum
547 2303 637 2365 prodi-
673 2290 1200 2370 tmtocetdimagocigsesplacinniram·

111 2374 168 2435 bus,
196 2371 250 2423 sub
271 2386 382 2435 pamm
402 2374 473 2423 44444
494 2376 639 2425 ancoritana
674 2382 726 2433 que
754 2374 874 2435 partem,
906 2374 1048 2440 desumpta
1073 2389 1088 2425 a
1113 2378 1200 2429 nautis

110 2448 222 2497 44444444
238 2448 301 2497 soit.
330 2443 456 2517 (Πύργον
481 2445 637 2519 δουράτεον
674 2444 756 2495 modo
772 2447 807 2496 444
823 2447 902 2499 tunes
916 2449 1152 2513 contendentibus,
1171 2454 1201 2502 ut

112 2521 144 2572 de
159 2520 212 2571 hoc
224 2520 288 2571 iudo
300 2518 413 2585 loquens
424 2525 502 2573 vocat
512 2525 637 2587 Agatbias
674 2518 824 2585 pericnlum
835 2524 878 2583 444,
891 2536 925 2573 ne
936 2528 1105 2588 rumpantur,
1118 2526 1200 2577 modo

111 2593 216 2646 intboi.
241 2593 295 2645 Pal.
320 2596 350 2645 ii.
375 2608 402 2660 p.
427 2598 484 2647 trs.
514 2598 636 2651 Sidonius
674 2596 754 2646 nimis
770 2593 934 2658 laxantibus,
960 2599 996 2648 444
1013 2598 1117 2650 nivola
1135 2613 1199 2651 con·

111 2669 196 2735 Apoll.
214 2672 244 2731 44,
264 2670 309 2719 ti:
336 2670 419 2733 444444
440 2684 511 2722 mmo
534 2677 638 2724 44444444
674 2668 772 2719 oidont.
816 2670 922 2719 Luciau.
947 2670 1013 2721 Diai.
1036 2676 1145 2724 meretr.
1168 2674 1198 2735 3,

111 2750 212 2808 ceperat
228 2744 416 2808 quatiebatque,
435 2748 638 2808 4444444444-
675 2744 754 2793 exim:
773 2735 844 2813 δρα,
869 2738 912 2807 μὴ
930 2741 1005 2795 κατὰ
1024 2742 1078 2811 τὴν
1098 2762 1202 2819 παροι-

111 2820 162 2870 eico
182 2820 218 2869 ad
234 2832 346 2883 pgrpum
367 2820 473 2871 44444444
493 2822 637 2888 nimae.)
673 2818 746 2883 pias·
762 2810 974 2889 ἀπορῥήξωμεν
990 2817 1067 2872 πάνυ
1090 2824 1200 2874 saisos-

113 2894 143 2944 ii.
153 2892 171 2943 l.
185 2894 264 2957 igitur
280 2894 362 2944 bomo
373 2894 408 2945 ad
423 2895 477 2946 boc
488 2896 637 2949 conductus
675 2907 726 2944 σαι
742 2888 777 2942 τὸ
794 2890 952 2944 καλώδιον·
974 2908 1043 2959 qnae
1061 2898 1202 2961 exscripsit

113 2966 179 3018 talos
188 2966 312 3019 manibus
321 2967 441 3020 sublatos
453 2972 532 3020 mittit
543 2972 569 3022 in
581 2972 638 3036 pbi·
674 2968 832 3018 Aristaenet.
846 2970 877 3030 2,
891 2971 914 3023 4.
932 2982 959 3035 p.
974 2971 1030 3021 449.
1054 2973 1138 3023 444444.
1158 2973 1201 3023 bis

114 3056 188 3093 mum
206 3044 287 3105 alque
300 3056 331 3093 ex
347 3043 398 3093 boc
411 3044 522 3095 abundii
539 3048 564 3095 in
576 3060 638 3111 pyr-
675 3042 765 3093 verbis
777 3045 947 3107 praemissis:
966 3045 1069 3098 4444944
1084 3061 1138 3113 μοι
1151 3048 1201 3099 sal

113 3129 175 3180 gum
187 3116 271 3167 altera
283 3130 363 3168 manu
376 3132 469 3171 rursus
481 3122 638 3171 concutien-
675 3114 727 3181 τῆς
747 3112 885 3189 ἀμετρίας
906 3114 1052 3180 cedmon.
1086 3120 1135 3173 atii
1152 3134 1201 3172 co-

114 3191 187 3241 dnm.
205 3191 345 3241 interdum
362 3194 451 3244 444444
464 3196 564 3245 omisso
578 3195 638 3259 phi·
675 3193 790 3256 gitemni
812 3193 846 3242 de
869 3206 939 3256 equo
957 3195 1051 3256 iunaii,
1076 3194 1118 3245 alii
1136 3198 1200 3267 περὶ

114 3277 157 3313 rno
175 3276 258 3315 manu
275 3263 342 3317 talos
359 3267 385 3317 in
402 3280 517 3331 pyrgum
539 3269 639 3319 immit-
676 3263 727 3316 rori
752 3263 922 3318 tinemuta
946 3272 1066 3332 παίζειν,
1097 3268 1141 3320 4144
1165 3270 1200 3320 de

114 3338 213 3389 iebant.
242 3339 351 3390 biariiai.
366 3340 410 3401 44,
430 3342 469 3392 46.
494 3341 639 3393 Salmasius
675 3338 850 3403 tunambutts,
869 3341 911 3391 aiii
924 3342 1040 3407 denique
1053 3341 1119 3406 (coli.
1133 3344 1199 3409 epp.

114 3410 129 3461 Ι.
147 3412 163 3463 i.
185 3426 211 3477 p.
231 3414 290 3463 iiii.
324 3415 362 3465 Ex
385 3416 453 3465 mois
477 3416 561 3467 Codd.
580 3416 638 3467 bsss
676 3415 705 3476 4,
726 3416 772 3477 to,
790 3415 831 3467 i8.
855 3415 945 3478 ono,
966 3419 1010 3477 io,
1030 3417 1201 3480 4044444444

113 3490 224 3551 apparet
246 3486 388 3539 lectionem
406 3502 529 3554 pyrgum,
558 3491 639 3541 Codi-
676 3488 797 3540 ductario
835 3490 862 3539 in
895 3491 1026 3541 machinis
1060 3492 1198 3541 tractoriis.

114 3574 175 3612 cum
192 3563 349 3613 anctoritate
362 3564 638 3629 propeparamaiieri
675 3564 775 3615 Sensus
800 3563 898 3615 clarus:
929 3567 991 3629 «qui
1016 3565 1098 3616 modo
1123 3566 1201 3617 nimis

110 3637 237 3699 44444444,
265 3648 325 3688 esse
350 3636 492 3700 glossema.
514 3666 541 3675 —
562 3640 640 3690 444444
675 3638 801 3689 adstricto
828 3642 856 3690 ot
879 3652 988 3702 severe,
1015 3640 1097 3690 modo
1122 3640 1202 3691 nimis

113 3711 195 3776 444444]
213 3712 301 3763 liinns
318 3713 413 3763 usitate
431 3714 470 3764 sic
482 3712 558 3774 dixit,
577 3728 639 3765 cum
675 3712 734 3763 iare
751 3726 783 3763 ac
800 3712 966 3777 negligenter
981 3716 1070 3765 vivit.»

114 3785 345 3849 trequentissimus
357 3788 392 3839 sii
408 3788 536 3852 positivus
553 3790 639 3839 leuiter
707 3788 798 3837 tt-ai.
825 3788 909 3853 bodie]
926 3802 967 3853 pr.
981 3791 1142 3853 «4444444444
1158 3790 1202 3840 bic

113 3860 212 3908 4444444
236 3862 288 3909 oet.
310 3886 339 3897 -
361 3864 436 3923 prior
459 3862 511 3925 iiio]
539 3876 638 3928 «prope
675 3862 733 3914 dies
751 3865 899 3925 transeoi,»
917 3863 943 3914 id
961 3867 1015 3926 est,
1035 3863 1132 3926 «illico,
1151 3868 1203 3916 ste-

115 3935 292 3997 preestantior
308 3936 335 3985 at
355 3934 456 3987 ieiicior
472 3936 579 3988 bomine
598 3939 639 3988 in·
676 3938 750 3987 tim.»
768 3938 810 3988 Sic
822 3937 905 3989 Plaut.
920 3940 980 3991 Cas.
993 3939 1022 4002 4,
1043 3941 1070 4001 4,
1089 3942 1116 3990 i:
1136 3942 1202 4003 (4444

115 4010 276 4068 consentu»
299 4022 361 4059 narn
379 4011 405 4060 in
424 4012 552 4075 pravitate
570 4025 638 4074 444-
675 4012 751 4075 egitir
771 4012 862 4069 4444444
957 4015 1100 4078 Properate
1137 4016 1202 4065 ‘iiii-

115 4094 165 4144 qne
183 4082 283 4146 gradus
300 4086 362 4135 sunt
377 4086 496 4136 minores
512 4088 639 4137 scmaio·
676 4088 735 4137 nius
752 4088 779 4138 in
800 4088 868 4139 luris
890 4089 989 4153 perita:
1019 4092 1156 4152 Nunquam
1171 4103 1202 4139 oe

115 4170 171 4216 res,
190 4157 264 4221 quod
282 4158 316 4209 ad
334 4160 390 4210 eius
409 4160 577 4211 incommoda
591 4176 638 4211 ex·
675 4162 735 4211 milti
751 4162 832 4213 iicebit
846 4164 918 4214 bodio
939 4164 1041 4215 4444444
1069 4164 1137 4227 (binii
1158 4165 1202 4213 ln·

116 4233 188 4282 terna
210 4233 311 4283 attinet.
347 4234 391 4285 iilo
413 4238 503 4287 autern
528 4250 580 4287 non
603 4236 638 4287 ud
675 4239 758 4301 torpr.
771 4238 805 4288 ad
818 4242 882 4290 444.
895 4240 926 4300 4,
945 4239 1013 4300 iiio.)
1031 4238 1107 4289 iiand
1124 4238 1200 4288 Turs.
