2925 4892
272 374 335 441 286
654 371 982 423 uoaaurssrmsauu

316 530 503 598 Surrentina
525 528 614 595 valer
636 530 691 617 qui
715 528 830 595 miscet
852 527 942 593 faece
965 526 1102 593 Falerna
1319 530 1363 591 55

315 654 408 729 Vina,
431 650 615 720 columbino
637 649 750 715 lirnum
771 649 856 716 bene
878 647 998 736 colligit
1019 668 1101 721 ovo,

316 776 482 854 Quatenus
506 774 568 839 ima
590 772 670 859 petit
691 770 824 837 volvens
846 770 951 837 aliena
973 768 1109 835 vitellus.

316 895 419 961 Tostis
442 902 639 961 marcentem
661 891 787 980 squillis
811 890 975 958 recreabis
1000 902 1033 957 et
1053 891 1126 957 hira

316 1018 465 1083 Potorem
488 1012 636 1093 cochleu;
659 1034 735 1079 nam
755 1011 881 1079 lactuca
905 1014 1024 1078 innatat
1043 1014 1111 1079 acri

315 1139 392 1204 Post
413 1138 523 1203 vinum
545 1134 725 1215 stomach0;
749 1155 852 1222 perna
874 1134 976 1221 magis
999 1154 1037 1199 ac
1059 1135 1162 1222 magis
1186 1134 1269 1201 hillis
1320 1138 1364 1199 aa

340 1319 380 1367 57.
401 1318 523 1378 occuitum
538 1314 631 1375 b,l.Ct.
654 1341 681 1349 -
697 1319 769 1375 petat
786 1326 855 1364 corr.
875 1314 901 1363 S.
923 1340 950 1350 -
971 1314 1011 1364 60.
1027 1328 1111 1376 amna
1127 1321 1151 1366 et
1166 1316 1249 1379 maqis
1265 1316 1293 1366 b.

275 1478 310 1527 de
326 1472 579 1527 saccoadhibenda.
610 1470 706 1523 Plinius
720 1472 751 1521 H.
765 1474 796 1522 N.
835 1469 867 1521 di
884 1464 902 1521 ὅ
918 1485 950 1521 ss
971 1470 1002 1522 iv
1026 1468 1156 1544 Σαρδῶνι
1180 1475 1231 1523 sat
1254 1473 1361 1545 Λιβύῃ.

276 1550 320 1611 ll,
347 1552 392 1601 Ὧι
421 1550 451 1599 lli
471 1549 530 1611 plus
555 1546 635 1611 (uini)
658 1546 798 1608 capiamus,
837 1547 922 1597 Etiam
939 1544 1032 1598 Celsus
1049 1548 1078 1610 2,
1096 1547 1129 1597 20
1147 1551 1175 1598 et
1193 1549 1234 1599 hl.
1252 1551 1365 1601 cochleas

274 1639 347 1676 sacco
361 1624 503 1688 franqisnus
518 1623 592 1672 vires.
611 1622 657 1681 49,
681 1620 725 1671 ta:
752 1621 800 1670 Fe·
836 1620 894 1671 honi
914 1622 981 1671 sacci
1002 1625 1026 1671 et
1049 1623 1175 1672 museto
1191 1628 1266 1685 aptas
1287 1625 1362 1675 dicit.

274 1700 380 1750 nondun
395 1696 645 1748 sam--tnoeuram'
665 1697 727 1745 eina
743 1708 801 1743 sac-
840 1722 867 1733 -
886 1696 986 1745 lactuca
1002 1696 1065 1760 eet]
1082 1698 1183 1747 Rursus
1204 1701 1296 1747 eontra
1313 1700 1366 1749 lio·

275 1776 358 1837 eisque
374 1773 492 1823 castrari.
523 1771 576 1822 Cir.
594 1771 696 1821 Becker
713 1769 802 1820 Gallus
838 1782 979 1820 manorum
1002 1770 1224 1822 consuetudinem
1247 1776 1362 1837 pugnat,

275 1852 318 1901 lll.
336 1863 362 1914 p.
382 1847 431 1899 235
456 1859 516 1910 sqq.
546 1874 573 1882 -
599 1844 758 1909 Surrentina]
784 1856 799 1893 a
838 1856 890 1907 qua
901 1842 1004 1894 lactuca
1016 1858 1079 1895 cum
1090 1848 1167 1895 aceto
1179 1860 1276 1897 menas
1287 1847 1365 1898 claa-

275 1924 412 1984 Surrento,
423 1921 522 1987 oppido
532 1920 692 1983 Campaniae
704 1920 730 1969 iu
740 1919 801 1969 siau
838 1918 952 1979 debant,
981 1920 1011 1969 ut
1037 1920 1089 1969 vini
1116 1920 1172 1971 vim
1200 1921 1362 1985 frangerent.

275 1996 432 2055 Puteolaua;
456 1996 525 2045 haec
541 1992 640 2043 leviora
658 1996 735 2043 erant
751 2005 801 2042 nec
837 1992 908 2056 Wrg.
922 1994 1071 2044 Horatii:
1097 1994 1228 2057 Graiaque
1243 1996 1365 2047 nobilium

276 2070 350 2121 facile
368 2071 429 2119 ante
447 2080 547 2119 annum
569 2068 622 2117 xv.
646 2066 802 2131 prohsbau-
837 2068 934 2129 requies
950 2068 1050 2117 lactuca
1059 2068 1179 2119 mictum
1207 2069 1270 2121 Plio.
1284 2072 1315 2121 ll.
1329 2074 1362 2122 N.

276 2148 328 2195 tur.
363 2141 577 2201 Plin.H.N.ll‚
597 2142 623 2192 8:
652 2142 690 2191 Aa
701 2142 802 2191 tertiam
839 2141 884 2199 te,
910 2140 954 2190 38:
986 2141 1129 2208 (lactucae)
1154 2150 1249 2194 aestate
1270 2152 1366 2209 qratae

274 2218 388 2280 pahrsam
405 2229 537 2266 vestran
548 2216 699 2266 Surrentina
717 2216 744 2265 in
760 2214 801 2263 oi·
837 2216 962 2265 stomacho
982 2216 1114 2279 fastidium
1134 2218 1252 2281 auserunt
1267 2221 1367 2283 cibique

276 2294 329 2343 neis
345 2297 443 2342 tantum
452 2291 593 2351 nascentia,
613 2288 802 2339 convalescenti·
839 2290 1006 2351 appetemtan
1016 2291 1121 2353 faciunt.
1142 2292 1251 2343 Martial.
1265 2294 1306 2355 ta,
1321 2296 1363 2347 tl:

276 2366 443 2417 immaaimc
457 2364 566 2427 probata
578 2364 802 2427 proptmtenuita-
838 2364 959 2415 Claudcrc
974 2377 1040 2425 quae
1063 2378 1153 2415 caenas
1176 2368 1276 2418 lactuca
1297 2371 1365 2421 sole-

276 2446 325 2491 ten
340 2439 566 2499 salubritatemque.
589 2466 615 2475 -
627 2440 695 2502 faece
712 2439 802 2488 Fater-
839 2438 881 2488 hat
897 2452 1016 2501 auarum,
1037 2440 1085 2489 Dic
1101 2440 1176 2501 mihi,
1201 2456 1247 2491 eur
1262 2450 1365 2495 nostras

276 2516 319 2581 na]
338 2517 367 2565 ut
383 2516 440 2565 eius
451 2527 576 2579 saporem
594 2513 730 2565 combibat
742 2516 803 2563 Sur·
838 2514 938 2563 inchoat
954 2514 999 2563 iiia
1016 2513 1110 2575 dapes?
1127 2541 1155 2550 —
1174 2516 1282 2581 instatat]
1302 2532 1367 2569 «su-

277 2591 420 2641 reatinum.
456 2586 558 2639 Colum.
574 2588 618 2649 lt,
637 2588 682 2638 ³0:
706 2590 734 2638 Si
750 2602 803 2651 qua
838 2592 972 2654 pernatat,
998 2601 1050 2639 nou
1068 2587 1191 2641 subsidet
1209 2592 1269 2652 (sat.
1282 2592 1311 2654 2,
1331 2594 1364 2654 ἱ,

275 2666 337 2715 trina
353 2668 425 2714 emeat
442 2662 548 2713 duriora
562 2668 607 2712 aut
622 2663 704 2711 minsa
721 2662 798 2725 hona,
839 2664 884 2714 73:
911 2676 994 2724 escae,
1020 2664 1089 2725 (luae
1110 2665 1217 2725 empus
1238 2666 1297 2715 alim
1319 2667 1366 2715 tihi

276 2767 291 2777 -
302 2767 316 2777 -
326 2740 416 2789 tumim
431 2739 525 2801 saecun
541 2738 593 2787 uini
610 2737 667 2787 honi
683 2742 707 2787 et
722 2750 802 2799 pasees
838 2738 968 2801 sederit.)
980 2738 1105 2787 stomacho
1117 2740 1185 2800 acsi,
1204 2742 1364 2802 aestuanti.»

275 2815 353 2878 facito
369 2818 393 2864 et
414 2813 441 2861 in
458 2812 507 2861 sole
523 2811 644 2874 areiacito
662 2817 684 2861 et
704 2813 803 2873 coquito
839 2816 868 2862 ut
879 2815 996 2863 Senecae
1009 2813 1091 2877 Epist.
1104 2813 1149 2863 95:
1168 2814 1250 2863 niuem
1260 2816 1365 2877 rodunt,

277 2890 303 2938 in
320 2889 392 2951 iqne,·
407 2891 495 2948 postea
512 2887 584 2935 terito
601 2891 624 2935 et
637 2888 720 2948 nando
737 2900 803 2948 quu-
838 2888 955 2937 satatium
976 2888 1095 2937 stomachi
1120 2889 1265 2938 aestuantis.
1295 2888 1364 2941 Plin.

277 2964 393 3013 drentem
415 2960 542 3022 amphoris
561 2961 665 3023 sinqulis
685 2962 803 3025 infricata
840 2962 872 3011 ll.
889 2963 920 3011 N.
934 2961 980 3021 23,
998 2962 1045 3011 22:
1064 2962 1143 3011 Dulce
1159 2961 1264 3027 (einum)
1281 2965 1367 3015 minus

277 3041 301 3087 et
322 3035 430 3084 ohhnito.
452 3062 480 3070 -
497 3034 635 3085 columbino
657 3036 720 3099 cet]
741 3035 803 3087 «Ubi
839 3036 959 3096 ineidat,
978 3037 1019 3085 sed
1034 3038 1160 3087 stomacho
1176 3038 1290 3095 innatat;
1313 3053 1366 3089 au·

278 3109 337 3159 faex
363 3107 405 3157 illa
429 3105 524 3157 melius
545 3108 691 3159 reddiderit
710 3110 803 3159 vinum
837 3117 931 3161 sterum
946 3111 1047 3173 [acilius
1057 3111 1230 3173 concoquitur.
1248 3140 1269 3149 -
1288 3114 1364 3179 hiliis]

278 3183 474 3243 Surrentinum,
501 3182 552 3233 hoo
577 3196 627 3233 avo
650 3183 803 3234 columbina
836 3185 1070 3236 hiiiademinutive
1083 3185 1276 3245 dictaabhira‚
1290 3188 1365 3250 quad

278 3270 371 3307 rursus
389 3256 539 3317 defaecato,
559 3258 684 3320 quoniam
698 3258 802 3309 vitellus
840 3263 882 3310 est
914 3259 1067 3309 intestinum
1100 3260 1217 3310 ieiunum
1246 3259 1366 3323 (deer-

278 3332 403 3383 materias
429 3330 528 3383 alienas
554 3345 647 3383 secum
677 3332 710 3382 ad
741 3332 802 3383 dolii
839 3334 953 3398 darm),
972 3333 1115 3383 larcimiais
1133 3346 1218 3396 genus
1235 3334 1366 3399 (Knacis-

279 3406 389 3457 tandum
407 3404 548 3457 devolvit.»
838 3409 1049 3471 marsiliam).
1071 3436 1097 3444 -
1115 3409 1257 3474 immersus]
1277 3408 1367 3460 «velli-

839 3485 928 3543 catus
947 3482 1102 3532 excitatuss
1137 3484 1264 3547 Loquitur
1280 3486 1315 3536 de
1333 3487 1366 3537 iis

310 3556 398 3607 tva-ot.
416 3554 575 3619 marcentem]
590 3554 638 3605 «ad
654 3554 729 3605 cibos
741 3568 803 3605 cou-
840 3554 916 3620 gulae
934 3556 1119 3618 irritamentis,
1140 3570 1211 3621 quae
1226 3559 1367 3620 nemetiam

279 3630 434 3693 coquendos
451 3644 504 3680 nau
525 3631 577 3679 iam
595 3632 718 3694 apium»
742 3630 769 3679 h.
783 3627 801 3680 1.
838 3630 1005 3691 stomachum,
1032 3632 1085 3681 Sat.
1106 3633 1135 3691 2,
1161 3633 1190 3696 8,
1219 3634 1243 3683 9.
1273 3636 1366 3687 Lectio

278 3716 359 3753 sensu
376 3705 497 3767 proprio,
515 3704 627 3767 figurato
645 3704 725 3755 Tacit.
736 3704 801 3753 llist.
838 3707 866 3755 in
881 3718 980 3755 morsus
991 3708 1047 3769 (sut
1062 3706 1188 3759 dentibus
1199 3708 1289 3759 denuo
1301 3723 1368 3774 ope-

279 3777 307 3839 3,
326 3776 372 3827 36:
402 3778 509 3827 medem
529 3783 553 3827 et
576 3783 727 3827 marcentem
749 3778 804 3839 (vi-
839 3782 1041 3844 retemperet.»
1071 3781 1168 3843 Gaesi,
1187 3782 1368 3835 artadumtu-

279 3849 398 3913 telliumi.
413 3878 440 3887 -
457 3851 559 3915 squillis]
578 3852 688 3914 Squillae
704 3852 804 3901 anima-
839 3856 884 3905 sat
904 3868 936 3905 ex
959 3856 1096 3919 asperiore
1117 3856 1248 3920 scriptura
1267 3858 1370 3907 mmor-

278 3924 311 3975 lia
330 3926 432 3975 marina
449 3926 522 3986 sunt,
550 3938 617 3989 quas
634 3927 727 3977 Graeci
749 3942 804 3977 ssa-
839 3942 893 3990 sus,
912 3926 1208 3994 velproptereainepta
1221 3932 1271 3990 est,
1291 3934 1369 3995 quod

278 3996 359 4067 athaq
382 3999 520 4049 nominant
547 4000 593 4049 aul
619 3996 802 4069 καμμάρους,
841 4004 1014 4068 Cauloniae,
1033 4017 1087 4053 non
1104 4007 1134 4053 ut
1150 4005 1219 4054 Nero
1234 4006 1369 4057 luvenalis

279 4072 469 4136 Squiilcnlsrehs.
482 4102 509 4110 -
519 4074 715 4137 Afra-oachim]
729 4076 804 4127 Dios·
840 4077 869 4139 l,
890 4078 946 4129 437.
965 4080 1042 4128 nocte
1061 4078 1113 4128 iam
1130 4078 1219 4129 media
1230 4080 1310 4129 dmm
1325 4081 1370 4143 [a-

280 4149 378 4208 cord,
398 4150 440 4199 lt:
465 4147 591 4211 Κοχλίας
608 4154 745 4221 χερσαῖος
759 4144 803 4203 εὖ·
839 4166 915 4214 mem,
941 4166 999 4203 cum
1019 4152 1107 4215 masna
1126 4154 1234 4204 Falerna
1250 4157 1368 4218 arderet,

280 4219 443 4287 στόμαχος,
462 4219 660 4295 discedamus·
684 4220 803 4295 ἄριστος
840 4229 957 4290 quaerit,
984 4228 1033 4279 sed
1058 4227 1092 4278 ad
1118 4229 1178 4278 vina
1201 4228 1274 4280 refici
1300 4229 1368 4281 volt.
