2925 4892
255 388 316 456 344
638 388 966 441 nonarusnnnnnou

300 547 446 614 Solveret
467 545 613 632 hospitiis
636 545 786 609 animum.
831 543 917 622 Quid
939 541 1062 608 multa?
1084 562 1192 630 neqrre
1215 541 1268 609 ille

298 669 436 756 Sepositi
460 667 575 734 ciceris
597 687 658 733 nec
679 665 795 753 longae
818 663 930 730 invidit
951 684 1090 739 avenae,

297 790 430 856 Aridum
451 800 483 856 et
505 810 562 856 ore
584 766 691 854 lenens
719 785 847 853 acinum
869 806 1062 874 semesaque
1085 784 1164 852 lardi
1301 786 1340 849 85

298 914 411 977 Frusta
435 910 540 986 dedit,
568 910 703 997 cupiens
724 908 815 973 varia
837 907 963 973 fastidia
985 927 1088 973 coena

298 1032 432 1099 Vincere
458 1031 615 1118 tangentis
640 1028 723 1095 male
746 1027 872 1115 singula
894 1028 990 1095 dente
1013 1027 1171 1116 superb03

299 1154 379 1221 Cum
401 1163 493 1241 pater
514 1152 584 1239 ipse
608 1150 723 1217 domus
745 1148 840 1238 palea
861 1158 1030 1237 porrectus
1054 1149 1084 1213 in
1106 1148 1209 1214 borna

299 1276 392 1341 Esset
414 1274 494 1340 ador
516 1271 707 1359 loliumque,
732 1270 826 1359 dapis
848 1270 982 1337 meliora
1003 1268 1201 1357 relinquens.

299 1396 439 1461 Tandem
452 1393 596 1460 urbanus
609 1392 649 1459 ad
662 1392 761 1459 hunc:
779 1391 863 1471 Quid
878 1400 909 1458 te
923 1392 1017 1468 iuvat,
1034 1390 1145 1477 inquit,
1163 1390 1275 1468 amice,
1298 1391 1339 1454 90

299 1515 466 1603 Praerupti
489 1514 630 1581 nemoris
652 1515 827 1607 patientem
847 1514 957 1579 vivere
980 1512 1104 1579 dorso?

297 1639 350 1705 Vis
372 1649 405 1704 tu
428 1636 575 1703 homines
598 1634 778 1721 urbemque
799 1634 875 1700 ieris
898 1653 1100 1721 praeponere
1122 1632 1234 1699 silvis?

320 1838 360 1888 aa.
379 1837 428 1899 ara]
446 1836 488 1961 ap·
500 1837 609 1959 mph-
628 1833 669 1885 94,
688 1833 740 1896 aec]
758 1832 903 1892 annuc.
925 1856 951 1867 -
971 1831 1012 1880 ao.
1032 1831 1189 1895 oamqaoo
1211 1832 1240 1891 9,
1260 1833 1307 1893 oar

288 1913 337 1963 ue.
359 1912 445 1961 -oa
486 1910 512 1959 n
574 1947 578 1960 .

256 2115 282 2125 -
303 2088 351 2149 4449]
370 2089 415 2135 aut
435 2087 480 2151 qui
502 2088 556 2135 tam
576 2084 707 2148 benignus
730 2097 775 2134 es-
811 2083 889 2146 longe
906 2082 1023 2142 viliores,
1047 2084 1112 2132 ullor
1128 2082 1237 2147 (spati)
1255 2087 1283 2133 94
1299 2085 1340 2134 lo·

253 2164 328 2221 eet;·
352 2160 445 2210 melius
463 2174 527 2211 sane
545 2172 626 2222 quam
644 2160 692 2221 4444,
712 2172 773 2209 cum
811 2158 873 2207 liam
888 2157 1117 2221 (laumelloictl.
1143 2160 1191 2219 Qui
1203 2159 1247 2209 hic
1260 2166 1340 2221 pater

250 2236 347 2301 partim
372 2249 397 2283 v.
422 2235 462 2285 80.
488 2248 546 2285 nius
572 2233 690 2284 urbanus
715 2235 774 2298 ipso
812 2234 1030 2293 domasvocatur,
1048 2246 1140 2282 coenae
1152 2232 1341 2294 paterdicitur

251 2308 396 2359 verborum
408 2308 500 2358 ordine
513 2310 698 2372 postponatur,
712 2322 785 2371 par-.
812 2308 864 2356 sat.
878 2308 906 2367 2,
925 2308 954 2370 8,
973 2308 996 2356 7.
1012 2332 1040 2343 -
1056 2307 1201 2374 9944944949]
1220 2322 1340 2378 «καρτε-

252 2383 308 2443 tim,
321 2384 364 2432 bic
375 2382 438 2446 quid
451 2384 542 2445 egerit,
562 2385 684 2435 narretur
695 2396 718 2431 v.
732 2382 773 2431 87.
812 2378 930 2452 ροῦντα,
957 2381 1022 2431 dum
1048 2394 1158 2445 parcam
1183 2396 1216 2431 ac
1240 2382 1339 2433 duram

251 2458 289 2508 De
299 2457 352 2508 hoc
359 2471 408 2507 uso
421 2458 585 2521 pronominis
593 2457 634 2506 4449
643 2457 689 2507 cir.
698 2457 776 2506 Bent-
812 2457 893 2504 vitam
905 2456 986 2518 agisa
1006 2455 1045 2505 Ci.
1057 2455 1105 2505 0d.
1120 2457 1147 2515 4,
1161 2456 1190 2516 7,
1204 2456 1243 2506 tt.
1262 2456 1338 2519 Virg.

252 2531 346 2591 laium,
373 2532 530 2582 atterentem
552 2532 600 2582 Od.
621 2531 651 2591 4,
677 2531 706 2591 9,
731 2532 772 2581 bl.
812 2528 982 2590 Ecl.lll,52:
1002 2530 1161 2580 Certuntstia
1177 2531 1254 2591 444949,
1272 2532 1342 2582 inter

250 2608 303 2656 Sal.
325 2608 353 2667 4,
381 2606 409 2667 3,
435 2606 493 2657 att.
525 2608 610 2657 Haase
636 2608 662 2656 in
688 2606 775 2667 Reisig
810 2604 1039 2666 spetaousercram
1053 2605 1130 2653 449449
1143 2606 1209 2666 pati.
1236 2607 1337 2656 Lucan.

250 2682 305 2731 Lat.
330 2682 460 2743 Spraclrw.
486 2694 512 2745 p.
535 2681 592 2731 347,
621 2708 648 2717 -
675 2679 773 2743 lonpoo]
811 2682 840 2740 t,
859 2679 920 2730 343;
939 2680 1072 2730 diaconae
1088 2682 1169 2730 aruris
1185 2682 1256 2731 Posse
1269 2684 1337 2745 pati.

251 2755 353 2805 «Habet
370 2756 441 2805 enim
464 2754 582 2818 glumam
602 2754 683 2818 (grani
707 2752 774 2804 lolli·
814 2782 841 2790 -
863 2754 903 2802 Vis
918 2755 959 2818 ta]
984 2753 1043 2803 Vid.
1064 2754 1099 2804 ad
1120 2757 1173 2805 Sat.
1197 2758 1225 2817 4,
1243 2757 1275 2817 9,
1295 2758 1338 2807 49.

250 2828 347 2889 culum]
366 2829 498 2891 longam.»
525 2827 774 2891 Conu.Cnu0.Epi-
814 2854 840 2865 -
859 2829 969 2878 tonina
983 2828 1127 2893 urbanaque]
1145 2830 1338 2881 Cicchllic.

249 2903 341 2951 theton
359 2904 477 2966 picturae
496 2904 615 2960 inservit,
634 2906 773 2952 utcontra
811 2904 840 2966 3,
859 2904 905 2965 34,
926 2906 986 2955 tta:
1006 2905 1282 2956 criminabataretiam
1294 2910 1338 2969 (u.

250 2978 302 3026 Sat.
316 2978 345 3034 4,
365 2976 392 3037 4,
412 2976 457 3025 494
487 2976 583 3038 lapathi
600 2976 700 3024 brevis
715 2977 774 3026 ter-
811 2980 972 3043 Pomponius
985 2981 1012 3028 t.
1024 2978 1168 3042 Manlium),
1182 2982 1342 3043 quodlitm

249 3050 290 3099 ba.
306 3078 333 3085 -
349 3048 437 3098 tnatatt
454 3050 556 3113 9994499]
574 3052 772 3101 constructione
809 3054 890 3116 filiam
900 3079 914 3089 -
926 3053 984 3101 -ab
1006 3054 1146 3103 toraniam
1165 3054 1298 3118 4949999994
1315 3063 1342 3106 et

250 3120 559 3185 GraeealQuintil.9‚3,
579 3125 639 3187 44),
659 3126 773 3186 ulmeto
810 3129 867 3177 rari
888 3127 1003 3177 latitare
1023 3128 1139 3178 4449944994.
1176 3130 1215 3179 Cl.
1234 3142 1259 3192 p.
1282 3131 1340 3179 Ro-

249 3201 308 3247 νεῖν
334 3198 389 3246 reat
413 3211 499 3259 τινος.
540 3198 609 3259 l'irg.
635 3200 699 3248 lien.
726 3200 770 3260 44,
811 3203 866 3252 9949
883 3202 999 3263 Amat,
1018 3201 1059 3252 44.

250 3271 311 3319 tac:
338 3272 481 3320 Iustitiaene
498 3272 572 3332 prins
592 3272 671 3321 mirer
687 3272 773 3322 tellina
842 3276 946 3326 93-4044.
977 3276 1059 3338 Carpe
1076 3276 1151 3341 atam]
1171 3278 1209 3327 Cl.
1228 3280 1283 3328 Sat.
1307 3280 1339 3339 4,

247 3344 381 3395 loliorum?
409 3346 528 3395 Latinam
547 3348 772 3397 constructionem
810 3352 839 3410 5,
858 3349 899 3399 944,
929 3350 1003 3399 Ouid.
1022 3352 1097 3401 Trist.
1119 3353 1147 3412 4,
1175 3352 1219 3408 40,
1249 3352 1273 3403 4.
1302 3354 1340 3403 449

248 3419 309 3469 vide
331 3420 383 3468 Sat.
401 3421 427 3479 4,
451 3420 478 3481 6,
504 3419 549 3469 ta:
576 3421 773 3475 tonoremlare
810 3436 877 3473 nave
895 3423 1050 3474 celerrima:
1081 3426 1138 3475 Sive
1161 3440 1223 3488 opas
1238 3432 1273 3476 est
1294 3441 1342 3479 ro-

247 3495 308 3543 mili
325 3495 435 3544 invideat
451 3494 540 3555 9444944.
577 3495 629 3544 Clr.
653 3496 718 3560 Epp.
743 3496 770 3556 4,
809 3511 863 3558 mo,
877 3498 1065 3561 remtpacaipit
1076 3500 1133 3548 iter.
1146 3501 1340 3565 -miliieredel

249 3568 292 3624 44,
312 3569 352 3619 44.
383 3596 409 3605 -
436 3569 545 3633 acinam]
573 3584 640 3618 uvae
665 3584 770 3633 passae.
811 3572 960 3634 «Sequere,
989 3585 1107 3634 quaeso,
1134 3572 1217 3623 lidum
1244 3588 1341 3625 meum

252 3670 274 3681 -
297 3642 421 3705 4944999449
430 3642 503 3706 mdc]
518 3644 618 3692 «sinac
636 3644 771 3693 fastidiose
810 3643 978 3703 consilium·
1006 3660 1074 3705 non,
1103 3647 1203 3696 otalii:
1233 3650 1341 3699 «Crede

249 3719 432 3779 contingentis.
443 3736 454 3760 o
492 3720 577 3767 Coun.
600 3720 677 3776 cneo.
718 3719 771 3768 Cir.
810 3721 836 3767 49
868 3731 945 3767 meae
977 3718 1039 3769 fidei
1067 3723 1147 3783 atque
1176 3722 1341 3784 praesidio.»

249 3791 417 3842 llandlurs.
437 3791 477 3840 lll.
497 3804 522 3854 p.
542 3792 598 3841 4485.
629 3791 683 3842 44914
711 3794 773 3842 iun·
811 3792 850 3841 Cl.
874 3792 927 3840 Sat.
953 3794 986 3852 4,
1014 3794 1046 3854 3,
1074 3796 1115 3844 rt.
1147 3820 1176 3831 -
1206 3800 1343 3846 4444994449

249 3880 311 3930 gere
330 3878 391 3914 curn
409 3863 465 3914 aliis
481 3864 547 3913 male
563 3866 680 3927 saperbo;
694 3868 773 3917 nimis
811 3867 1057 3929 recompensetis
1070 3868 1344 3921 testis-ehicmusur-

250 3942 321 3989 onim
339 3939 439 3989 distant
454 3937 547 3987 verba.
811 3939 897 3989 banus
905 3939 1093 4005 philosophum
1104 3944 1266 4006 Epicureum
1274 3946 1340 4008 agit,

281 4012 370 4063 88-94.
401 4012 463 4062 Cum
478 4018 551 4073 potor
567 4014 619 4075 ipae
636 4015 697 4075 cet]
715 4016 772 4064 Non
810 4014 935 4065 omnibus
961 4015 1133 4066 terrestribus
1157 4016 1342 4080 (animalibus)

249 4089 306 4139 sine
325 4086 418 4136 lestira
436 4085 485 4135 stili
504 4087 630 4148 gravitate
653 4092 772 4151 patrem-
811 4087 864 4137 lato
892 4091 1045 4152 contingere
1078 4092 1181 4141 animas
1210 4092 1345 4144 mortales

249 4160 361 4213 familias
379 4161 440 4209 lacit
456 4162 568 4209 stratum
586 4174 646 4211 esse
673 4162 697 4211 in
725 4176 772 4226 pa·
811 4161 920 4212 docens.
940 4186 967 4197 -
985 4177 1066 4224 4449444
1081 4164 1135 4214 uto
1151 4170 1186 4214 est
1206 4166 1271 4230 oet]
1289 4167 1342 4217 Od.

249 4236 290 4287 lea
320 4235 459 4285 hornotino
483 4236 563 4297 atque
589 4235 671 4285 edere
698 4236 771 4287 cibos
810 4238 838 4297 4,
857 4236 886 4298 4,
906 4236 948 4287 43;
967 4238 1065 4288 Potitio
1082 4240 1347 4302 Morsaaoaoputrot
