2925 4892
179 365 185 374 .
276 318 340 384 208
654 320 983 373 11444444144414414

321 474 485 551 Rusticus,
508 473 672 540 abnormis
694 474 824 560 sapiens
846 495 1023 563 crassaque
1045 476 1201 552 Minerva,
1225 515 1268 526 —

320 595 440 662 Discite
462 615 526 660 non
549 595 631 660 inter
651 593 762 661 lances
784 615 982 682 mensasque
1006 597 1159 672 nitentes,

321 717 401 783 Cum
423 725 531 804 stupet
552 715 673 781 insanis
695 716 783 782 acies
805 715 984 802 fulgoribus
1006 726 1039 783 et
1061 737 1135 784 eum
1347 722 1367 782 5

320 836 458 902 Acclinis
481 835 568 902 lalsis
591 836 717 901 animus
738 835 873 902 meliora
895 847 1037 915 recusat,

320 959 438 1024 1144444
459 956 512 1024 1114
533 956 695 1056 1444144441ο
709 977 835 1024 4144441
859 956 1038 1045 disquirite.
1085 961 1150 1026 Cur
1172 959 1259 1028 hoe?

321 1078 446 1155 Dicam,
470 1078 498 1144 si
519 1087 644 1164 potero.
688 1076 770 1143 llale
792 1097 906 1144 verum
928 1078 1089 1146 examinat
1109 1081 1213 1146 omnis

343 1221 367 1269 3.
386 1220 503 1268 abnormi
518 1218 554 1269 hc
571 1221 598 1268 et
614 1220 669 1270 tres
686 1217 814 1268 Blandinil
832 1220 952 1271 omnium
963 1220 1099 1270 veterrimi
1111 1220 1187 1285 prob.
1203 1222 1331 1287 cruquio,

310 1309 352 1360 γω
369 1297 397 1344 44
412 1297 467 1344 1444
485 1292 527 1343 4111
543 1292 663 1343 Bentleii.

279 1415 344 1466 44144
360 1415 510 1475 videretur,
533 1413 653 1466 sednon
669 1415 803 1465 memine—
839 1415 909 1466 inter
931 1418 1047 1466 Graecos
1068 1417 1214 1467 admiratus
1232 1430 1293 1468 4444
1310 1417 1369 1468 444-

278 1493 338 1541 rant
359 1491 444 1554 gentis
466 1492 601 1541 Romanae
622 1503 722 1540 nomen
741 1501 802 1539 csse
839 1490 883 1538 tur
907 1490 1067 1540 Anacharsis
1091 1503 1125 1540 ex
1149 1492 1242 1540 vetere
1268 1490 1368 1542 labella

167 1558 171 1564 ’
279 1564 380 1616 debere
391 1565 504 1628 ofellius,
523 1567 553 1614 44
567 1567 609 1615 441
619 1565 721 1628 ofellius
730 1562 802 1629 apud
840 1562 911 1626 apud
926 1565 1070 1614 Maximum
1081 1565 1142 1626 Tyr.
1156 1564 1202 1624 34,
1222 1564 1257 1625 4.,
1276 1579 1368 1630 neque

278 1641 351 1690 Grut.
370 1638 432 1700 463,
450 1640 486 1699 1.,
501 1631 649 1701 Ὀφέλλιος
666 1638 738 1702 apud
752 1640 802 1688 Ar·
839 1634 915 1698 longe
941 1639 1045 1688 remota
1070 1640 1112 1688 est
1136 1637 1170 1688 ab
1193 1637 1290 1688 Olellae
1312 1641 1369 1689 44114

278 1715 344 1764 4144.
357 1715 441 1777 Epict.
454 1714 485 1773 ³,
503 1715 549 1777 22,
568 1715 609 1764 27.
639 1715 736 1764 Contra
750 1714 803 1762 14·
840 1711 893 1760 1414
910 1713 1068 1762 venatorum
1091 1711 1188 1762 lamilia
1208 1712 1280 1776 apud
1300 1713 1369 1762 Dio-

277 1790 369 1838 4444144
390 1788 470 1851 Ofello
489 1790 655 1838 memoratur
670 1800 687 1836 4
702 1785 802 1836 Velleio
840 1797 904 1834 nem
925 1785 1064 1848 Chrysost.
1087 1786 1131 1835 0r.
1150 1785 1186 1846 l.,
1209 1787 1285 1836 cuius
1302 1799 1370 1836 ora-

278 1865 307 1922 1,
333 1864 375 1912 27.
403 1861 522 1925 aliisque.
557 1865 691 1912 Aaronem
715 1860 750 1910 ad
774 1873 801 1909 v.
840 1858 917 1908 414414
945 1859 1060 1922 primam
1090 1861 1196 1923 partem
1224 1856 1370 1910 4144111444

279 1937 336 1986 441.
355 1935 420 1986 14144
430 1935 464 1985 414
477 1934 558 1985 044114
574 1936 725 1986 tradentem
737 1934 802 1984 scite
840 1934 1020 1994 venatoriam,
1043 1935 1071 1983 41
1087 1934 1224 1996 egregium
1245 1935 1367 1999 quidem,

278 2010 376 2060 4414141
391 2008 514 2060 Wieland
530 2013 560 2059 11.
579 2023 607 2074 p.
623 2009 664 2060 st.
693 2009 804 2059 Videtur
841 2009 937 2058 merito
962 2007 1069 2059 dixeris.
1098 2035 1126 2043 -
1153 2021 1288 2068 arcamque
1313 2010 1371 2058 141-

279 2084 360 2135 luisse
376 2085 479 2133 vicinus
501 2086 529 2133 et
549 2083 683 2134 familiaris
703 2083 803 2134 Horatii
840 2083 927 2144 44444]
952 2081 1043 2145 «longe
1066 2082 1199 2134 4114444444
1221 2081 1369 2133 subtilitate

279 2159 395 2218 iuvenis,
420 2159 462 2206 vir
478 2159 585 2222 sapiens
606 2160 701 2208 natura
722 2159 803 2220 atqua
841 2155 881 2206 1114
894 2169 975 2221 saepe
988 2169 1127 2220 perversa,
1146 2170 1227 2220 quam
1237 2157 1368 2209 4114414144

279 2234 355 2284 insita
372 2232 482 2291 44141414,
503 2233 580 2282 cuius
596 2232 698 2282 candor
714 2233 804 2294 grata-
841 2229 927 2281 solent
963 2229 1142 2295 philosophi.»
1190 2231 1369 2282 proverbium

279 2321 333 2371 que
349 2304 502 2369 simplicitas
520 2307 608 2356 iuncta
625 2319 686 2355 cum
709 2305 804 2368 insigni
840 2318 940 2366 444444,
963 2305 1055 2368 444441
1075 2306 1191 2356 14144444
1212 2306 1273 2368 (Cic.
1292 2304 1368 2356 Lael.

278 2382 370 2445 lepore
387 2381 451 2430 satis
467 2380 560 2430 lestive
577 2380 719 2444 opponitur
735 2379 803 2428 Stoi·
841 2380 865 2442 11,
880 2379 929 2442 49.)
942 2393 957 2429 4
969 2382 1072 2430 textura
1084 2379 1144 2430 rudi
1154 2381 1298 2444 repetitum
1313 2383 1368 2430 cst.

279 2457 319 2507 cis
349 2453 398 2505 illis
422 2452 576 2516 aretalogis,
605 2453 698 2517 quales
727 2455 804 2503 erant
842 2481 870 2490 -
883 2453 973 2518 144444]
987 2457 1371 2517 444444444444414444144-

279 2530 416 2594 Crispinus
441 2530 468 2578 et
496 2529 682 2592 Damasippus.
727 2527 804 2578 llaud
840 2541 882 2578 444
898 2527 1247 2588 4444414444444141144444
1275 2532 1370 2580 utrae-

279 2601 413 2655 dissimilis
438 2605 481 2652 est
504 2602 665 2654 Philemonis
688 2603 804 2653 misticus
841 2615 893 2666 que
911 2605 1002 2653 444441
1016 2603 1095 2652 411444
1111 2604 1138 2653 44
1154 2603 1261 2667 proprio
1278 2601 1372 2666 splen·

279 2677 528 2741 1414441144318.
544 2679 633 2737 14414,
651 2675 803 2741 virgiliique
841 2677 906 2726 dore
928 2679 956 2726 et
976 2679 1063 2727 tersae
1081 2691 1097 2727 a
1114 2678 1208 2728 servis.
1243 2678 1369 2728 iunctum

278 2753 406 2815 ‘lassique
423 2764 516 2813 senes,
536 2754 676 2816 praeterea
692 2750 735 2801 ille
752 2753 805 2804 Fo-
841 2752 946 2814 utrique
965 2751 1064 2800 nomini
1082 2750 1280 2810 441144494444,
1298 2751 1329 2798 41
1340 2765 1368 2800 v.

279 2826 381 2885 1414444,
399 2838 450 2872 444
466 2839 499 2873 ecc
515 2827 553 2873 1414
568 2826 734 2874 44111σά44414
744 2825 805 2887 pbi—
841 2826 881 2875 95.
899 2825 1008 2888 prandes
1017 2825 1114 2874 rhombi
1126 2827 1286 2886 4441444444.
1310 2823 1370 2888 [lilii

278 2899 398 2960 14444114,
425 2899 467 2946 sod
492 2911 525 2946 44
546 2900 612 2948 oeta
635 2904 659 2948 41
682 2901 802 2960 antiquis.
842 2897 985 2962 explicant:
1014 2899 1098 2948 414144
1115 2911 1222 2950 4144444
1244 2897 1370 2950 lancibus

279 2973 383 3021 Seneca
398 2970 432 3019 de
449 2971 585 3020 Brev.vit.
599 2971 639 3020 to.
841 2972 974 3034 argenteis
1000 2972 1148 3033 4114444444
1175 2974 1259 3035 magis
1283 2973 1370 3024 etlam

312 3044 368 3092 3-6.
387 3042 521 3106 4144441414]
540 3057 665 3107 «prorsus
683 3044 805 3097 diversus
841 3046 908 3096 41144
931 3044 974 3094 4111
999 3047 1102 3096 41144144
1127 3059 1176 3110 pro
1198 3059 1257 3110 gen.
1278 3059 1368 3097 masc.

280 3130 297 3169 a
313 3129 407 3166 norma
424 3114 480 3174 1114,
507 3129 588 3178 qnam
604 3115 697 3180 volgus
714 3121 805 3170 statuit
842 3118 954 3178 habent,
976 3121 1006 3168 ut
1026 3119 1060 3170 sit
1078 3121 1201 3180 4444411
1220 3119 1319 3183 quibus
1341 3135 1368 3171 v.

280 3190 323 3250 iis,
342 3201 411 3253 quos
427 3187 599 3252 philosophos
610 3190 749 3242 nominare
761 3205 804 3242 so-
841 3193 865 3240 7.
893 3194 1061 3254 opponantur
1084 3193 1228 3256 1411444441.)
1252 3220 1280 3230 -
1303 3195 1371 3244 04444

279 3263 329 3323 144;
357 3261 438 3313 044114
461 3265 533 3314 enim
550 3263 620 3314 nulla
637 3267 712 3315 certa
729 3269 804 3317 44414
840 3271 920 3328 stupet
945 3266 1011 3327 cet]
1039 3279 1123 3316 acum
1148 3267 1241 3318 oculus
1266 3267 1370 3332 (44144)

279 3341 309 3389 41
325 3335 463 3401 disciplina
480 3338 602 3398 nutritus,
620 3338 671 3389 sed
682 3353 698 3388 a
709 3343 804 3391 natura
841 3337 941 3402 lnlgore
959 3338 1002 3390 illo
1022 3340 1170 3392 incredihili
1191 3341 1370 3406 praestringi-

279 3412 391 3464 cdoctus
408 3412 477 3473 erat,
496 3412 561 3475 quid
576 3424 671 3462 verum
688 3415 805 3464 rectum·
841 3417 908 3465 tur.»
933 3439 961 3450 -
986 3415 1095 3478 1444414]
1116 3416 1214 3466 «nimis
1231 3417 1367 3478 magnis.»

278 3499 333 3551 que
350 3487 450 3536 44444.»
474 3486 528 3535 Cic.
541 3484 611 3536 Lael.
624 3487 652 3547 1,
672 3487 716 3538 48;
734 3489 805 3538 1144-
840 3491 901 3540 Aca.
917 3489 1134 3552 -444114141444
1145 3502 1206 3539 rara
1222 3491 1249 3540 et
1259 3491 1368 3553 poetica

279 3575 358 3625 quam
374 3574 419 3623 eqo
437 3560 520 3610 4114444
537 3560 736 3625 (1.11414141441,
757 3564 803 3612 lt!
841 3564 919 3627 (virg.
938 3565 1003 3614 Aen.
1027 3564 1071 3624 40,
1096 3563 1174 3625 aaa),
1198 3563 1310 3614 44444444
1336 3567 1371 3616 ut

278 3635 806 3700 0441441,11.0444444441444,444444-
839 3638 950 3699 inclinis,
976 3637 1089 3698 44441414,
1116 3649 1198 3700 saepe
1224 3637 1371 3688 conlundi-

277 3711 372 3772 pteates
381 3709 462 3758 nostri
470 3711 579 3758 41414444
594 3711 750 3776 iudicabant,
770 3715 805 3763 441
841 3713 883 3761 4414
895 3724 957 3762 4441
966 3712 1118 3772 4.44411414;
1131 3710 1298 3775 1414444144
1312 3713 1372 3762 uin-

279 3784 512 3832 titonouaormom
525 3784 741 3847 44444444144144.
761 3787 805 3838 ΑΙ-
840 3785 964 3848 41144144,
991 3799 1141 3851 propensus
1158 3786 1192 3836 ad
1212 3785 1278 3836 falsa
1300 3797 1372 3848 pro-

281 3853 433 3904 1444144414
452 3855 580 3916 41441141,
607 3859 704 3910 414114
725 3861 803 3912 114414
839 3859 954 3911 banda.»
990 3859 1080 3910 Verbo
1108 3873 1217 3924 quoque
1239 3861 1372 3913 4441141444

281 3927 365 3979 codd.
383 3931 528 3992 reperitur,
555 3932 668 3996 antiquis
684 3937 803 3986 444441-
840 3935 1022 3999 metaphorice
1039 3949 1104 3986 usus
1122 3935 1301 3996 4411141441,
1322 3935 1368 3988 ts.

280 4015 342 4052 44141
366 4002 502 4052 movisset.
522 4029 550 4040 -
573 4008 681 4072 4441444]
707 4008 803 4062 Similis
872 4009 966 4059 7-t3.
989 4009 1036 4074 114]
1056 4010 1097 4060 ain
1114 4008 1235 4060 familiari
1251 4009 1303 4060 1144
1315 4023 1371 4061 no-

279 4075 416 4126 rusticano
435 4077 498 4126 huic
519 4081 630 4142 sapienti
651 4081 699 4132 4414
720 4085 802 4135 411441
839 4084 895 4134 4144
921 4081 1033 4144 4144414,
1060 4083 1218 4148 etquidem
1239 4085 1301 4134 ante
1325 4086 1372 4134 ci-

280 4148 356 4212 11444
372 4147 414 4201 1114
431 4151 593 4214 (1444444414,
620 4167 702 4218 quem
717 4169 802 4209 unum
838 4157 889 4208 hos
914 4158 1075 4223 appositos.»
1096 4185 1122 4196 -
1144 4158 1277 4223 1444444441]
1303 4172 1372 4210 444-
