2925 4892
240 342 303 409 300
620 342 748 394 nonani
765 340 947 395 sarmnauri

283 500 398 567 Furius
421 498 572 565 hibernas
594 518 675 565 cana
697 498 772 563 nive
793 507 952 584 conspuet
973 496 1079 583 Alpes.

282 623 394 688 Nonne
408 618 501 687 vides
515 656 558 669 -
572 618 688 707 aliquis
711 618 820 685 cubito
842 627 979 684 stantem
1001 636 1105 704 prope
1126 627 1262 705 tangens

283 744 409 831 inquiet
426 779 484 819 -‚
508 750 544 806 ut
565 740 708 828 patienS‚
732 749 769 806 ut
789 739 902 806 amicis
924 749 1033 826 aptuS,
1056 748 1093 804 ut
1113 739 1212 806 acer?

282 863 396 932 Plures
418 861 584 930 adnabunt
604 860 716 928 thunni
739 872 772 929 et
793 862 915 928 cetaria
936 870 1093 927 crescent.

283 986 317 1053 Si
340 986 392 1052 cui
414 994 585 1073 praeterea
607 982 732 1049 validus
754 981 838 1049 mele
860 980 946 1049 filins
969 982 1000 1047 in
1022 1002 1059 1050 re
1287 981 1331 1047 ts

281 1106 451 1175 Praeclara
473 1104 617 1172 sublatus
640 1103 756 1181 aletur,
779 1122 821 1169 ne
843 1103 1048 1177 manifestum

284 1227 424 1297 Caelibis
446 1226 640 1313 obsequium
663 1224 764 1291 nudet
785 1236 832 1303 te,
855 1224 971 1292 leniter
992 1226 1025 1289 in
1047 1244 1139 1313 spem

283 1349 412 1436 Adrepe
433 1347 614 1423 officiosus,
638 1356 726 1414 utet
748 1346 892 1413 scribare
914 1346 1079 1413 secundus

306 1528 346 1581 44.
366 1530 437 1591 iuuet
454 1528 483 1578 E.
508 1554 535 1564 -
554 1526 595 1579 ta.
613 1527 651 1577 uti
667 1526 779 1576 ambare
795 1524 914 1576 malebat
932 1526 1109 1577 Heindoriins.

241 1680 307 1729 tium
326 1679 448 1743 suspicor
459 1676 515 1741 (cir
528 1677 593 1765 Epp.
608 1677 636 1736 4,
653 1677 698 1735 iii,
716 1674 833 1726 ³t:-
805 1674 957 1739 wetino-ia]
976 1674 1159 1739 «receptacula
1176 1688 1261 1739 prope
1272 1688 1331 1726 ma

237 1752 472 1815 puttnuscoenabut
483 1753 574 1813 omasi,
591 1715 767 1815 Vitlsetapni·
803 1747 931 1810 tistitus,
949 1748 1107 1800 ubitbunni
1123 1762 1188 1799 vere
1206 1751 1327 1814 (Oppian.

240 1826 325 1892 ane.);
348 1839 443 1878 verum
461 1830 571 1891 propter
589 1826 683 1875 bunc
677 1838 766 1890 ipsum
802 1821 1028 1909 4.1.;ε4αρινοῦ
1052 1822 1127 1889 perd
1150 1821 1263 1875 λύσσαν
1287 1818 1331 1874 δι’

240 1901 400 1964 ineptiarum
417 1899 553 1951 cumulum
572 1900 689 1951 meiius'
682 1914 767 1951 mser-
804 1893 982 1967 οἰστρήσωσι
1006 1894 1137 1965 γάμοιο.)
1154 1900 1223 1962 cepti
1247 1897 1331 1949 salie-

239 1977 278 2025 444
300 1976 375 2024 Furio
392 1976 502 2038 propter
519 1973 679 2025 edacitatem
696 1988 766 2037 quo-
803 1972 928 2022 bantur.»
952 1974 1004 2023 Cir.
1018 1970 1328 2035 Bdttigerllmaltbeall.

242 2062 294 2113 que
316 2048 466 2108 irridendum
493 2050 516 2099 is
538 2050 610 2098 enim
633 2048 768 2099 bibaculus
803 2046 901 2112 paea.

240 2128 263 2173 et
288 2126 343 2172 erut
367 2127 390 2172 et
414 2085 553 2172 vccbbutur
579 2121 655 2184 (Plin.
678 2124 709 2173 H.
734 2125 764 2173 N.
836 2120 1201 2185 t5-50.rut1aau}·,aatres
1219 2123 1241 2172 sl
1259 2120 1331 2173 filios

241 2196 372 2258 Prasiai..)
392 2195 483 2261 quidni
501 2195 584 2246 altero
601 2198 681 2246 etium
704 2198 766 2246 vitio
804 2194 856 2245 sibi
873 2198 949 2245 nates
967 2194 1038 2245 alere
1055 2193 1168 2255 uellent,
1188 2208 1235 2246 eos
1252 2196 1331 2247 humi

240 2270 385 2321 laborarit?
402 2269 450 2321 44144
468 2270 578 2333 quidem
595 2272 702 2320 Neratio
714 2271 766 2321 hcc
803 2270 922 2320 iacentes
941 2270 976 2331 (in
992 2268 1087 2332 genua)
1106 2268 1197 2319 tollere
1215 2272 1242 2319 et
1256 2283 1333 2321 com·

240 2345 393 2397 membrum
412 2344 560 2395 tribuentes
577 2347 710 2396 Acronem
725 2358 768 2395 se·
804 2342 883 2408 plecti
900 2342 1035 2397 solebant:
1057 2342 1208 2403 similent,
1231 2346 1331 2409 exponi

240 2423 359 2484 quuntur
376 2421 411 2471 ita
429 2421 661 2482 interpretantem
684 2424 767 2483 «poe-
804 2418 941 2469 iubebant.
953 2418 1139 2480 --virpben
1150 2419 1179 2479 9,
1191 2420 1252 2469 aci:
1271 2421 1333 2472 Non

240 2498 296 2545 tam
313 2496 437 2545 immanis
454 2496 587 2554 ventrisp·
607 2493 707 2544 nullum
725 2494 767 2543 ta·
802 2493 840 2544 itu
855 2507 895 2544 nte
910 2494 1056 2558 portitor„
1067 2494 1330 2543 statutumenrdttt.»

240 2582 303 2621 men
320 2568 473 2633 exemplum
492 2570 618 2629 eiierunt,
637 2581 690 2631 quo
702 2580 767 2632 pro·
804 2570 882 2618 Luna
896 2596 923 2603 -
934 2567 1047 2629 Ccettbts]
1060 2569 1102 2618 sic
1114 2570 1225 2617 vocatur
1235 2570 1329 2629 etiam,

240 2643 306 2695 beni
322 2658 435 2693 mesum
452 2644 553 2694 dictum
571 2656 631 2695 esse
648 2640 690 2692 vei
714 2642 766 2692 dici
803 2644 849 2707 qui
865 2654 978 2693 uxorem
994 2640 1037 2692 vel
1063 2645 1149 2693 morte
1171 2643 1261 2692 amisit
1283 2641 1330 2693 vel

240 2720 358 2784 potuisse
376 2732 424 2783 pro
442 2719 580 2769 abdomine.
617 2720 715 2781 (iuven.
734 2716 764 2778 4,
803 2716 946 2767 divertium
975 2730 1038 2767 eum
1069 2730 1099 2767 ea
1127 2717 1198 2767 iecit.
1230 2744 1258 2753 —-
1281 2730 1332 2767 uu-

241 2795 307 2844 ⁴07:
334 2795 450 2845 Montani
475 2806 571 2855 queque
593 2798 679 2842 venter
698 2793 767 2841 adest
803 2792 850 2856 det]
874 2793 999 2842 «astutias
1022 2794 1082 2841 tues
1102 2792 1217 2855 aperiet.
1243 2794 1331 2855 tuque

240 2868 371 2918 abdomine
398 2868 508 2930 turdus.)
550 2870 645 2918 Nostra
673 2870 765 2917 contra
803 2865 971 2916 excindere.»
991 2893 1019 2902 -
1038 2868 1065 2915 tn
1080 2867 1156 2929 ιροηι]
1176 2865 1332 2916 «beredita-

240 2941 379 3007 explieatio
415 2942 536 3004 congruit
569 2941 764 2991 consuetudini.
803 2941 862 2991 tie.»
890 2942 1033 2991 Taelnn.
1050 2942 1078 3002 4,
1097 2942 1127 2991 8:
1155 2942 1183 2990 tu
1198 2953 1267 3003 spem
1287 2954 1332 2991 se-

239 3017 303 3069 Plin.
318 3020 418 3080 Paneg.¹
427 3016 467 3067 49.
481 3016 515 3066 de
528 3018 689 3066 Domitiano:
708 3022 767 3066 uate
801 3016 911 3066 wedam
928 3015 1077 3077 (Augustus)
1089 3021 1189 3076 nepotes
1199 3027 1331 3077 precepe-

238 3093 348 3142 medium
375 3092 439 3141 dien
467 3092 622 3140 distentus
650 3092 767 3141 actuaria
802 3096 899 3152 esque,
917 3090 990 3140 tertio
1006 3090 1332 3153 pracuprtmomctvttu-

239 3179 325 3216 coena.
802 3166 833 3214 tte
849 3166 992 3227 scripserat.
1008 3191 1035 3201 -
1048 3164 1152 3229 Adrepa]
1172 3165 1288 3214 «sensim
1301 3168 1332 3214 et

272 3239 361 3291 44-44.
388 3242 469 3291 cubito
485 3246 593 3292 senten
608 3254 689 3304 prope
705 3246 765 3290 tca-
802 3243 880 3289 caute
910 3240 937 3288 in
962 3238 1035 3289 senis
1064 3237 1271 3289 familiaritatem
1301 3246 1331 3289 te

238 3314 306 3379 perus]
319 3317 393 3366 Pers.
407 3315 434 3377 4,
454 3316 499 3367 34;
519 3318 563 3366 Est
570 3330 651 3379 prope
662 3320 684 3365 te
695 3316 766 3379 ippo-
801 3315 932 3365 insinua.»
957 3314 1011 3363 Cic.
1025 3314 1100 3362 verr.
1114 3314 1144 3373 4,
1163 3313 1193 3374 3,
1213 3313 1258 3362 68;
1276 3326 1332 3363 neu

177 3430 179 3437 .
239 3395 291 3453 tus,
317 3390 398 3441 cubito
423 3392 465 3451 qui
491 3396 588 3455 tcaput.
619 3418 646 3427 -
668 3389 764 3453 thanat]
801 3390 891 3438 sautu
907 3387 1332 3449 autemderuteadtstiuaemt-

239 3465 504 3516 catervatimnntent.
525 3467 635 3530 Oppian
650 3462 763 3514 Halieut
801 3464 888 3512 citiam
904 3463 1060 3523 cdrcpserct
1077 3486 1103 3496 -
1122 3466 1151 3509 ut
1167 3466 1191 3510 et
1205 3460 1328 3526 scribare]

239 3539 268 3599 3,
282 3538 342 3589 634ι
361 3536 500 3605 Πολλὴ3
512 3532 655 3605 ἔκπαγλός
672 3552 766 3589 τεπα-
801 3536 903 3601 Duplici
919 3542 943 3586 ei
959 3535 1058 3599 duplex
1074 3536 1194 3598 optatum
1207 3536 1331 3599 captate·

239 3616 371 3683 pteram
388 3611 590 3676 ἰχθυβόλοισιν
599 3608 699 3701 Am,
722 3607 764 3663 ὅτ’
801 3613 838 3662 ris
856 3615 929 3663 reete
947 3612 1129 3674 distinguitur,
1156 3609 1280 3669 alterum.
1298 3614 1332 3659 ut

239 3685 364 3758 εἰαρινὸς
383 3686 495 3739 θύννων
521 3684 687 3761 στρατὸς
671 3684 765 3759 oppri—
802 3690 863 3736 ante
881 3685 1117 3737 omnieseeundus
1134 3684 1331 3736 heresscriba-

238 3777 355 3812 σωνται.
390 3765 436 3813 His
459 3766 538 3827 igitur
560 3767 699 3829 comparet
720 3776 765 3814 se·
802 3760 1332 3825 tur,alternm‚utpnermcnatur1ta

240 3850 288 3887 nes
301 3836 407 3897 stultos,
426 3839 471 3901 qui
490 3838 708 3902 heredipetarum
720 3850 765 3887 ve
801 3849 854 3899 que
870 3837 928 3899 ipse
940 3836 967 3885 in
979 3836 1057 3885 buius
1069 3834 1158 3884 lccnm
1171 3835 1251 3885 heres
1262 3848 1330 3886 sue-

239 3910 285 3961 luti
302 3912 388 3964 hamis
400 3914 553 3978 cupiuntur:
579 3926 630 3976 qua
649 3913 764 3975 imagine
802 3910 888 3960 cedat.
924 3911 981 3959 Non
998 3911 1056 3959 eret
1072 3910 1164 3971 igitur,
1183 3923 1232 3959 cur
1249 3910 1332 3961 Nein-

239 3998 303 4037 usus
326 3989 367 4036 est
392 3989 472 4038 etiam
498 3989 604 4039 Lucian.
624 3988 690 4037 Tim.
712 3988 762 4037 22:
801 3984 902 4035 dontius
919 3986 1082 4049 preponeret
1097 3985 1135 4034 rati
1151 3984 1271 4035 scribere.
1296 4008 1327 4021 -

239 4052 300 4123 οἷος
317 4054 426 4125 αὐτοὺς
441 4057 640 4127 (captatoresld
657 4057 764 4123 θύννος
800 4060 878 4123 sperit
895 4060 967 4121 Orco]
986 4057 1033 4109 0d.
1048 4059 1076 4119 4,
1100 4058 1148 4118 44,
1173 4059 1219 4108 48ε
1246 4060 1331 4123 thre

238 4136 269 4186 ἐκ
286 4132 383 4200 μυχοῦ
402 4134 453 4202 τῆς
470 4132 602 4202 σαγήνης
617 4133 761 4201 διέφυγεν,
799 4134 948 4197 corupuien't
962 4134 1105 4185 Mercurius
1121 4134 1201 4197 prepi.
1231 4134 1280 4184 od.
1295 4136 1328 4195 4,

239 4205 292 4260 οὐκ
314 4205 411 4277 ὀλίγον
432 4208 466 4261 τὸ
487 4209 587 4283 δέλεαρ
604 4207 761 4263 καταπιών.
800 4211 845 4270 28,
866 4210 913 4259 lii:
933 4210 998 4259 Oreo
1015 4210 1163 4260 Barbam.
1185 4236 1212 4245 -
1230 4210 1260 4258 ln
1278 4222 1331 4259 va-
