2925 4892
260 368 322 432 oei
621 369 750 419 nonrrn
767 367 986 420 aeramnaamr

302 525 354 590 Vis
376 523 539 610 complere
561 521 652 590 libris
674 533 708 590 et
728 523 856 590 vatibus
877 520 999 589 addere
1020 520 1142 595 calcar,

301 645 340 713 Ut
361 641 466 710 studio
489 644 611 712 maiore
634 653 744 730 pemnt
764 641 919 710 Helicona
939 642 1105 710 virentem.

300 765 396 832 llulta
419 765 550 852 quidem
573 763 666 832 nobis
688 763 823 832 iacimus
845 761 931 829 maia
951 783 1052 850 saepe
1073 768 1205 848 poetae.
1229 799 1274 812 -

299 887 339 954 Ut
352 887 458 954 vineta
472 895 601 972 egomet
613 883 750 952 caedam
763 902 838 950 mea
851 919 915 960 -,
931 903 1007 950 cnm
1020 881 1077 950 tibi
1089 881 1210 950 librum
1283 883 1347 948 220

300 1007 441 1074 Sollicito
463 1005 578 1072 damna
600 1015 656 1072 eut
676 1005 779 1083 lesso;
801 1023 877 1072 cum
897 1002 1073 1078 laedimur,
1096 1024 1199 1068 unum

299 1128 332 1194 Si
353 1127 428 1215 quia
449 1127 625 1194 amicorum
646 1135 697 1192 est
717 1144 818 1192 auena
839 1123 1082 1211 reprehendere
1102 1144 1253 1203 versum;

298 1249 378 1316 Cum
399 1247 470 1314 loca
490 1247 555 1312 iam
576 1245 709 1312 recitata
730 1243 927 1311 revolvimus
947 1244 1136 1322 irrevocata

298 1368 378 1435 Cum
399 1367 611 1434 lamentamur
632 1385 696 1432 non
719 1384 877 1453 apparere
898 1363 1027 1431 laborea

297 1489 431 1554 Nostros
453 1496 486 1553 et
506 1486 595 1553 tenui
617 1485 757 1552 deducta
779 1493 929 1571 poemata
949 1483 1021 1563 iilo;
1284 1486 1348 1551 225

319 1667 377 1718 222.
395 1665 572 1730 reprehendero
587 1664 687 1724 bE‚Cs:
705 1663 855 1726 reprendere
870 1663 944 1724 S,Lt,
962 1661 1109 1723 Beothius,
1128 1663 1181 1713 iili,
1203 1690 1230 1698 —
1250 1663 1313 1714 22³.

286 1741 423 1792 inrevocoti
438 1741 479 1792 ΒΕ
496 1741 523 1790 et
539 1741 650 1804 quartam
667 1737 804 1788 Schmidii.

254 1906 337 1959 multa
354 1908 412 1957 eiua
429 1906 542 1968 negotia.
561 1907 619 1956 lion
631 1904 714 1954 credo
726 1903 781 1954 iio-
817 1901 881 1954 eolla
888 1902 1027 1967 placentae
1035 1903 1200 1965 nimiumque
1206 1907 1349 1956 ornatores

254 1983 352 2032 ratium
369 1977 530 2042 significare,
549 1981 579 2030 nt
590 1977 708 2028 studium
720 1990 781 2041 ape-
817 1978 918 2040 proprii
928 1978 1026 2040 ingenii
1037 1979 1065 2026 et
1074 1977 1173 2040 scripta
1181 1990 1232 2028 aua
1244 1977 1349 2043 impor-

254 2053 431 2113 omentorum,
445 2051 781 2116 qnonagrenatluguetue
816 2054 880 2102 tune
904 2054 1235 2114 immemoremque
1259 2053 1349 2102 cuivis

254 2129 335 2190 (suet.
348 2126 404 2176 Oct.
417 2125 482 2187 td),
503 2125 670 2188 aliquatenus
687 2124 781 2176 mode·
816 2124 859 2176 aiii
878 2123 1055 2176 obtendentes
1070 2123 1115 2176 tali
1127 2125 1209 2176 modo
1221 2126 1346 2186 irrideat,

254 2202 328 2252 rator
345 2211 376 2248 ac
393 2197 470 2250 aimili
487 2198 569 2250 modo
582 2199 670 2250 ioveat
680 2197 780 2260 lyricos
816 2201 847 2249 nt
862 2211 942 2250 nemo
958 2212 1054 2250 eorum
1066 2211 1147 2261 aegre
1158 2199 1272 2250 idione
1284 2213 1349 2264 poe·

254 2276 321 2332 oet.;
349 2285 400 2323 nec
416 2285 482 2322 vero
499 2274 585 2336 agitur
601 2273 635 2322 de
652 2271 714 2333 illia,
733 2273 779 2334 qui
816 2275 869 2333 eet,
884 2274 982 2337 qnippe
994 2271 1249 2324 comaeabeornm
1260 2287 1347 2336 grege

252 2349 350 2411 scripta
375 2359 425 2398 aua
450 2345 628 2398 bibliothecae
646 2345 779 2398 Palatinae
815 2359 869 2398 non
885 2350 1037 2408 semoveat,
1055 2347 1105 2399 ced
1121 2359 1174 2398 noa
1185 2360 1216 2398 ee
1227 2348 1291 2411 ipae
1303 2361 1347 2399 ca·

251 2421 414 2482 offerebant,
433 2420 531 2484 quibua
548 2419 687 2485 predonis
703 2420 780 2470 retri-
815 2419 899 2471 villari
915 2421 1066 2472 videatne·
1081 2422 1186 2472 Rmnnn.
1205 2447 1235 2458 -·
1255 2423 1289 2470 th
1304 2423 1347 2472 ei-

251 2494 376 2547 buendua
399 2496 434 2546 ait
449 2495 523 2546 lavor
538 2496 657 2558 aunan.
688 2494 779 2544 Lectio
813 2499 873 2546 rete
888 2495 953 2559 cet]
974 2495 1148 2547 Proverhinm
1163 2496 1192 2546 in
1208 2507 1258 2546 eoo
1276 2496 1346 2546 dici·

251 2571 365 2632 irapeede
385 2573 476 2621 autem
494 2583 599 2620 merom
617 2570 659 2620 eat
674 2566 779 2632 gloece-
814 2570 872 2627 tor,
893 2571 940 2632 qni
956 2571 1055 2620 mentia
1072 2568 1163 2634 aliquo
1179 2582 1276 2620 errore
1294 2571 1347 2622 ab·

252 2657 303 2696 ma.
320 2671 347 2680 -
364 2657 456 2694 meter
468 2643 581 2706 Apoiiim
597 2641 709 2707 diceneo]
726 2642 776 2692 Od.
813 2644 884 2706 rapti
893 2642 937 2694 vei
952 2643 1089 2694 iracundia
1103 2642 1147 2694 vei
1162 2642 1274 2694 amititia
1291 2644 1345 2696 eibi

252 2718 334 2779 i,³t.
356 2717 555 2783 Epp.i,3,il.
585 2715 775 2774 illucescit,
813 2716 982 2780 ipainocent.
1011 2715 1256 2778 illudentem
1276 2719 1345 2780 (leid

252 2793 280 2842 i:
307 2790 343 2842 τὸ
366 2786 554 2844 Ἀπολλώνιον
579 2787 613 2842 τό
635 2804 666 2841 ra
688 2789 720 2842 ἐν
736 2784 776 2855 τῷ
812 2789 1160 2842 mediterraneae?
1184 2792 1345 2854 licquealr·

251 2863 445 2931 aeterternae
456 2860 490 2915 ad
502 2859 703 2930 venacionem
713 2863 778 2933 περὶ
814 2865 907 2915 horret
922 2863 993 2916 alind
1010 2865 1184 2930 proverbium
1200 2867 1341 2918 uenum:

250 2933 324 2990 edre
349 2936 402 3002 τάς
426 2951 457 2988 re
481 2933 637 3004 ἀποθήκας
656 2936 714 2989 τῶν
729 2937 777 2998 βο·
812 2951 858 2989 ttio
873 2952 900 2990 te
915 2951 971 2990 ente
986 2939 1123 2999 idcerwit,
1147 2939 1220 3002 epod
1243 2940 1344 2990 lliero-

249 3010 339 3072 eune
359 3008 512 3076 ἐξεποίησε
532 3014 582 3064 καὶ
604 3013 775 3082 καθιέρωσε.
814 3024 926 3075 omnm
937 3013 985 3076 Ep.
999 3013 1041 3062 70.
1054 3025 1081 3076 p.
1093 3012 1152 3064 iil.
1164 3010 1231 3062 Vnil.
1244 3040 1274 3049 -
1286 3013 1343 3064 Soi-

251 3087 282 3148 [a.
296 3098 322 3134 u.
337 3085 442 3148 cliii)
463 3085 777 3136 ineamantembihlio-
813 3087 881 3137 licito
897 3087 988 3136 metr
1003 3091 1050 3136 etit
1064 3085 1136 3150 luco]
1154 3087 1340 3148 casanat,
1369 3100 1377 3114 ·

249 3159 357 3210 thecam
374 3173 428 3210 non
444 3159 643 3223 recipiebantur
654 3161 704 3210 nial
715 3159 777 3210 libri
814 3161 860 3212 ie:
877 3161 928 3210 etei
942 3162 1033 3212 dextro
1042 3161 1248 3224 teorporeFtncci
1261 3161 1342 3212 Verte

249 3233 391 3295 meliores,
425 3235 558 3296 cenem
584 3233 696 3295 clevici,
725 3248 777 3284 noo
810 3246 858 3296 per
873 3239 1064 3286 mmm
1079 3234 1279 3284 idnethetdeia
1294 3249 1341 3285 der-

247 3308 389 3370 proieierii,
402 3309 479 3358 uicit
490 3307 554 3360 Geli.
568 3308 609 3370 49,
622 3309 647 3369 Β,
660 3310 701 3360 iit.
719 3310 776 3360 ilco
811 3321 874 3360 reri.
898 3309 965 3373 Epp.
979 3308 1066 3370 ΜΒ,
1078 3311 1108 3359 2:
1126 3311 1237 3372 Aeeoeto
1253 3311 1341 3360 reddet

248 3385 326 3447 igitur
337 3383 419 3434 dicit:
435 3385 477 3434 «si
489 3383 621 3434 bonorum
633 3385 775 3447 poetarum
811 3383 916 3446 timeto
928 3383 1072 3444 colmam,
1082 3383 1162 3442 Veni,
1183 3383 1213 3432 Si
1227 3384 1338 3446 oniidar,

248 3471 347 3520 angere
373 3459 413 3509 via
437 3471 606 3508 numerum.»
627 3483 655 3494 -
673 3458 775 3522 addere]
811 3457 930 3508 siloem
945 3458 1008 3518 erit,
1033 3457 1177 3517 riderique
1192 3463 1289 3519 pom.
1309 3481 1336 3492 -

248 3533 275 3582 in
301 3543 381 3595 prosa
407 3544 446 3582 or.
471 3533 615 3592 cdrnooere,
644 3531 774 3592 edmero,
810 3531 875 3594 ioco]
901 3531 957 3582 iiac
980 3531 1170 3594 eiamflcatione
1196 3531 1294 3582 Cicero
1312 3534 1339 3582 et

248 3605 329 3654 etiam
340 3604 444 3656 aetdm
453 3605 553 3668 calcor,
570 3606 598 3655 h.
611 3605 627 3654 l.
642 3606 775 3656 reacitarc
812 3604 986 3665 Quintilianne
996 3617 1107 3669 semper
1116 3607 1227 3656 utentem
1237 3617 1337 3668 genere

248 3690 342 3728 eorum
365 3678 487 3738 aiudia;»
514 3691 594 3741 qnam
614 3681 775 3730 sententiam
811 3679 969 3730 maeculno.
987 3703 1015 3716 ·-
1036 3679 1201 3739 reooioinm]
1227 3679 1338 3729 «denuo

247 3752 772 3815 ornatgraialleiiooaireireetieimagine.
811 3751 918 3804 evoluto
934 3752 1003 3804 libro
1019 3755 1117 3804 iterum
1133 3753 1281 3804 recitamus
1297 3751 1338 3802 io-

280 3824 398 3874 tith.
411 3825 566 3889 dedecet]
576 3827 701 3880 «Duobus
713 3841 774 3891 pro-
810 3839 873 3876 cum
902 3825 1035 3890 aliquem.
1069 3827 1117 3890 eni
1139 3825 1338 3889 pulcherrimae

246 3898 339 3961 positis
346 3899 452 3961 egregie
462 3899 536 3950 hicce
543 3899 666 3954 versibus
671 3901 774 3952 satista-
810 3900 889 3952 nobie
900 3901 1020 3962 videtur,
1038 3901 1089 3952 etei
1104 3911 1186 3950 nemo
1198 3901 1280 3952 hoca
1291 3913 1337 3950 no·

247 3973 282 4022 cit
294 3971 521 4031 Horatiuaalteri,
535 3974 718 4038 utlugustum
729 3989 774 4026 nr·
810 3973 852 4025 bia
868 3975 970 4038 petiit.»
989 4001 1018 4012 -
1040 3975 1186 4040 irreeocetq
1208 3975 1335 4026 Revowi

246 4045 391 4096 baniaaima
405 4049 528 4106 erenaei,
544 4048 566 4098 ai
578 4049 712 4100 interdum
724 4051 774 4100 mi-
809 4050 917 4114 proprie
929 4049 1055 4100 dicuntur
1064 4051 1181 4110 actores,
1193 4049 1242 4111 qni
1252 4060 1335 4111 nepe·

246 4133 340 4172 norem
350 4124 556 4185 quamparorat
566 4135 659 4173 curam
671 4123 774 4186 inopen·
809 4123 957 4174 cintoribna
972 4117 1060 4193 ῥῆσιν
1076 4121 1194 4185 aliquam
1205 4122 1334 4186 insignem

246 4195 329 4246 diceet
344 4197 443 4260 poetia3
466 4193 553 4256 alteri,
572 4199 601 4248 ut
616 4197 773 4260 poetaasibi
808 4201 932 4262 repetere
956 4198 1091 4250 lubenter.
1121 4198 1177 4248 Cic.
1196 4210 1246 4262 pro
1265 4199 1332 4247 Soet.
