2925 4892
510 396 569 445 tiit.
589 396 618 444 ΙΙ.
654 394 752 445 aelst.
772 396 801 445 ii.

153 552 288 639 Singula
310 552 351 617 de
374 550 468 617 nobis
490 552 563 615 anni
586 550 783 637 praedantur
805 560 935 629 cuntes3

152 674 311 760 Eripuere
333 673 439 749 iocos,
463 690 631 747 venerem,
655 672 815 749 convivia,
840 665 967 751 iudum;

151 794 301 861 Tendunt
320 799 701 880 extorquerepoiimata3
724 792 804 879 quid
826 792 940 859 faciam
962 793 1034 859 vis‘i

152 916 302 1002 Denique
325 933 390 979 non
412 933 526 980 omnes
548 914 664 979 eadem
685 914 842 979 mirantur
863 922 1051 1002 amantque:

153 1036 304 1103 Carmine
325 1046 359 1100 40
383 1034 522 1122 gaudes,
545 1034 599 1101 hic
620 1034 799 1101 delectatur
817 1034 947 1109 iambis,

151 1156 210 1223 iiie
231 1157 361 1223 Bioneis
382 1156 586 1223 sermonibus
608 1166 641 1221 et
662 1156 730 1222 saie
752 1157 853 1245 nigro.
1156 1162 1197 1223 60

107 1419 373 1470 0044404444-
387 1421 447 1482 quiid
462 1418 634 1484 faciamoisil
673 1419 755 1471 destri
773 1419 1107 1483 etiigataorationemixic
1120 1434 1196 1473 4440-

109 1494 178 1545 Sed
190 1494 344 1545 cedendum
352 1497 395 1545 est
404 1495 582 1545 necessitati
592 1496 635 1545 Sic
672 1491 1197 1559 posita.»iDiog.La'ert.i552:136-

108 1568 179 1619 itali:
208 1570 256 1619 Cho
277 1571 336 1619 0004
357 1569 394 1618 ch’
415 1572 441 1619 io
462 1568 563 1632 4044404
588 1569 636 1619 cte
672 1586 751 1634 φυης
762 1586 799 1634 ην
808 1570 857 1619 καὶ
869 1567 1048 1657 παρῳδῆσαι,
1059 1564 1195 1621 οἷάέσιιν

106 1642 387 1706 40444000,040144;
416 1641 514 1703 «Quale
536 1644 635 1693 carmi·
672 1638 763 1694 αὐτοῦ
781 1641 956 1703 καὶταῦτα,
978 1634 1014 1693 'o
1031 1646 1122 1694 πέπον
1136 1639 1196 1715 Ἀρ-

108 1732 176 1768 num
191 1731 277 1781 genus
293 1731 338 1769 me
356 1720 470 1769 tractare
487 1719 564 1767 risi»
594 1717 632 1768 Ci.
672 1715 747 1777 χύτα
785 1716 978 1783 ψαλληγενές,
1018 1712 1194 1809 ὀλβιότυφε,

107 1794 205 1853 Scit,
225 1793 253 1852 4,
272 1793 313 1843 si.
672 1791 732 1858 Τῆς
748 1786 859 1858 ὑπάτης
884 1784 978 1861 εριδος
1003 1788 1118 1842 πάντων
1142 1792 1194 1857 ἐμ-

143 1830 235 1916 tte-dh
253 1867 379 1931 00440440]
398 1866 634 1930 «3000404044444
672 1864 813 1957 ncpdraz'
829 1862 955 1936 ἀνδρῶν·
981 1868 1031 1917 καὶ
1054 1860 1129 1929 ὅλως
1145 1870 1195 1919 zat

106 1943 138 1990 04
154 1941 190 1990 ad
208 1940 312 1993 Horum
332 1940 455 1991 scribens
471 1943 537 2006 Epp.
556 1944 584 2003 4,
603 1943 632 2003 3,
671 1937 817 2007 μουσικὴν
834 1942 884 1990 καὶ
900 1943 1075 2009 γεωμετρίαν
1091 1939 1197 1993 διέπαι-

106 2014 153 2065 tt:
173 2028 218 2065 440
233 2015 319 2063 condis
334 2016 443 2065 amabile
458 2029 568 2065 cannen.
594 2015 632 2066 Ci.
671 2021 782 2080 §aar
771 2018 856 2066 «Sunt
883 2018 973 2066 autern
1003 2016 1194 2080 disputationes
1217 2026 1219 2031 '

106 2102 133 2138 v.
152 2090 195 2138 iii.
222 2114 250 2125 -·
277 2090 378 2153 intubis]
405 2091 459 2139 «ad
484 2090 633 2141 Archilochi
671 2093 759 2141 Bionis
770 2090 932 2155 philosophi,
948 2090 1046 2153 quihus
1058 2090 1194 2141 stultitiam

106 2163 250 2227 exemplar
273 2166 440 2229 compositis,
470 2168 499 2214 nt
524 2166 633 2229 Epodi.»
672 2167 758 2227 arguit
775 2164 855 2227 voigi,
876 2165 918 2213 cui
930 2176 1015 2228 paene
1027 2167 1196 2215 consentiunt

106 2237 147 2286 Ci.
161 2239 230 2302 Epp.
245 2241 275 2300 4,
295 2240 339 2301 49,
352 2240 394 2289 ts.
410 2268 437 2276 -
451 2241 557 2304 Bioneis]
569 2242 634 2290 Bion
672 2240 791 2290 carmina
809 2237 969 2288 Lucilianae
993 2239 1073 2302 (Haec
1085 2240 1195 2303 quidem

105 2312 328 2374 Borysthenites,
368 2313 513 2378 disciputus
547 2316 634 2365 Theo-
672 2314 797 2363 divinatio
808 2312 914 2362 videtur
930 2326 962 2362 44
980 2314 1078 2363 Horatii
1095 2314 1193 2373 verbis,

104 2387 224 2449 phrasti,
244 2388 381 2453 exemplar
397 2391 516 2449 Luciani,
545 2390 635 2440 4404044
670 2390 701 2437 04
723 2388 780 2437 44444
804 2386 904 2437 assolet
924 2386 995 2450 apud
1020 2386 1193 2447 scholiastes,

105 2460 180 2509 circu
198 2458 238 2509 04.
257 2460 313 2511 iso.
327 2464 393 2525 (446.
408 2476 432 2512 a.
446 2463 529 2525 Chr),
548 2465 634 2527 Cyre·
672 2460 760 2511 ducta.
791 2460 829 2510 Ci
850 2460 878 2509 C
898 2461 923 2509 F.
942 2461 1086 2509 Hermauni
1104 2464 1193 2524 Progr.

105 2534 217 2591 naieae,
238 2536 300 2597 post
315 2537 432 2598 Cynicae
449 2540 539 2587 444440
557 2538 634 2588 addi·
671 2534 861 2596 lintburgense
888 2533 960 2583 4844.
985 2547 1011 2597 p.
1035 2534 1085 2595 33.)
1128 2536 1195 2585 «Hic

105 2611 178 2657 etus.
196 2606 323 2658 welcher-
333 2611 417 2661 Praei
428 2612 463 2661 od
475 2612 592 2675 Theogn
605 2626 631 2677 p.
671 2611 762 2659 autem
780 2608 858 2667 Bion,
877 2608 922 2670 qui
940 2607 1076 2669 Sophistes
1094 2620 1195 2670 cogno·

105 2682 229 2731 hiim.
247 2682 304 2732 Van
316 2684 423 2734 Heusde
436 2685 515 2735 Lucri
529 2699 556 2750 p
568 2686 632 2736 298:
671 2684 786 2733 minatus
804 2683 857 2742 est,
885 2682 910 2730 iu
928 2680 1009 2741 libro,
1036 2694 1118 2743 quem
1136 2683 1195 2732 edi-

106 2756 184 2805 44444
196 2756 275 2815 Bion,
292 2760 323 2807 ut
332 2759 532 2821 wyttenbachii
544 2760 634 2811 verbis
671 2758 722 2817 dit,
738 2756 947 2806 mordacissimis
959 2752 1059 2805 salibus
1068 2767 1109 2815 ca,
1124 2768 1194 2819 quae

104 2832 177 2890 utar,
192 2829 372 2883 nobilissimus
382 2834 452 2884 iuter
462 2834 634 2899 philosophos
672 2832 743 2896 apud
760 2830 937 2895 possessum
957 2830 991 2878 itu
1008 2826 1146 2888 laceravit,
1165 2832 1195 2879 04

104 2905 227 2967 sophista
246 2905 274 2953 et
289 2906 359 2955 inter
368 2908 501 2971 sophistas
515 2909 635 2973 philoso·
672 2920 706 2955 00
718 2906 834 2955 Homero
846 2902 955 2966 quidem
965 2904 1116 2966 parceret.»
1104 2904 1192 2955 rhun.

104 2980 193 3043 phus,
218 2978 296 3042 piane
318 2980 403 3032 iactus
419 2983 454 3031 ad
476 2996 559 3033 vanas
575 2985 634 3047 opi·
672 2978 862 3029 Metrodorus'
856 2990 882 3027 ιο
904 2976 961 3026 Vni.
979 2976 1085 3026 Heroni
1106 2978 1148 3027 Vi.
1165 2992 1191 3042 p.

105 3054 203 3102 niones
220 3064 372 3117 pravasque
389 3057 547 3120 cupiditates
564 3071 635 3108 mor·
670 3055 714 3104 29:
734 3054 844 3114 Βίωνος
855 3066 906 3103 coo
917 3066 993 3101 κατα
982 3046 1195 3139 Θεόφραστον

105 3128 167 3177 daci
204 3126 342 3178 dicacitate
377 3131 598 3182 confutandas·
619 3160 633 3170 -
672 3125 786 3217 πρώτου
802 3124 983 3188 φιλοσοφῶν
997 3119 1128 3188 ἀνθίνοις
1143 3141 1194 3177 κο-

105 3200 236 3252 Weicirer
246 3203 283 3250 art
298 3204 409 3254 mnrium
420 3204 505 3255 soluta
518 3208 546 3256 04
555 3205 633 3269 tigata
671 3199 850 3268 σμήσαντος.
869 3202 931 3251 Erus
943 3201 1012 3250 dicta
1024 3200 1096 3250 haud
1107 3202 1195 3251 itura

105 3277 232 3325 oratione
264 3277 355 3327 Bionei
389 3282 522 3330 sermonis
550 3293 633 3344 genus
671 3292 701 3328 ro
719 3275 939 3342 aposterrorrhus
951 3275 1079 3339 sophistis
1093 3287 1195 3325 memo-

105 3350 199 3401 iuisse.
219 3350 294 3400 Hoc
287 3366 313 3401 ru
325 3352 437 3405 dubium
445 3368 526 3415 voco
539 3358 634 3407 satiras
672 3353 812 3409 rahantur,
831 3352 862 3399 ut
877 3349 1037 3413 perspicitur
1053 3360 1084 3396 ex
1104 3348 1192 3397 Telete

106 3426 180 3475 enim
199 3426 281 3476 404440
297 3429 384 3477 metro
398 3432 559 3517 compositas
572 3432 633 3481 inde
671 3427 742 3490 apud
760 3424 951 3481 stobaeum
970 3423 1011 3471 ⁶7·
1035 3418 1104 3483 (¹¹⁰¹
1125 3422 1143 3469 ¹·
1164 3434 1191 3485 Ρ

106 3500 256 3561 0444440404,
279 3502 352 3565 quod
372 3506 498 3555 carminis
515 3503 589 3569 lyrici
607 3508 634 3555 et
672 3503 728 3550 itt.
744 3500 799 3549 449.
814 3498 857 3547 ed.
870 3494 1080 3557 Tauehuistob
1092 3496 1132 3555 i0,
1145 3495 1191 3544 38.

107 3574 217 3624 iambici
228 3574 296 3625 iacta
306 3578 406 3627 mentio
414 3578 508 3640 iuerat
520 3583 634 3644 utroque
671 3574 748 3624 Βίων
773 3569 790 3621 ὁ
812 3584 958 3634 vocamus
983 3564 1036 3632 τὴν
1053 3566 1193 3639 φιλαργυ-

106 3652 200 3699 004004
217 3661 317 3711 340044
338 3664 391 3701 000
412 3654 499 3703 404004
520 3656 634 3717 praesti·
672 3650 736 3720 plau
753 3642 931 3717 μητρόπολιν
948 3638 1134 3709 ἕλεγεπάσης
1144 3658 1194 3693 ²⁰¹·

105 3726 178 3772 terat
195 3723 318 3774 Horatius
336 3738 418 3787 quam
435 3728 527 3790 tertio,
545 3728 633 3790 idest,
671 3726 737 3786 κίας
754 3719 835 3773 εἶναι.
865 3722 966 3770 Seneca
983 3719 1017 3768 de
1039 3720 1135 3782 Tranq.
1149 3730 1191 3768 an.

106 3798 244 3847 satirico.»
230 3799 328 3861 (Hoc
339 3804 526 3862 argumentum
544 3805 633 3852 tarnen
671 3800 699 3849 8:
718 3799 782 3848 Bion
799 3795 970 3859 4400440044
985 3794 1193 3842 conmiscentu-

107 3885 258 3937 speciosius
267 3885 347 3936 00040
357 3877 447 3925 uerius
459 3880 509 3937 est,
522 3879 636 3941 possunt
671 3876 758 3923 testum
775 3884 824 3921 4444
841 3870 919 3919 calvis
936 3868 1133 3929 ammoneatis
1151 3868 1193 3929 pi-

20 3986 25 3995 .
108 3948 183 3997 enim
202 3948 361 3998 0044404444
373 3951 634 4015 ammonuitque
672 3946 788 3997 iosvciti.
819 3942 1060 4001 Ci.Cic.i'usc.3,
1079 3942 1125 4001 26,
1150 3942 1190 3991 62.

108 4020 273 4084 significare:
291 4024 635 4088 «sermonibusquemad-
672 4021 738 4071 siut.
760 4019 793 4068 de
820 4032 879 4068 sera
906 4030 979 4067 num.
1000 4015 1072 4065 vind.
1095 4015 1134 4064 49.
1163 4042 1191 4053 -

109 4096 224 4146 modum
248 4098 301 4147 mei
326 4101 388 4148 sunt
413 4100 573 4149 hexametris
594 4099 636 4148 in·
672 4096 724 4143 soto
750 4092 832 4155 cipro]
861 4092 964 4140 acriore
993 4090 1080 4152 igitur,
1110 4100 1193 4150 quem

110 4170 191 4230 clusi,
216 4170 314 4232 quibus
331 4172 392 4221 insit
407 4174 536 4223 Bioneum
553 4174 633 4234 virus,
673 4169 745 4233 quod
764 4169 846 4229 magis
863 4168 1004 4229 purgatum
1022 4166 1071 4213 est.
1100 4163 1153 4211 Sat.
1166 4162 1191 4219 2,

110 4245 185 4310 quaii
202 4245 372 4297 reiertusuni
387 4246 576 4311 iiiiusscripta,
589 4260 637 4310 pe·
673 4245 701 4305 4,
719 4243 760 4294 ti.
789 4242 849 4291 sine
868 4242 993 4302 imagine:
1019 4238 1120 4289 «satiris
1139 4238 1193 4286 tam
