2925 4892
555 811 595 915 Q·
621 811 811 904 nomin
837 809 995 904 illuct

434 1039 1122 1217 sllinlntln

592 1335 710 1400 LIBER
731 1334 951 1403 SECUNDUS.

636 1639 847 1700 um
875 1641 911 1701 1.

277 1759 372 1833 Sunt,
400 1752 521 1842 quibus
542 1752 575 1817 in
597 1752 695 1819 satira
715 1750 831 1818 videor
852 1752 947 1818 nimis
970 1772 1046 1820 acer
1068 1763 1101 1820 et
1121 1753 1203 1822 ultra

274 1878 394 1963 Legem
415 1873 551 1941 tendere
573 1893 673 1961 opus3
698 1873 768 1940 sine
790 1873 899 1940 nervis
921 1873 1036 1952 altera,
1060 1875 1219 1963 quidquid

297 2056 365 2104 snt.
384 2055 403 2103 l.
439 2055 463 2102 t.
481 2054 571 2103 videm
588 2051 689 2113 benet
710 2055 738 2103 et
760 2065 838 2103 ocum
855 2051 963 2102 dimidia
980 2052 1036 2104 lere
1056 2054 1179 2104 codicum
1195 2057 1287 2119 parte·

264 2127 408 2180 Bentleius.
435 2128 474 2190 (Ut
490 2141 554 2188 nos,
573 2126 626 2190 Sdp
644 2129 671 2176 et
687 2130 792 2191 septem
809 2128 946 2190 Pottien'i.)
967 2155 993 2164 —
1018 2129 1042 2178 Ξ.
1061 2129 1186 2179 inuadere
1202 2127 1286 2180 codd.

265 2203 327 2268 aliq.
347 2202 442 2266 (nullus
459 2214 584 2252 meorum
600 2214 651 2251 nec
668 2198 778 2251 Bentleii
795 2214 846 2252 nec
863 2203 999 2264 Pottieriil,
1019 2203 1234 2266 Cuninghamius.

266 2355 286 2402 l.
305 2349 437 2402 simulans
454 2364 484 2400 ss
502 2351 531 2400 C.
545 2350 699 2401 Trebatium
710 2349 758 2400 Te-
796 2317 838 2399 cto
856 2349 971 2411 timebo,
989 2363 1023 2401 ne
1041 2353 1163 2416 potentes
1181 2353 1281 2404 amicos
1306 2367 1323 2402 a

233 2429 316 2486 stan,
335 2427 467 2488 insignem
477 2425 542 2474 iuris
554 2425 682 2488 peritum,
695 2438 759 2476 con·
795 2436 839 2474 me
862 2422 1044 2474 abellanam.»
1086 2427 1141 2476 lam
1166 2427 1321 2490 Trebatius,

233 2499 337 2561 sulere,
350 2498 414 2562 quid
426 2500 453 2548 in
465 2500 536 2548 tanta
548 2497 758 2551 obtrectatomm
796 2499 841 2561 qui
866 2499 918 2548 lCti
945 2501 1036 2563 partes
1058 2513 1109 2564 par
1125 2501 1195 2552 hanc
1211 2503 1325 2554 satiram

233 2577 261 2625 in
278 2587 308 2624 se
325 2574 475 2636 satirasque
492 2585 556 2624 suas
574 2574 710 2636 iniquitate
723 2574 760 2624 la·
796 2572 971 2623 dramaticum
989 2575 1095 2637 egregie
1117 2576 1220 2636 tuctur,
1247 2575 1325 2626 lesti-

234 2649 302 2707 ciat,
333 2649 423 2697 tumen
452 2647 506 2696 hoc
533 2660 633 2710 genere
658 2651 758 2700 omisso
794 2659 857 2697 vam
873 2647 963 2696 iuveni
980 2648 1067 2698 amico
1079 2649 1230 2699 cautionem
1244 2662 1327 2714 prae-

234 2723 355 2774 Cuesaris
373 2735 418 2772 res
429 2723 530 2786 gestas,
549 2724 689 2785 iustitiam,
708 2725 761 2775 lor-
796 2720 1024 2784 scriptionemque
1052 2723 1182 2787 praecipit
1208 2723 1267 2786 (olr.
1285 2723 1326 2774 ad

234 2796 373 2849 titudinem
383 2797 501 2846 carmine
511 2797 588 2860 epico
598 2801 759 2860 panegyrico
795 2807 821 2844 v.
840 2795 889 2857 5.),
909 2808 963 2845 one
981 2808 1100 2860 unquam
1116 2798 1188 2847 molo
1204 2799 1326 2848 ommino

234 2869 389 2937 praedicare
409 2869 571 2920 nondumss
584 2869 761 2922 auderedex-
796 2871 968 2933 componat»
994 2883 1111 2934 eumque
1136 2873 1162 2921 in
1189 2885 1325 2935 generoso

234 2945 343 2993 terrimo
372 2942 503 3006 significat
528 2944 559 3005 (a
583 2957 637 3007 quo
660 2957 759 3008 genere
796 2943 933 3006 proposito
951 2943 1099 2994 confirmat.
1133 2945 1164 2994 ld
1185 2959 1249 2996 sane
1271 2959 1328 3010 per

234 3029 300 3069 suae
321 3017 401 3067 indoli
421 3019 554 3068 contrario
577 3021 686 3070 omnino
708 3022 760 3072 ab·
797 3031 827 3068 so
844 3015 941 3080 liquet,
962 3019 1045 3067 totam
1056 3017 1276 3070 consultationem
1287 3020 1327 3070 fi-

234 3091 390 3155 horrebat),
416 3095 509 3144 contm
530 3095 556 3144 iu
578 3096 665 3146 satiris
682 3109 760 3146 com·
797 3094 866 3142 ctam
886 3104 961 3160 esse,
987 3103 1082 3142 verum
1098 3090 1175 3156 longe
1193 3093 1328 3146 difficilior

234 3167 377 3232 ponendis,
402 3167 505 3229 Lucilii,
528 3168 562 3218 de
580 3181 634 3232 quo
651 3172 761 3233 aequis·
798 3167 839 3216 est
856 3165 990 3228 quaestio,
1009 3167 1100 3216 utrum
1117 3167 1241 3218 Horatius
1252 3166 1326 3219 adeo

235 3242 302 3294 sime
321 3242 430 3302 iudicat,
450 3239 573 3306 exemplo
592 3241 642 3292 sibi
660 3257 757 3308 propo·
797 3239 931 3291 lamiliaris
949 3240 1027 3290 luerit
1042 3240 1171 3302 Trebatii,
1190 3245 1220 3292 ut
1230 3243 1326 3294 iocoso

234 3317 300 3378 sito,
327 3318 407 3366 etiam
427 3316 599 3380 postmodum
617 3330 647 3367 se
664 3330 760 3381 perse·
797 3329 861 3365 sena
873 3313 948 3364 lecile
962 3315 987 3363 ld
1005 3317 1176 3378 permittente
1189 3315 1327 3380 dialogum

233 3394 406 3450 voraturum,
440 3392 567 3454 quoniam
595 3391 647 3441 hoc
675 3405 759 3454 genus
797 3388 868 3438 hunc
894 3390 1097 3453 conscripserit,
1127 3404 1161 3440 an
1189 3389 1260 3440 haud
1284 3391 1326 3439 ita

235 3476 299 3514 suae
320 3467 431 3514 naturae
453 3467 570 3515 maxime
593 3466 628 3515 sit
644 3479 760 3516 consen-
797 3463 841 3513 diu
856 3465 917 3527 post
929 3463 1001 3514 senis
1014 3463 1139 3514 omnibus
1151 3466 1206 3514 noti
1218 3464 1326 3515 obitum

234 3541 352 3588 tensum.
379 3539 519 3600 «verum»,
538 3541 636 3603 inquit,
657 3541 760 3604 uinpo-
797 3538 854 3588 eiua
871 3549 985 3601 persona
1006 3539 1040 3588 itu
1053 3539 1087 3588 sit
1103 3551 1184 3600 usus,
1203 3538 1326 3600 adquod

234 3613 336 3662 storum
358 3613 384 3661 in
407 3625 455 3663 eos
471 3613 610 3663 dumtaxat
634 3613 758 3676 invehar,
796 3611 884 3674 potius
896 3611 1067 3662 statuendum
1085 3610 1194 3662 inclinat
1204 3613 1323 3662 animus.

234 3686 280 3748 qui
292 3697 335 3734 me
346 3683 416 3735 ultro
425 3688 542 3748 aggressi
554 3686 680 3748 lueriut;·
694 3701 760 3752 quo-
796 3686 897 3749 Scripta
916 3685 984 3735 haec
996 3687 1079 3737 Satira
1089 3687 1196 3737 videtur
1211 3685 1326 3736 Fraukio

235 3771 297 3808 rum
314 3757 433 3822 hacipsa
444 3760 683 3812 occasioneohlata
695 3777 761 3814 non·
797 3763 825 3811 et
846 3759 1016 3810 Grotelendio
1038 3773 1063 3810 a.
1082 3773 1109 3810 u.
1128 3774 1153 3811 c.
1172 3759 1241 3820 iti„
1265 3757 1327 3811 aliis

234 3830 320 3882 nullos
337 3833 434 3881 acnter
449 3831 563 3883 vellicat.
600 3833 691 3886 «Tales
710 3851 759 3887 au·
796 3849 821 3886 a.
841 3835 897 3884 726.
933 3833 1032 3883 Verum
1051 3832 1092 3883 ilia
1106 3836 1173 3884 ratio
1189 3833 1328 3897 longera·

235 3909 290 3956 tem
302 3903 465 3956 nebulones»
483 3907 592 3970 (pergit,
611 3913 758 3960 memorata
797 3911 864 3961 otior
880 3912 934 3968 est,
960 3922 991 3958 ex
1010 3921 1062 3972 qua
1086 3910 1164 3960 huius
1182 3907 1241 3960 libri
1259 3911 1327 3959 tuuc

234 3979 325 4031 Lucilii
341 3992 404 4029 cum
421 3981 543 4046 Scipione
561 3984 588 4032 et
605 3981 693 4033 Laelio
710 3997 760 4033 ne·
797 3983 860 4034 editi
877 3983 953 4045 quasi
970 3981 1096 4046 prologus
1114 3983 1173 4033 en't.

234 4054 396 4106 cessitudine
422 4054 463 4105 vel
490 4058 600 4120 propter
624 4068 759 4108 summam
831 4055 1227 4118 t-l.smtqoto1c--otaeor]
1249 4055 1326 4106 llaec

234 4129 302 4180 illius
325 4127 476 4179 libertatem
494 4143 631 4194 nunquam
649 4131 758 4194 dissuta)
796 4132 958 4181 constructio
976 4131 1082 4181 Horatio
1099 4129 1174 4182 solita
1187 4131 1212 4180 h.
1227 4128 1243 4180 l.
1256 4132 1325 4182 satis

235 4204 297 4256 aubi
308 4204 500 4269 perstrinxero,
520 4217 657 4269 nunquam
668 4205 760 4269 prole·
796 4204 877 4255 etiam
895 4219 909 4255 a
928 4205 1012 4255 Codd.
1031 4205 1160 4256 firmatur.
1196 4204 1248 4255 Cir.
1266 4205 1322 4255 Sat.
