2925 4892
282 355 345 422 380
640 358 1011 411 noalrnnmsromauu

325 515 381 580 Est
402 514 528 581 animus
551 513 623 591 tibi,
647 525 721 581 sunt
743 533 852 580 mores
874 524 907 580 et
928 513 1038 602 lingua
1059 512 1223 601 fidesque,

347 705 388 754 57.
407 705 447 754 448.
467 705 575 754 inverso
593 703 685 754 ordine
703 703 754 764 dE,
772 705 874 755 Veneta
893 703 981 765 4484,
1000 705 1059 754 iti.
1078 705 1236 755 Nostrorum
1254 704 1340 755 Codd.

314 778 352 828 bs
369 777 491 828 ordinem
509 776 635 842 praetulit
651 778 704 828 iem
722 779 865 841 cruquius.
902 779 938 841 (ln
955 793 972 828 v
988 791 1084 828 versus
1100 779 1141 828 08.
1160 780 1230 828 inter
1244 793 1342 831 versus

315 852 343 902 04
364 855 392 902 ei
409 853 449 902 08.
469 853 571 916 positus
589 853 649 915 esi.)
670 877 697 887 -
717 857 741 902 et
757 853 847 917 iiapuc
865 853 961 917 deEp
984 855 1012 903 et
1032 865 1127 904 omnes
1149 854 1279 904 Pottierii:
1306 860 1343 904 osi

315 927 403 990 lingon
419 941 435 977 e
454 926 538 978 Codd.
559 927 636 990 (inter
652 940 720 991 quos
739 925 805 977 ulier
822 925 930 990 Collegii
952 927 1092 990 Trinitatis)
1114 926 1262 987 Bentloius,
1285 928 1342 978 oni.

281 1097 346 1146 otios
362 1094 444 1158 totos.)
473 1096 527 1146 Nisi
544 1096 632 1146 omnia
645 1108 688 1146 me
706 1093 807 1157 iallunt,
848 1107 893 1144 mo
919 1095 988 1144 inter
1012 1094 1207 1146 numerandam
1229 1097 1377 1159 pecuniam

282 1182 377 1221 versus
398 1167 467 1218 illius
488 1168 559 1219 bene
581 1170 677 1220 tornati
701 1169 809 1220 lortmto
848 1169 1057 1229 defraudentur,
1090 1168 1206 1234 ideoque
1232 1183 1287 1220 non
1315 1172 1376 1221 sine

283 1245 308 1294 el
324 1243 437 1293 venitin
449 1245 581 1304 mentem,
601 1255 654 1306 quo
666 1241 810 1306 aliquando
847 1241 970 1293 molestia
987 1244 1038 1308 ipsi
1054 1242 1155 1294 loculos
1172 1245 1287 1307 gestent.
1322 1246 1375 1294 Ve-

283 1319 470 1368 centurionum
498 1318 694 1369 venusinomm
722 1317 807 1379 lilios,
848 1329 908 1366 rum
926 1329 1015 1367 nonne
1032 1318 1086 1367 boo
1103 1318 1214 1368 nimium
1231 1331 1264 1369 ao
1280 1319 1325 1368 vix
1340 1317 1376 1369 de

282 1390 410 1457 aequales
440 1405 517 1454 suos,
554 1393 580 1442 in
610 1390 688 1442 Flavii
715 1392 809 1442 ludum
846 1391 951 1442 ludaeis
988 1391 1184 1444 feneratoribus
1221 1391 1377 1443 credibile?

282 1479 345 1518 oum
363 1467 444 1528 irent,
463 1465 539 1518 nullis
552 1467 678 1531 capsarlis
693 1467 724 1518 iis
737 1465 810 1517 locu·
847 1465 908 1516 444444
925 1465 1035 1529 quidem
1047 1467 1115 1517 baec
1125 1466 1225 1527 verba,
1243 1468 1282 1516 uti
1292 1481 1378 1532 prae-

282 1540 322 1592 los
349 1539 490 1604 (librorum
516 1543 678 1606 ananiaeque
703 1540 809 1605 stilique
847 1539 970 1590 cedentia
995 1541 1111 1590 recinunt
1134 1541 1245 1602 dicium,
1271 1542 1376 1605 tropice

282 1616 447 1680 repositoria)
466 1615 648 1679 portantibus,
671 1617 719 1667 sed
736 1618 809 1680 ipsos
846 1615 908 1663 κατ’
932 1615 1080 1686 εἰρωνείαν
1105 1615 1261 1679 accipienda
1286 1617 1376 1679 potius

281 1690 350 1740 baec
361 1689 470 1754 puerilis
479 1688 632 1756 disciplinae
645 1691 810 1741 instrumen-
846 1688 988 1738 videniur:
1019 1689 1161 1740 «Proiecto
1190 1691 1273 1740 totam
1301 1690 1375 1740 banc

282 1767 309 1815 ta
326 1766 475 1828 gestantes,
502 1765 595 1816 lestive
617 1766 807 1830 descripserat.
846 1764 1030 1813 usurariorum
1052 1764 1187 1814 nationem
1208 1776 1273 1814 cum
1292 1763 1377 1814 disci·

282 1842 338 1891 lam
361 1853 423 1892 cum
450 1840 517 1890 baec
540 1841 628 1904 imago
654 1853 750 1891 senum
776 1853 809 1889 ae
847 1839 915 1904 pulis
938 1840 1140 1904 quodammodo
1163 1841 1377 1905 comparandam

282 1916 409 1966 iuvenum
426 1915 460 1964 ad
485 1916 578 1967 lanum
596 1915 715 1966 medium
735 1913 810 1965 velut
847 1915 933 1977 duco,
960 1915 1054 1979 quales
1074 1929 1124 1979 ego
1150 1917 1177 1966 in
1202 1918 1287 1980 patria
1310 1915 1376 1967 olim

282 1991 309 2039 in
326 1987 418 2040 schola
440 1989 520 2040 lalsae
543 1990 687 2054 sapientiae
711 1989 809 2039 dictata
846 1990 900 2039 vidi
917 1993 987 2041 cet.»
1016 1993 1144 2042 Ceterum
1160 1992 1187 2041 44.
1205 1990 1221 2041 4.
1240 1992 1376 2042 llerman·

282 2065 408 2126 magistro
425 2063 596 2115 reddentium
613 2065 638 2114 ei
659 2067 719 2114 ante
742 2077 809 2114 ocu·
847 2079 898 2116 nus
915 2066 957 2116 bis
973 2066 1000 2116 in
1012 2065 1105 2117 loculis
1117 2081 1171 2117 non
1182 2066 1299 2118 calculos
1311 2080 1377 2118 con·

281 2135 322 2188 los
347 2140 512 2200 versaretur,
539 2139 629 2188 statim
650 2139 715 2188 vidit
739 2152 808 2189 nova
848 2140 916 2190 ditos
940 2151 1016 2200 esse,
1044 2140 1093 2191 sed
1119 2142 1262 2205 pecuniam
1287 2142 1376 2205 ipsam

283 2211 334 2261 bao
355 2214 384 2262 et
404 2210 498 2262 callida
521 2213 642 2262 iunctura
665 2214 808 2276 imaginem
847 2216 921 2264 reete
938 2215 1037 2264 statuit.
1073 2217 1218 2266 Sieautem
1235 2216 1262 2265 b.
1274 2214 1291 2265 Ι.
1305 2217 1377 2266 inter

283 2283 354 2336 illem
371 2287 407 2336 ita
424 2285 539 2347 absolvi,
564 2285 626 2336 nibil
644 2291 673 2336 ui
689 2288 808 2340 lestivius
847 2301 877 2339 sa
895 2291 973 2352 aptae
990 2292 1054 2340 sunt
1070 2290 1231 2341 sententiae:
1255 2293 1377 2354 «Argeu-

282 2363 401 2426 magisve
418 2362 560 2414 ridiculum
578 2365 720 2428 excogitari
744 2377 809 2429 pos·
846 2364 919 2425 tarii,
946 2363 1011 2412 dum
1033 2363 1110 2414 lenus
1130 2376 1210 2414 suum
1232 2368 1374 2425 exercent,

282 2440 332 2488 set.
362 2437 553 2490 admirabilem
575 2440 643 2490 bane
660 2439 741 2492 veluti
767 2441 808 2505 pi·
847 2436 928 2487 veluti
946 2437 1044 2487 docent
1060 2451 1154 2488 omnes
1171 2437 1289 2502 reliquos
1299 2440 1376 2490 cives

283 2514 387 2564 oturam
405 2513 602 2577 delormarunt,
630 2518 658 2565 et
673 2516 720 2578 qui
737 2515 809 2565 bunc
847 2524 972 2561 nummos
984 2514 1045 2561 ante
1060 2513 1185 2563 virtutem
1203 2513 1376 2576 quaerendos

282 2600 308 2636 v.
331 2592 520 2650 resecuerunt,
548 2593 575 2640 et
599 2591 644 2654 qui
670 2591 810 2655 proposuit
847 2599 923 2645 esso;
943 2585 1024 2636 talem
1041 2586 1189 2636 doctrinam
1201 2586 1377 2651 cupidearri·

281 2675 397 2725 meosque
419 2669 442 2714 οι
463 2665 558 2727 Laevo,
585 2667 615 2714 444
637 2668 728 2716 essent
753 2667 808 2715 tres
846 2661 950 2725 pientes
973 2662 1001 2710 et
1024 2661 1136 2711 iuvenes
1159 2665 1187 2711 et
1207 2673 1287 2712 senes
1304 2663 1375 2713 baec

281 2739 396 2799 aetates,
410 2741 495 2804 pueri,
510 2739 630 2800 iuvenes,
644 2753 738 2799 senes;
758 2753 809 2789 nec
846 2737 985 2799 tamquam
1002 2734 1123 2799 discipuli
1135 2737 1262 2798 magistro
1274 2735 1373 2787 dictata

283 2812 371 2861 minus
388 2825 404 2861 a
420 2827 485 2862 vero
507 2813 646 2876 aberrant,
674 2816 718 2878 qui
744 2827 809 2878 pro-
846 2809 978 2871 reddunt,
999 2823 1032 2860 ao
1048 2810 1168 2874 prolecto
1185 2812 1251 2862 mibi
1266 2825 1375 2876 nequa-

281 2886 338 2949 prie
351 2884 483 2949 explicant
494 2887 528 2936 de
541 2886 657 2950 civibus,
677 2890 731 2952 qui,
746 2901 808 2938 cum
847 2899 928 2950 quam
953 2885 1052 2936 diversi
1076 2885 1233 2936 videntura
1254 2887 1375 2951 puerulis

282 2959 387 3020 negotia
403 2962 555 3023 pecuniaria
573 2974 635 3012 oum
653 2964 809 3026 argentariis
846 2962 873 3011 in
896 2959 989 3012 ludum
1011 2959 1167 3011 litterarium
1183 2975 1199 3010 a
1217 2962 1374 3026 paedagogo

282 3029 427 3093 baberent,
451 3032 502 3083 boo
522 3035 580 3098 ipso
597 3035 704 3098 habitu,
731 3035 808 3086 laevo
847 3035 981 3097 deductis,
1002 3048 1071 3098 qnos
1088 3035 1152 3086 olim
1168 3037 1208 3087 sic
1224 3037 1371 3103 descripsi:

282 3103 394 3155 brachio
411 3105 530 3157 tabulam
548 3111 575 3158 et
591 3107 692 3159 loculos
704 3113 809 3173 gestan-
845 3112 928 3161 Laevo
939 3112 1009 3161 cet.»
1022 3109 1155 3174 (Similiter
1165 3112 1222 3174 ipsc
1233 3124 1298 3162 suos
1311 3125 1375 3163 ver-

282 3180 324 3229 tes
341 3179 376 3229 ad
392 3178 497 3230 illorum
514 3195 621 3234 mensas
633 3187 806 3236 accesserint:
846 3200 893 3238 sus
910 3187 1016 3251 repetiit
1033 3187 1156 3236 Horatius
1173 3188 1226 3237 Sat.
1241 3189 1266 3248 4,
1286 3187 1312 3248 2,
1331 3187 1371 3237 43.

283 3267 345 3305 nam
363 3254 397 3305 ad
414 3253 475 3306 talia
492 3257 620 3320 portanda
631 3256 708 3310 liberi
719 3261 808 3311 homi·
846 3264 874 3310 et
889 3264 919 3310 Α.
939 3262 966 3311 Ρ.
986 3260 1043 3310 ini.
1062 3260 1160 3321 Sati,
1178 3261 1208 3320 2,
1226 3261 1268 3310 84.
1293 3265 1323 3311 et
1340 3263 1370 3322 4,

282 3343 331 3381 nes
344 3332 370 3380 et
380 3331 517 3394 pecuniosi
528 3343 620 3384 servos
632 3333 805 3386 adhibebant.
846 3333 874 3398 4,
892 3336 933 3385 34.
963 3333 1030 3384 444444.
1043 3335 1074 3395 8,
1093 3335 1121 3397 3,
1141 3334 1198 3384 403.
1217 3338 1245 3383 ei
1261 3335 1329 3401 Epp.
1344 3337 1369 3397 4,

280 3405 471 3470 Dignissimus,
498 3408 543 3471 qui
566 3406 600 3458 do
618 3408 645 3459 14.
668 3408 685 3460 i.
704 3409 808 3474 legatur
846 3410 874 3469 6,
893 3410 934 3460 28.
957 3408 1033 3474 [Epp.
1047 3411 1076 3471 4,
1096 3408 1139 3470 44,
1159 3408 1199 3461 34.
1219 3412 1248 3460 ot
1263 3411 1331 3476 Epp.
1346 3413 1370 3468 4,

281 3481 363 3532 estC.
377 3481 404 3532 F.
418 3481 727 3548 HermannusinProgr.
741 3487 808 3537 liar·
847 3485 891 3544 48,
909 3483 961 3548 34]
980 3483 1028 3533 044.
1044 3484 1071 3544 4,
1092 3483 1136 3544 43,
1156 3484 1179 3534 l.
1198 3486 1226 3534 et
1242 3482 1273 3545 4,
1294 3486 1322 3546 4,
1345 3487 1371 3535 3.

280 3554 358 3618 burg.
378 3555 450 3606 4838.
471 3555 537 3620 (Vld.
551 3570 633 3621 supra
650 3572 676 3623 p.
691 3560 740 3609 480
755 3559 806 3624 sq.)
846 3557 935 3619 0443,
954 3558 1001 3620 85,
1019 3558 1061 3608 40.
1081 3559 1109 3607 ot
1125 3556 1155 3619 l,
1174 3558 1205 3618 8,
1223 3557 1277 3621 33.)

281 3631 308 3678 ei
324 3630 350 3678 ln
367 3631 504 3694 Responso
519 3631 553 3681 ad
565 3631 712 3683 Obbarium
724 3635 807 3684 misso
878 3632 919 3681 oi.
940 3633 981 3682 08.
1007 3633 1053 3682 Eat
1071 3632 1171 3681 mimae
1182 3658 1196 3668 -
1209 3658 1224 3668 ·
1237 3633 1288 3683 Sed
1306 3646 1374 3696 pua·

281 3704 307 3752 in
325 3703 531 3755 Zimmermanni
551 3707 666 3757 Zeitrobr.
687 3708 760 3758 4843.
779 3721 805 3772 p.
845 3707 991 3771 driapooiis]
1011 3707 1087 3756 llunc
1104 3719 1231 3757 versuum
1248 3707 1374 3760 ordinem

280 3776 349 3838 8344,
369 3777 414 3826 ubi
432 3779 580 3841 contendit,
599 3794 719 3833 summas
736 3783 808 3834 iene-
846 3781 1030 3844 lectionesque
1052 3786 1077 3831 et
1098 3781 1198 3844 lingua,
1224 3783 1375 3834 Sed-—de-

280 3851 400 3900 catorum
423 3850 517 3902 sordes
539 3867 702 3920 caecamque
720 3858 808 3907 avari·
845 3862 902 3907 sami
921 3857 982 3908 ideo
1003 3855 1129 3921 praetuli,
1154 3857 1227 3920 quod
1244 3871 1309 3909 cum
1332 3861 1376 3909 to-

280 3925 344 3974 tiam
361 3924 405 3974 hic
422 3925 493 3988 tangi
514 3929 594 3991 atque
617 3930 736 3990 irrideri,
763 3934 808 3981 ut·
846 3935 873 3982 io
889 3932 968 3983 buius
985 3931 1118 3996 Epistolao
1135 3933 1293 3983 charactere
1313 3933 1376 3984 rbe-

281 4001 342 4063 poto
372 4000 419 4063 qui
446 3999 488 4050 vel
519 4007 642 4068 sumptus
668 4005 808 4056 vitabundi
846 4007 929 4058 torioo
940 4005 1037 4058 melius
1049 4008 1192 4057 concinere
1201 4007 1374 4058 videbantur.

281 4075 366 4126 servis
378 4075 506 4140 capsariis
523 4090 576 4128 non
589 4081 696 4129 utantur
707 4078 749 4130 vel
761 4093 808 4145 po·
845 4083 945 4132 Rursus
962 4083 1034 4132 enim
1052 4082 1138 4133 babes
1151 4084 1315 4133 senteutiam
1327 4082 1377 4133 ab

281 4149 332 4200 tius
349 4153 483 4213 metuant,
503 4165 536 4202 no
553 4166 569 4202 a
586 4152 694 4216 talibus,
713 4168 807 4218 quam·
844 4159 953 4221 ruptam
969 4159 1175 4222 listnfldesquo
1191 4170 1254 4208 oum
1276 4171 1377 4222 paren·

279 4225 319 4276 vis
330 4239 415 4292 propo
425 4227 605 4288 adstantibus,
617 4228 658 4279 vel
668 4243 721 4280 uno
731 4243 806 4282 num·
845 4233 913 4282 thesi
926 4233 974 4283 Sed
984 4259 1014 4270 -·
1025 4234 1125 4296 04444444,
1145 4237 1171 4285 ei
1182 4232 1376 4284 brevissimam
