2925 4892
543 346 602 397 ΗΒ.
621 348 652 399 11.
687 348 756 399 SAT.
776 350 818 399 vl.

183 500 219 567 Si
242 521 353 587 neque
374 502 531 567 maiorem
552 501 612 570 leci
635 503 760 572 ratione
780 504 865 572 mala
886 524 956 573 rem

181 624 250 691 Neo
272 643 345 689 sum
366 622 509 691 lecturus
530 623 606 690 vitio
629 624 765 714 culpave
786 626 962 705 minorem

183 746 219 809 Si
242 762 383 811 veneror
404 744 520 811 stultus
541 744 618 811 nihil
640 744 772 813 horum:
796 748 826 815 0
847 748 876 815 si
898 747 1036 836 angulus
1058 747 1112 815 ills

183 864 354 931 Proximus
376 865 523 944 accedat,
547 868 602 956 qui
625 868 903 937 nnuc'denormut
923 868 1076 957 agellum!

183 988 214 1053 Ο
237 988 264 1053 si
287 1008 402 1054 urnam
425 988 548 1076 argenti
571 989 636 1057 iors
659 1010 745 1077 quae
767 988 844 1057 mihi
866 1000 1023 1059 monstret
1042 1000 1079 1058 ut
1099 989 1157 1067 illi,
1190 990 1231 1057 ll)

183 1107 351 1175 Thesauro
373 1108 503 1176 invento
526 1110 582 1197 qui
603 1112 825 1179 mercenarius
847 1131 961 1200 agrurn

184 1229 278 1295 lllum
301 1230 405 1317 ipsum
428 1242 589 1299 mercatus
611 1232 726 1306 aravit,
758 1233 850 1300 dives
872 1235 976 1303 amico

183 1350 339 1418 Hercule!
363 1352 413 1429 Si,
436 1351 524 1440 quod
538 1352 646 1430 adest,
663 1364 789 1441 gratum
801 1355 902 1434 iuvat,
924 1356 985 1425 hac
996 1379 1095 1445 preco
1107 1369 1140 1427 te
1153 1379 1228 1425 oro:

175 1534 246 1573 unus
256 1522 380 1573 Pollierli.
394 1550 420 1559 -
433 1522 472 1573 ld.
483 1536 612 1585 qucunus
621 1524 747 1584 Pollicrii,
757 1526 839 1577 ceti.
859 1526 960 1587 lituos,
974 1526 1038 1590 bSc,
1053 1526 1199 1581 Bentleiani

171 1608 269 1647 omnes
279 1598 393 1660 (praeter
401 1598 521 1661 Regium,
535 1598 580 1662 qui
594 1597 677 1650 habel
691 1598 778 1662 quom)
795 1602 824 1650 ot
835 1599 930 1665 reliqui
941 1602 1065 1653 Pottierii.
1079 1629 1106 1640 -
1119 1603 1161 1653 ille
1171 1616 1196 1655 c.

138 1738 248 1787 reretur
262 1749 337 1797 mon
352 1736 426 1795 houm
445 1738 474 1787 ui
492 1736 556 1789 Plin.
569 1738 666 1801 Panes.
704 1736 855 1802 gligeutiu.»
875 1767 903 1776 -
919 1739 1033 1805 osam]
1053 1740 1135 1792 «deos
1145 1754 1231 1791 vens

137 1810 229 1871 75,6:
253 1824 329 1873 super
345 1824 390 1873 eo,
414 1824 478 1875 quus
499 1825 668 1875 mm--pre-
705 1826 767 1863 runs
789 1812 824 1863 ah
848 1814 880 1863 iis
902 1826 1026 1878 precor.»
1063 1813 1117 1865 Cir.
1138 1817 1228 1867 Carnu.
1295 1812 1300 1824 '

137 1890 219 1935 mim.
255 1883 305 1935 Alii
325 1887 413 1936 minus
430 1888 566 1951 apposite:
586 1884 667 1937 «silva
704 1889 763 1939 Sec.
781 1886 823 1939 lli.
850 1888 903 1938 Sat.
921 1888 949 1948 2,
973 1889 1001 1949 2,
1027 1887 1084 1939 lat.
1115 1889 1230 1939 Caecum

138 1960 166 2009 in
184 1957 244 2009 loco
261 1959 373 2011 editiore
391 1974 473 2025 super
489 1962 580 2023 horto,
606 1958 667 2011 villa
704 1961 776 2026 apud
794 1962 849 2012 Cic.
863 1961 898 2011 ad
915 1962 986 2013 Fam.
1000 1962 1029 2024 6,
1048 1962 1076 2012 7:
1096 1962 1231 2025 qmmrdto

139 2039 168 2084 et
187 2033 286 2085 loute.»
320 2036 373 2085 Sed
385 2038 474 2087 uuum
487 2036 582 2087 editior
594 2038 669 2087 esset
703 2036 883 2087 moremati
898 2037 956 2087 sint.
971 2062 999 2073 —
1013 2038 1152 2101 mmet]
1169 2038 1231 2089 «de-

139 2108 219 2169 silva,
247 2121 280 2159 au
299 2109 333 2159 ad
355 2108 424 2160 lotus
442 2109 518 2161 villae
535 2112 597 2171 sita,
624 2112 667 2161 vix
703 2122 842 2171 uormem,
859 2109 1030 2175 inaequalem
1041 2112 1142 2174 reddit,
1161 2113 1230 2165 adeo

139 2183 289 2249 quidquam
313 2184 449 2235 attinebat.
478 2211 506 2221 -
532 2184 599 2235 Beue
619 2184 666 2249 esi]
704 2187 733 2235 ul
760 2186 853 2235 contra
880 2187 1094 2250 agrimensorum
1121 2186 1229 2252 regulam

139 2257 264 2309 Formuln
281 2260 324 2309 est
345 2260 461 2309 conteuti
478 2258 550 2316 hono
568 2261 666 2309 eventu
703 2259 850 2323 quadratus
862 2274 915 2311 non
927 2262 986 2311 sit.»
1005 2263 1118 2313 Codices
1129 2262 1231 2328 aliquot

138 2335 234 2395 animi,
258 2348 307 2399 pro
329 2347 381 2397 qua
405 2348 490 2398 aequo
513 2333 668 2399 frequenter
703 2334 787 2385 verbo
805 2337 932 2387 rarissimi
949 2350 1015 2387 usus
1033 2336 1231 2389 substituerunt

139 2412 224 2461 inlini
251 2410 343 2459 dicunt
366 2408 425 2459 horre
449 2410 530 2459 hahet.
573 2410 664 2461 luveu.
703 2407 788 2461 Gloss.
808 2411 945 2473 desmmot,
972 2412 1002 2460 ut
1026 2412 1129 2462 Vitruv.
1150 2413 1179 2475 9,
1201 2413 1226 2463 2.

139 2485 187 2546 ld,
205 2486 252 2535 72:
283 2486 348 2535 Beue
364 2484 451 2544 hohen
468 2485 505 2534 nil
517 2485 666 2548 plurimor-
703 2483 768 2534 dixit
792 2485 935 2547 deforme
960 2498 1086 2535 soranum.
1120 2511 1148 2521 -
1176 2486 1230 2549 sors

137 2574 211 2623 roqo.
247 2560 287 2610 De
305 2560 502 2611 constructione
520 2560 594 2611 verbi
617 2574 667 2612 esee
702 2558 777 2622 quor]
797 2560 941 2609 construe:
966 2558 1107 2621 osseum
1124 2557 1227 2623 (aliqua)

138 2633 338 2685 cumadvvml.
351 2635 436 2685 llaase
451 2634 487 2685 ad
505 2636 592 2699 Reisig
608 2638 664 2687 Lot.
700 2633 816 2697 [orroei.
846 2632 965 2683 Alteram
979 2631 1123 2684 lectionem
1140 2634 1228 2684 miuus

138 2710 271 2773 Spruchw.
288 2722 315 2773 p.
328 2708 386 2761 394.
407 2736 435 2745 -
452 2711 526 2761 liuto
541 2710 608 2775 cote]
626 2713 667 2762 lu-
703 2710 807 2758 rectum
823 2710 876 2767 quc
887 2705 1055 2771 explicabant
1070 2705 1112 2756 vel
1125 2706 1228 2771 «aliqua

138 2786 220 2834 vocat
246 2784 408 2835 Mercurium
436 2781 502 2834 lucri
528 2784 664 2847 datorem,
703 2782 820 2833 ratione»
837 2778 1006 2844 velraliqua
1028 2782 1178 2845 luparie.»
1198 2808 1226 2817 -

138 2854 281 2927 κερδῷον,
299 2851 451 2927 ἐριούνιον.
476 2858 515 2910 cl,
529 2860 582 2909 Sat.
596 2860 626 2920 h,
639 2859 664 2921 3,
702 2855 880 2919 umerorum]
899 2856 973 2907 Conl.
991 2857 1044 2905 Sal.
1062 2856 1093 2915 Ξ,
1110 2856 1141 2915 2,
1165 2856 1225 2905 tlt:

140 2932 666 2998 68.Matrisautemuomeninprecihus
702 2933 793 2995 sorum
807 2930 1052 2981 mercodscoloomn.
1082 2928 1229 2980 Verhaau·

139 3006 273 3057 blandius.
288 3031 315 3042 -
326 3008 443 3072 proprio]
463 3006 605 3059 causina.»
625 3009 664 3060 Ci.
703 3010 759 3058 tem
769 3007 820 3067 illi,
837 3032 866 3045 ··
877 3006 920 3069 qui
933 3006 1105 3057 mercenarius
1116 3007 1168 3055 cet.
1181 3017 1229 3069 po·

139 3082 238 3143 sats,
256 3082 285 3142 ἲ,
305 3082 361 3131 lii.
392 3082 584 3145 Virg.hen.6,
602 3084 663 3134 872:
703 3081 1106 3144 sitasuntproiltimereeoorio
1118 3080 1225 3143 quicel.

136 3157 248 3219 eroum
261 3156 356 3207 hoecsi
372 3158 440 3207 dono
456 3154 565 3217 suham.
599 3156 663 3209 Plin.
703 3156 800 3208 eadem
816 3157 990 3217 attractione,
1008 3168 1061 3219 qua
1079 3156 1133 3205 Sat.
1146 3155 1175 3215 2,
1194 3155 1224 3215 2,

138 3233 237 3295 Paneg.
250 3232 280 3293 2,
299 3232 327 3281 7:
342 3232 472 3295 exultare
486 3232 560 3283 huius
570 3237 594 3283 et
601 3246 666 3295 pro-
702 3232 743 3281 59.
756 3230 832 3281 Cuius
842 3231 943 3280 odoror
954 3230 1001 3281 olei
1012 3231 1064 3280 cet.
1073 3241 1124 3293 pro
1135 3227 1226 3289 olorem

135 3306 233 3368 prim
372 3306 377 3316 '
701 3306 772 3355 coires
788 3305 889 3355 odorem
905 3306 957 3353 cet.

172 3380 246 3431 6-43.
265 3380 294 3429 Si
310 3394 389 3443 aeqw
405 3380 468 3444 och]
487 3382 558 3433 «ilac
576 3382 666 3433 condi·
735 3379 823 3429 ls-lt.
849 3379 916 3427 dhes
939 3378 1020 3427 emim
1041 3372 1154 3437 Hercule]
1179 3374 1225 3426 «ut

138 3455 216 3505 cions
234 3454 331 3505 exaudi
348 3468 445 3520 preces
461 3468 554 3517 meas,
575 3458 598 3508 si
620 3470 667 3507 ne·
702 3453 848 3507 Mercurius
869 3452 969 3517 apertis
990 3448 1072 3501 lucris
1092 3449 1121 3499 cl
1142 3460 1226 3511 nogo-

138 3542 208 3594 que·
234 3532 299 3591 cet,
321 3530 455 3595 frequenti
477 3531 505 3581 in
528 3532 665 3595 precando
701 3528 802 3579 liatioui
813 3525 1003 3591 praeerat‚sio
1012 3521 1140 3573 Hercules
1150 3533 1227 3586 oper-

51 3654 59 3673 ,
139 3602 261 3657 iormulu.
292 3604 435 3667 Ci.0d.l,
454 3604 499 3666 32,
518 3606 598 3668 i.·3,
618 3608 663 3665 l8,
700 3601 832 3653 lisluoris
849 3602 905 3653 sive
923 3598 1063 3651 thesauris.
1098 3595 1226 3658 Suntqui

138 3683 163 3733 5.
200 3681 291 3731 Germ
312 3680 372 3729 Soc.
394 3678 434 3729 37.
472 3680 603 3745 speciosis
620 3693 665 3731 se·
702 3677 820 3729 eundern
841 3673 970 3726 iucubum
992 3686 1042 3724 seu
1063 3669 1226 3722 incubonem

138 3757 228 3820 quitur
244 3754 357 3806 demum
374 3768 400 3805 v.
414 3754 460 3805 ⁴3:
483 3756 531 3806 hoc
549 3768 626 3817 prece
643 3759 666 3804 te
701 3765 762 3805 esse
779 3750 862 3801 velint
879 3750 914 3815 lid
937 3750 991 3809 est,
1018 3744 1143 3813 empore
1165 3745 1226 3796 the-

138 3844 192 3882 oro.
213 3857 242 3867 -
259 3830 360 3879 ratione
373 3828 453 3893 molo]
471 3832 500 3879 ni
518 3831 666 3880 tuncrum-
701 3827 787 3878 sauris
801 3824 875 3876 velut
888 3822 1097 3884 incubanteml.»
1131 3820 1224 3871 Sciron.

137 3904 230 3970 plures
246 3904 380 3969 periurio,
399 3902 469 3955 ialsis
486 3904 663 3965 testamentis,
702 3904 776 3954 Pers.
788 3902 813 3962 2,
832 3901 877 3950 ⁴0:
901 3900 921 3949 0
937 3900 959 3949 si
975 3898 1027 3949 Sub
1043 3901 1128 3949 rostro
1144 3899 1227 3958 meoet

138 3980 238 4045 rupinis
254 3992 313 4029 rem
330 3976 488 4030 familiarem
505 3991 604 4041 augore
623 3979 665 4028 ui·
701 3976 801 4041 eremi
816 3975 878 4025 mihi
893 3973 974 4034 serio,
1000 3974 1091 4023 omero
1107 3971 1225 4022 Hermae!

137 4053 173 4105 hil
189 4054 267 4120 pensi
290 4051 435 4103 habehant.
456 4078 483 4089 -
506 4052 567 4117 reru]
587 4051 664 4103 lami-
703 4079 730 4087 -
744 4050 898 4113 qudodeat]
909 4044 944 4101 τὸ
955 4043 1062 4119 παρόν,
1081 4056 1225 4111 epraesens

137 4128 241 4179 herem.
263 4152 290 4165 -
315 4127 385 4192 mdo]
410 4128 518 4179 «vitiosa
543 4125 662 4188 libidine,
700 4125 818 4184 iortuna;
837 4136 989 4189 quaenunc
1005 4120 1157 4187 possideo·
1184 4116 1223 4167 Cl.

138 4204 268 4255 luxuria·
283 4226 310 4239 ·-
324 4200 408 4265 culpo]
426 4202 552 4266 «segnitie
570 4205 597 4255 ot
615 4214 664 4253 ne·
701 4200 749 4251 oc.
762 4199 791 4261 ³,
809 4198 856 4261 29,
874 4198 915 4249 32.
931 4226 958 4235 -
970 4202 1074 4263 erutum
1083 4192 1162 4258 iwot]
1176 4192 1225 4242 uita
