2925 4892
493 395 552 446 nin.
571 397 590 447 1.
625 395 724 448 Erret.
742 397 830 448 XVlli.

162 548 209 616 Ad
232 559 263 616 te
286 558 360 637 post
379 548 477 637 paulo
499 559 633 618 vennrra
654 551 799 638 pericula
820 552 943 618 sentis?

161 672 240 736 Nem
262 679 317 736 tua
339 691 393 736 res
416 671 534 759 agitur,
558 671 666 758 paries
688 693 763 739 cum
784 673 950 759 proximus
971 673 1078 750 ardet,

163 791 200 857 Et
221 789 369 878 neglecta
391 790 496 858 solent
518 791 666 859 incendia
689 813 819 860 sumere
839 794 935 861 vires.
1163 798 1205 861 85

160 910 271 978 Dulcis
293 911 469 998 inexpertis
492 912 616 980 cultura
639 914 778 1001 potentis
800 915 908 980 amici:

160 1033 319 1120 Expertus
341 1033 462 1100 metuit.
507 1031 567 1110 Tu,
592 1033 670 1100 dum
692 1046 747 1100 tua
768 1035 859 1102 navis
881 1035 914 1100 in
936 1035 999 1104 aito
1022 1046 1086 1115 est,

160 1155 229 1220 4400
252 1173 329 1240 age,
353 1173 394 1220 ne
417 1163 536 1220 mutata
558 1163 737 1221 retmrsnm
758 1164 790 1221 te
812 1156 893 1222 ierat
914 1177 1001 1223 aura.

181 1333 223 1382 84.
241 1337 332 1382 metuat
349 1333 382 1392 E,
402 1332 486 1382 codd.
504 1332 634 1383 'terrentii
652 1333 679 1381 at
695 1333 801 1397 septem
822 1335 951 1395 Pettierii‚
973 1341 1068 1386 4444444
1085 1336 1169 1388 codd.

147 1405 258 1470 aliquot.
278 1406 318 1470 (Ut
334 1419 395 1468 4404,
414 1405 506 1470 bScd.)
527 1435 553 1442 -
572 1407 613 1458 88.
630 1406 707 1471 serat]
729 1408 804 1458 044404
821 1408 905 1460 codd.
924 1409 1054 1462 'terrentii
1076 1410 1171 1474 (nuilus

148 1493 199 1530 nec
215 1481 367 1532 nostrornm
384 1493 473 1544 neque
490 1481 624 1544 Pettierii).

115 1647 218 1698 rentius
232 1646 368 1697 Thoonem
379 1647 531 1698 habuerunt
543 1661 594 1712 pro
606 1649 643 1698 vi·
680 1647 762 1698 modo
778 1649 886 1699 animati
902 1649 956 1698 sint
971 1651 1052 1712 atque
1068 1652 1127 1714 ipsi.
1152 1653 1205 1701 ita-

115 1720 219 1771 4044440
231 1719 533 1786 aliquopnetattraeco.
548 1724 642 1772 —ctr-
679 1733 732 1783 que
755 1723 833 1771 4444444
852 1723 984 1783 4444444440
1002 1723 1118 1773 44444444.»
1155 1723 1205 1774 ‘iet

114 1795 280 1858 4444404444]
299 1795 338 1845 (Ii.
352 1797 405 1846 Sat.
420 1796 448 1856 4,
461 1796 491 1856 4,
505 1794 545 1846 tt.
566 1797 639 1860 (Epp.
678 1793 763 1843 verba
779 1793 901 1845 iacienda
912 1797 989 1844 erant
998 1800 1110 1860 propter
1120 1799 1204 1848 4444444-

114 1871 138 1930 4,
153 1871 178 1930 4,
193 1871 241 1920 rto
252 1870 303 1932 sq.)
322 1869 377 1920 Cio.
392 1883 442 1934 pre
453 1867 535 1920 Balbo
546 1870 588 1932 26,
598 1871 638 1920 tt:
677 1867 838 1930 positionem
863 1881 878 1917 a
901 1868 1087 1921 Doederleinto
1103 1883 1204 1935 propn-

114 1945 186 1993 44044
201 1945 330 1994 domim
340 1943 464 2006 incident,
483 1945 510 1993 444
523 1945 642 1994 4044040444
678 1942 771 1990 sitam:
790 1955 815 1991 v.
829 1941 870 1992 94.
884 1942 924 1992 44.
936 1943 1025 1994 sese.
1039 1943 1071 1993 96
1083 1956 1161 2007 seqq.
1173 1971 1201 1980 -

113 2019 219 2079 rodant,
238 2017 519 2080 44044444444444400444,
537 2018 641 2068 44044440
676 2016 764 2065 Dulcis
797 2017 864 2078 cet]
902 2017 1066 2082 comparant
1097 2016 1204 2067 Pindari

113 2091 229 2152 44444400,
248 2091 290 2139 ted
305 2090 351 2140 400
366 2091 488 2142 maledico
499 2093 570 2142 dente
580 2105 641 2141 4444-
677 2089 808 2152 Fragmm.
821 2102 848 2154 p.
861 2091 919 2140 tte.
931 2093 960 2140 B.
974 2093 1053 2142 min.:
1070 2087 1201 2143 rimer

111 2171 183 2228 pnnt.
208 2193 236 2202 -
263 2169 309 2214 4440
330 2179 371 2216 rea
389 2167 485 2230 epttw]
511 2167 640 2218 «Locutio
676 2156 822 2234 0444440ιο4
833 2160 974 2230 πόλεμος·
987 2166 1202 2236 πεπειραμένων

113 2239 188 2290 duxit
204 2252 219 2289 e
239 2238 355 2301 iudiciis,
373 2239 433 2302 ubi,
453 2240 581 2304 quamdiu
595 2253 640 2290 res
675 2234 707 2287 δέ
723 2252 767 2299 τις
786 2237 895 2309 Taptia!
910 2235 1070 2310 προσιόντα
1079 2255 1124 2290 νιν

113 2315 199 2377 agitur
225 2311 267 2362 vel
293 2311 324 2364 iis
349 2315 463 2378 pendet,
490 2313 639 2379 pericnlum
675 2309 723 2379 δίᾳ
741 2309 892 2384 περισσῶς.
928 2314 1049 2364 Eundem
1066 2313 1155 2364 4004444
1186 2327 1202 2364 ε

113 2390 166 2448 444,
193 2399 227 2436 ne
254 2389 314 2450 quis
332 2401 411 2437 causa
430 2388 534 2439 cadat·
553 2389 639 2439 440444-
676 2385 862 2437 huiuscemodi
878 2388 1010 2438 amicitiae
1027 2387 1152 2452 periculis
1163 2390 1202 2439 sic

113 2475 170 2510 44444.
186 2461 241 2511 Cic.
255 2475 303 2525 pro
317 2462 438 2521 Quinctio
451 2463 492 2524 46,
504 2462 548 2512 534
562 2463 640 2513 444444-
676 2462 798 2510 tractavit
808 2461 938 2511 Siracides
948 2462 989 2520 44,
998 2462 1025 2510 44
1038 2477 1043 2509 :
1056 2461 1104 2527 Μὴ
1117 2456 1202 2523 ἔπεχε

109 2536 219 2598 pandiae
230 2541 287 2585 444444
299 2541 425 2600 ageretur.
441 2563 468 2572 —
479 2537 637 2602 1404444044]
676 2535 878 2604 ἰσηγορεῑσθαι
894 2530 966 2599 μετὰ
978 2531 1132 2598 δυνάστου,
1150 2537 1201 2586 44044

111 2608 295 2673 proverbium.
315 2607 409 2660 salust.
423 2611 526 2673 Fragm.
539 2624 565 2674 p.
579 2611 636 2661 228.
674 2603 716 2674 μὴ
743 2610 859 2658 πίστευε
884 2614 945 2670 τοῖς
966 2607 1079 2659 πλείοσι
1102 2605 1200 2676 λόγοις

111 2683 181 2732 Gerl.
195 2685 277 2734 min.:
297 2684 353 2732 Non
370 2689 397 2733 444
407 2685 466 2746 acis,
485 2687 506 2734 st
518 2697 583 2747 quas
593 2698 638 2734 04-
674 2677 784 2732 adteri·
803 2711 819 2722 -
829 2710 845 2720 -
855 2680 1040 2752 συντήρησον
1052 2685 1101 2732 καὶ
1113 2679 1201 2754 πρόσ-

111 2757 148 2806 4444
172 2757 239 2820 494444
261 2758 356 2808 acriter
378 2759 456 2820 cepit,
482 2758 550 2808 404444
564 2759 639 2822 [nette
674 2771 723 2818 εχε
740 2751 890 2828 σφοδρῶς,
911 2751 956 2806 ὅτι
974 2752 1048 2820 μετὰ
1058 2755 1113 2822 τῆς
1124 2754 1200 2806 πτώ-

110 2836 167 2881 444444
193 2832 307 2894 defense,
334 2833 395 2896 444444
415 2837 438 2883 et
457 2833 638 2884 0044444444·
674 2829 749 2894 danic
774 2845 830 2883 σον
856 2834 1026 2902 περιπατεῖς.
1043 2859 1069 2867 -
1088 2833 1198 2898 44444440]

107 2905 260 2967 proxuma?
676 2906 828 2967 astudam,
852 2906 924 2969 qnod
941 2908 968 2956 in
985 2907 1086 2956 40444440
1101 2909 1200 2971 poten·

141 2979 233 3031 86-88.
261 2982 412 3032 Sententiae
425 2984 463 3032 sic
475 2985 637 3034 4044404444-
673 2981 741 3030 44044
758 2982 846 3032 amice
856 2982 978 3045 ponitur,
998 2994 1080 3044 quem
1091 2993 1198 3032 summo

111 3057 166 3104 tur:
197 3055 315 3118 primum
340 3059 403 3120 post
427 3057 540 3108 brevem
565 3057 636 3108 iiiam
673 3055 803 3118 obsequio
820 3069 853 3106 ac
865 3057 1036 3106 veneratione
1053 3069 1200 3120 prosequa-

110 3128 307 3191 digressionem
319 3143 361 3180 vv.
372 3131 461 3180 st-se.
473 3132 516 3194 4444
526 3133 636 3182 nette·
673 3146 735 3184 mur
752 3147 864 3185 necesse
883 3135 936 3193 est;
944 3152 957 3177 ι
975 3146 1028 3197 qna
1040 3134 1150 3197 quidem
1162 3135 1200 3185 44-

109 3204 174 3253 atres
197 3205 329 3254 sententia
352 3203 469 3268 generali
495 3207 607 3256 14444444-
622 3232 636 3243 -
673 3209 840 3270 gnificaticnc
852 3223 878 3258 v.
891 3210 993 3258 44444444
1002 3209 1109 3258 videtur
1119 3201 1199 3272 ἅπαξ

108 3278 196 3328 04444444
215 3277 289 3328 viam
311 3279 360 3328 sibi
382 3281 468 3330 munit
484 3279 519 3329 ad
536 3293 635 3330 novum
673 3280 845 3349 λεγόμενον,
864 3282 913 3333 0444
925 3283 997 3346 qnod
1009 3285 1161 3334 Lactantius
1171 3287 1196 3343 4,

109 3355 301 3416 praeceptum:
321 3353 364 3414 Ta,
377 3355 437 3403 444444
448 3359 493 3404 4440
504 3356 556 3404 cet.
576 3355 637 3404 «Er-
672 3358 697 3406 ’4.
717 3358 757 3406 det
773 3357 842 3406 retici
856 3358 928 3418 ptam
944 3361 967 3406 et
983 3355 1127 3418 rettpioanm
1142 3357 1199 3405 444·

109 3439 140 3489 gc
157 3426 206 3476 nbi
224 3430 351 3490 expertus
369 3429 421 3478 aris
433 3427 491 3478 taiis
503 3429 635 3480 amicitiae
672 3435 758 3480 44440444
783 3429 858 3490 dixit,
885 3442 917 3478 ac
941 3428 1063 3480 similiter
1088 3427 1194 3479 Tantali.

109 3500 307 3562 difficultatem,
332 3515 440 3566 semper
456 3505 574 3564 metues,
601 3517 635 3554 ne
671 3502 836 3568 Apologet.
852 3531 879 3540 -
899 3509 945 3553 4440
960 3503 1033 3552 navit
1048 3503 1075 3552 44
1090 3501 1196 3566 0440444]

109 3573 149 3625 444
175 3575 288 3639 propter
304 3574 378 3626 44444
395 3589 507 3636 causas,
534 3580 635 3628 mutate
671 3577 740 3629 Alibi
764 3591 830 3628 sane
856 3577 951 3628 eadem
968 3578 1036 3626 haec
1057 3577 1145 3640 imago
1161 3576 1196 3627 ad

109 3647 252 3712 aliquando
269 3649 378 3701 fautoris
395 3652 421 3702 in
438 3654 463 3702 te
476 3653 578 3713 anima,
598 3653 636 3705 di·
672 3667 719 3704 eos
736 3653 864 3714 retertur,
883 3653 929 3715 qni
946 3666 961 3701 a
978 3655 1106 3716 portuum
1122 3650 1196 3701 rein·

110 3722 255 3773 scindatur.
282 3725 387 3787 ltaqua‚
407 3725 471 3777 dum
488 3725 634 3779 bonocnm
671 3728 720 3790 giis
754 3726 857 3790 longius
882 3727 978 3776 remoti
1006 3727 1196 3790 tempestatum
1227 3729 1241 3758 ·

110 3811 238 3848 successu
255 3811 287 3848 ea
305 3800 403 3861 uteris,
432 3801 457 3851 in
475 3814 507 3850 so
524 3805 633 3851 strenue
671 3815 702 3852 ac
719 3803 849 3852 fluctuum
862 3800 988 3866 periculis
999 3800 1104 3851 obnoxii
1117 3805 1194 3862 aunt,

110 3871 230 3934 elabora,
250 3887 284 3923 ne
302 3873 389 3924 subito
406 3876 477 3938 regis
495 3877 531 3925 tui
551 3877 634 3938 gratia
671 3880 700 3927 444
717 3880 759 3928 est
778 3876 849 3942 apud
868 3878 922 3927 Cio.
938 3878 1015 3926 Tnsc.
1034 3875 1063 3934 4,
1082 3877 1128 3934 48,
1147 3875 1195 3926 ta:

110 3948 226 3998 excidas.
270 3949 452 4000 Adcommoda
477 3951 555 4014 igitur
576 3953 634 4001 ani·
670 3953 728 4014 ipsa
752 3953 798 4001 44444
814 3952 969 4002 444400444404
985 3950 1095 4014 4444404444
1110 3950 1138 3998 444
1154 3949 1196 3998 04-

110 4035 181 4074 mum
201 4023 367 4088 affectusque
384 4028 444 4076 tuos
462 4027 496 4076 ad
514 4025 582 4076 iilius
594 4027 634 4075 ai·
671 4033 772 4088 tmnqne
779 4027 926 4089 4400444444
935 4026 1087 4088 444444εά444.
1107 4023 1195 4072 etde

110 4097 193 4147 iectus
205 4111 237 4148 ac
248 4099 334 4148 studia
347 4114 352 4158 ;
372 4113 434 4150 nam
445 4102 570 4164 potentes
582 4101 634 4150 hoc
670 4104 740 4152 Orat.
754 4103 778 4162 3,
792 4103 833 4162 36,
848 4101 903 4151 tte.
923 4101 1022 4150 Verum
1034 4097 1077 4146 vei
1089 4111 1122 4146 ex
1133 4110 1195 4146 ver-

110 4172 179 4224 4444444
196 4184 246 4223 suo
263 4175 321 4223 iure
338 4171 486 4237 postulant,
508 4177 537 4224 ut
554 4173 634 4226 ciien·
670 4175 712 4226 bis
729 4190 761 4226 444
775 4173 1134 4235 mutntaretrersemtesernt
1145 4158 1218 4220 044·’

111 4249 149 4298 tes
181 4249 278 4299 eadem
306 4251 453 4312 sequantur
480 4250 631 4314 eodemque
669 4263 714 4310 40,
732 4250 831 4310 idest,
851 4245 1196 4313 «nercgistuigratiaex-
