2925 4892
601 317 729 394 uomrn
745 339 966 392 errsromauu

301 947 508 1012 Vertumnum
530 945 722 1030 Ianumque,
748 940 845 1017 liber,
868 949 1016 1028 spectare
1036 938 1171 1014 videris,

323 1142 372 1192 ur.
391 1141 445 1190 xx.
463 1139 601 1203 insculpto
619 1138 723 1188 codicis
740 1138 775 1187 n:
793 1138 832 1186 se
847 1137 940 1186 mem
955 1106 1036 1186 soon.
1058 1165 1085 1173 -
1105 1137 1128 1185 ⁴.
1150 1138 1316 1188 rorem

291 1208 320 1257 E.
341 1232 369 1242 -
387 1219 424 1267 ap.
441 1205 534 1254 oanan
551 1202 711 1252 Praedlcow.

291 1373 345 1424 XX.
372 1369 496 1434 Epilogus
517 1366 659 1418 manilesto
681 1367 725 1416 hic
743 1368 786 1418 est
821 1369 899 1417 utens
921 1369 994 1416 extra
1016 1366 1128 1417 domum
1150 1366 1266 1419 herilem
1284 1381 1349 1420 eva-

258 1447 337 1513 primi
354 1442 530 1509 Epistularum
548 1442 631 1502 Libri;
651 1442 704 1492 iam
721 1453 783 1491 cum
821 1441 878 1503 gari
893 1453 926 1490 ac
936 1439 1061 1490 liberiore
1072 1441 1125 1489 vita
1137 1440 1188 1490 troi
1199 1444 1283 1505 capit,
1301 1457 1350 1493 ve-
1448 1442 1449 1505 3

258 1537 284 1573 v.
306 1521 346 1571 28.
377 1517 468 1582 Lepidi
493 1519 521 1566 et
544 1515 617 1567 Lollii
643 1514 784 1566 consulum
820 1527 882 1564 rom
892 1517 1003 1578 propter
1013 1516 1065 1564 hoc
1075 1517 1165 1578 ipsum
1180 1515 1283 1577 multis,
1303 1519 1350 1567 im

259 1595 412 1649 nominibus
428 1594 583 1657 designetur
596 1605 619 1642 a.
632 1604 658 1642 u.
673 1605 697 1642 c.
714 1591 783 1649 733..
821 1589 913 1652 primis
934 1589 1125 1653 corruptionis,
1155 1589 1285 1653 periculis
1303 1605 1349 1641 ex-

259 1671 335 1724 multl
360 1667 533 1720 crediderunt
556 1666 632 1718 aliter
653 1667 711 1716 fleri
730 1677 784 1715 noo
821 1663 986 1726 positusest.
1014 1663 1349 1714 liationemeandemtere

259 1745 393 1811 potuisse,
420 1755 501 1805 quam
527 1745 556 1791 ut
580 1743 638 1806 ipso
664 1753 696 1790 eo
714 1751 784 1790 enno
822 1737 870 1786 tibi
886 1737 971 1800 linge,
997 1749 1068 1800 quae
1086 1737 1136 1787 luit
1152 1738 1222 1788 inter
1239 1739 1351 1789 cicero·
1448 1762 1449 1785 2

260 1821 328 1870 baec
353 1813 467 1880 Epistola
495 1815 642 1879 composite
668 1815 710 1865 sit.
752 1814 786 1863 iit
822 1823 886 1862 nem
902 1815 930 1861 et
945 1811 1083 1872 Tironem,
1105 1812 1223 1862 Atticum
1240 1816 1270 1862 et
1290 1812 1352 1863 Ale·
1448 1848 1449 1883 ᾖ

259 1905 325 1943 uero
348 1903 410 1940 cum
431 1887 787 1953 consummacionem
822 1886 881 1946 ain,
908 1885 1007 1950 quibus
1028 1885 1113 1936 seruis
1135 1887 1285 1938 carissimis
1301 1887 1351 1938 do-
1448 1910 1449 1933 l

262 1967 301 2018 l8.
319 1963 401 2016 scribi
418 1975 471 2014 non
489 1963 607 2026 potuisse
620 1963 668 2013 nisi
680 1975 704 2012 a.
718 1975 745 2011 u.
759 1975 783 2012 c.
823 1961 887 2011 mini
895 1961 938 2009 vix
948 1959 1094 2023 quidquam
1103 1973 1201 2023 negare
1212 1964 1350 2025 poterant.
1448 1960 1449 2007 3

260 2039 330 2098 itt,
355 2037 551 2089 inextricabiles
574 2036 706 2088 nonnullis
723 2036 786 2086 inde
823 2039 875 2086 Per
898 2036 982 2088 totum
1004 2037 1095 2085 autem
1112 2033 1256 2099 Epistolam
1274 2039 1352 2101 pueri

261 2115 324 2163 oriri
340 2113 414 2162 visae
433 2114 495 2162 sunt
512 2110 690 2172 difficultates,
717 2111 787 2161 adeo
824 2108 928 2159 delicati
946 2110 974 2158 et
983 2110 1089 2160 venusti
1104 2107 1163 2158 libri
1174 2108 1275 2173 duplex
1288 2113 1354 2162 ims-
1448 2108 1449 2139 ³

261 2189 291 2236 ut
306 2187 468 2236 Eirchnerus
497 2185 624 2247 (Quaestt.
646 2187 736 2236 lloral.
757 2199 784 2249 p.
824 2195 858 2246 go
878 2185 976 2232 mirum
999 2185 1025 2233 in
1042 2182 1153 2233 modum
1173 2185 1309 2247 permixta
1326 2189 1353 2236 et
1448 2178 1449 2241 ξ

263 2259 313 2321 37.)
347 2259 381 2308 ab
408 2259 516 2309 lloratio
547 2258 691 2322 Epistolam
716 2261 786 2310 hanc
825 2257 934 2308 contusa
952 2258 1001 2307 est.
1031 2259 1080 2316 Qui
1098 2257 1132 2306 de
1149 2257 1352 2310 liltoreletiam
1448 2256 1449 2325 j

263 2333 339 2395 quasi
355 2334 482 2383 comitem
493 2333 603 2397 Epodon
617 2331 685 2383 libro
703 2334 787 2394 (culus
825 2332 859 2381 de
871 2331 922 2382 tilia
933 2343 949 2380 a
960 2335 1037 2396 petre
1046 2333 1119 2380 extra
1129 2331 1242 2382 domum
1252 2335 1352 2385 emissa
1448 2362 1449 2379 2

264 2407 408 2457 editionem
425 2409 536 2470 propter
551 2407 667 2458 rationes
683 2404 789 2457 πολιτι-
824 2406 989 2470 interpretati
1006 2407 1067 2456 sunt
1082 2403 1221 2468 dllogiam,
1240 2419 1298 2458 non
1309 2421 1354 2459 ss-

263 2475 318 2543 κὰς
334 2491 420 2542 usque
438 2480 472 2530 ad
490 2494 513 2530 a.
527 2494 554 2532 u.
568 2495 592 2532 c.
605 2482 662 2532 733.
675 2481 787 2533 distule-
825 2481 858 2530 tis
869 2483 1046 2543 respexerunt
1056 2481 1238 2530 liomenorum
1249 2493 1352 2541 mores,
1448 2502 1449 2549 l

263 2555 304 2617 rii)
328 2555 504 2617 compositam
524 2569 638 2619 eamque
655 2568 708 2606 una
725 2569 786 2607 oum
825 2567 858 2603 ex
869 2553 968 2616 quibus
979 2553 1106 2603 indecora
1114 2553 1208 2603 luisset
1218 2553 1353 2606 libricum
1448 2554 1449 2557 ’

263 2627 306 2679 illo
323 2626 458 2678 volumine
476 2631 510 2677 ad
527 2633 687 2694 augustum,
714 2634 788 2682 liae-
826 2628 893 2691 illio,
919 2629 1005 2690 magis
1029 2627 1110 2677 etlam
1136 2628 1265 2678 indecore
1289 2643 1353 2680 cum
1448 2670 1449 2685 ,

263 2705 387 2754 canalem
403 2701 523 2764 aliosque
541 2701 656 2756 leuiores
676 2709 703 2756 ei
719 2707 787 2756 emi·
825 2703 877 2753 illie
902 2702 1078 2767 prostitutioni
1099 2703 1225 2766 expositis
1243 2717 1354 2769 compe·
1448 2702 1449 2711 ’

265 2789 312 2827 cos
338 2777 448 2826 missam
472 2787 533 2826 esse
556 2775 695 2826 existimet.
731 2781 788 2839 Qua
824 2778 905 2836 rati03
929 2789 980 2826 nec
1002 2775 1126 2826 advocari
1143 2775 1265 2827 debebat
1283 2779 1354 2828 itar-
1448 2772 1449 2791 ³

265 2851 374 2915 quidem
392 2851 516 2913 opinione
536 2847 598 2898 nihil
615 2848 721 2899 videtur
737 2855 788 2903 im·
825 2850 894 2901 tlnlis
912 2852 936 2910 t,
954 2851 996 2911 oe,
1014 2852 1043 2899 5:
1063 2850 1168 2900 Secreto
1184 2864 1280 2912 pecore
1297 2865 1355 2901 eor-

221 2939 230 2948 ·
263 2921 436 2988 probabilius.
475 2925 604 2982 Quocirca
627 2925 791 2972 Dllntzerum
825 2927 897 2976 miae
919 2929 944 2974 et
966 2926 1042 2974 nudes
1064 2938 1154 2985 was,
1190 2927 1261 2987 (lucr
1284 2927 1355 2976 amit
1448 2952 1449 2955 =

264 2997 394 3060 imprimis
412 3009 483 3045 nunc
499 2997 609 3046 secutus
627 2996 665 3045 sic
678 2995 712 3045 de
729 2995 791 3045 ulti·
827 3007 891 3044 mua
907 3000 1047 3060 remoque
1055 2999 1355 3062 sipnotcaosatodittpsc

265 3071 316 3119 mis
328 3067 466 3119 versiculis
478 3067 649 3119 statuendum
661 3068 789 3119 arbitror:
825 3069 933 3130 maias
954 3079 1028 3129 peter
1050 3074 1168 3134 obortae,
1194 3075 1267 3135 Quae
1291 3076 1354 3123 tatic

266 3144 322 3192 lloc
334 3141 472 3191 dumtaxat
483 3140 561 3202 dicit,
580 3155 610 3192 se
621 3155 645 3190 a.
658 3154 685 3190 u.
697 3155 720 3191 c.
731 3142 788 3191 733.
827 3143 892 3191 doro
912 3155 964 3190 non
986 3144 1110 3196 latonas
1125 3152 1216 3196 mato.
1248 3149 1353 3197 Etenim

265 3214 300 3266 ad
312 3215 547 3278 quadragesimum
559 3218 685 3278 quartum
696 3218 791 3267 aetatu
827 3215 898 3266 aliud
923 3219 965 3266 est
986 3216 1060 3278 aeno
1080 3222 1182 3281 oborto,
1209 3219 1284 3271 allud
1299 3223 1354 3286 fido

265 3301 364 3340 annum
382 3291 555 3354 pervenisse,
574 3291 729 3354 neutiquam
745 3303 791 3341 re-
825 3291 907 3354 oirpo.
925 3290 1068 3340 llecteiam
1077 3291 1281 3345 Commentator
1290 3297 1353 3346 Cro

265 3378 310 3426 ro,
328 3379 358 3416 se
376 3367 434 3430 ipso
451 3364 495 3415 illo
512 3377 581 3415 anno
598 3365 668 3415 lianc
685 3366 791 3429 Episto·
827 3365 894 3428 quii:
915 3365 985 3415 «ilac
1003 3363 1116 3428 Epistola
1134 3363 1278 3428 alloquitor
1295 3383 1353 3420 me

264 3439 319 3490 lem
335 3441 534 3505 composuisse;
548 3441 630 3490 immo
643 3441 742 3504 scripta
752 3441 791 3489 vl-
827 3438 979 3503 tapboricbs
995 3437 1093 3488 librum
1110 3449 1189 3488 suum
1200 3445 1279 3502 quasi
1294 3457 1352 3495 rem

265 3515 345 3566 detur
360 3527 385 3566 a.
404 3515 477 3576 iit,
497 3527 550 3579 quo
567 3515 635 3564 duee
654 3513 720 3564 alise
739 3516 788 3577 (li.
827 3515 970 3562 animatam
995 3523 1164 3577 puerumque
1192 3517 1354 3576 prestitum

266 3592 293 3638 et
310 3587 360 3652 48.)
386 3603 416 3639 re
437 3601 500 3640 vere
527 3592 590 3640 sunt
606 3589 788 3652 compositee;
826 3586 906 3646 dum.
925 3586 1077 3649 significans
1093 3599 1157 3637 eum
1170 3588 1196 3637 in
1214 3587 1353 3651 publicum
1400 3585 1406 3592 ’

266 3675 408 3714 numerum
437 3666 528 3714 autem
554 3661 626 3714 illum
655 3663 788 3724 indicavit,
827 3660 936 3724 quidem
959 3659 1028 3710 velle
1048 3660 1212 3724 procedere,
1240 3675 1272 3713 se
1290 3677 1354 3713 sero

266 3736 327 3798 qula
345 3736 487 3787 commode
503 3751 535 3787 oo
545 3740 657 3788 venuste
668 3738 790 3788 versicu·
826 3733 970 3798 probibere
995 3735 1037 3796 lex
1055 3747 1109 3798 quo
1125 3747 1151 3784 v.
1169 3735 1287 3787 tortasse
1303 3739 1354 3787 ilu-

264 3807 296 3859 lis
322 3810 433 3873 exprimi
459 3813 571 3873 poterat.
598 3812 730 3861 ¹Ceterum
748 3810 790 3861 te·
826 3809 864 3858 xit
887 3809 953 3858 mire
986 3809 1153 3858 Praedicorrii
1178 3811 1351 3861 coniectura:

264 3882 331 3931 stiva
355 3880 451 3932 ludens
473 3881 567 3945 dilogia
589 3882 686 3933 librum
709 3897 788 3934 suum
825 3887 938 3944 spectaro
959 3882 1096 3946 beterici.»
1130 3882 1234 3933 similes
1263 3888 1353 3935 autem

265 3953 360 4006 eadem
386 3969 448 4005 cum
473 3955 647 4007 sollicitudine
674 3959 701 4008 et
725 3970 788 4006 cura
826 3957 905 4006 buius
930 3955 1061 4021 Epistolae
1083 3959 1145 4006 sunt
1170 3957 1256 4008 ovidii
1275 3960 1350 4008 Tn‘st.

264 4029 358 4080 ficticia
384 4029 435 4080 bec
461 4030 575 4094 Epistola
598 4045 614 4081 a
636 4045 666 4082 se
683 4032 790 4082 dimittit
826 4031 895 4090 l,l.
914 4027 1078 4090 Martmlisl,
1095 4031 1120 4079 3.
1132 4031 1235 4093 2,l.3,
1248 4034 1273 4081 2.
1287 4032 1313 4090 t,
1326 4035 1349 4081 5.

264 4119 295 4156 ac
321 4105 444 4155 dominus
462 4104 596 4156 servulum
617 4105 667 4157 sibi
684 4119 787 4167 oerum,
825 4104 930 4156 Anthol.
949 4103 1030 4156 Pelet.
1050 4106 1096 4168 ts,
1114 4106 1171 4155 208.
1192 4104 1351 4170 (lipsio.)

265 4181 310 4242 qui
335 4193 418 4244 prope
444 4179 497 4230 iem
519 4176 606 4229 liberti
630 4179 787 4230 condicione
859 4180 882 4229 l.
895 4181 921 4230 2.
943 4179 1111 4243 Vertaanaasn]
1131 4179 1214 4229 deum
1231 4180 1351 4229 omniurn
