2925 4892
250 349 312 415 428
562 321 567 331 ’
628 350 758 401 uoaaru
775 347 958 401 sarraaauu

249 522 297 560 cus
314 508 349 559 eb
366 510 518 559 Hermanno
535 519 615 571 supra
632 506 740 567 allatus,
759 508 811 557 Sat.
826 507 872 567 lit,
893 507 949 557 tte.
969 504 1064 556 collato
1082 504 1189 557 Heinsio
1207 502 1242 555 ad
1254 505 1339 556 Ovidii

248 594 318 645 last.
331 592 361 653 3,
379 592 437 642 829.

312 677 351 725 ite
371 674 430 725 loco
450 674 504 725 boc
525 686 589 725 sane
610 686 742 738 perquam
766 673 881 725 obscuro
903 672 972 723 haec
994 670 1029 722 ad
1052 684 1096 723 me
1120 684 1206 737 nuper
1230 672 1339 735 scripsit

248 758 486 810 ltauclrensteinius
503 770 593 807 meus:
623 757 938 817 «incommutabilem,
961 768 1044 819 quam
1061 757 1090 807 C.
1110 758 1152 806 Fr.
1171 756 1342 806 normannus

248 841 381 902 defendit,
399 854 449 906 per
465 854 575 891 menses
593 842 633 891 lV.
652 842 769 891 aestivos
786 840 865 891 terias
883 838 1056 891 scholasticas
1073 839 1168 901 titisse,
1195 840 1252 903 ipsa
1271 850 1341 900 quo-

247 938 301 989 que
318 922 460 987 aliquando
476 924 632 973 incideram.
667 924 701 972 at
717 936 780 973 cum
797 922 832 973 de
850 923 922 973 teriia
945 921 995 972 illis
1013 922 1121 973 aestivis
1139 920 1203 972 nihil
1219 921 1339 977 constet.

247 1010 318 1058 totus
335 1006 455 1057 concedo
478 1007 505 1055 in
527 1008 602 1056 tuem
624 1006 800 1067 sententiam,
827 1018 878 1055 nec
903 1004 988 1070 probo
1015 1005 1176 1065 abbatam,
1204 1004 1250 1067 qui
1275 1014 1340 1052 cum

247 1088 401 1141 Heindorilo
418 1090 543 1153 cogitavit
558 1089 593 1139 de
610 1087 718 1139 calculis
733 1090 762 1138 et
777 1087 812 1139 de
829 1100 972 1138 usurarum
989 1086 1247 1151 computationibus,
1266 1084 1341 1149 quod

246 1172 366 1236 proiecto
383 1172 554 1223 incommode
571 1171 672 1221 dictum
690 1172 763 1221 essct
779 1171 820 1221 bis
836 1169 928 1220 verbis
946 1171 1040 1219 octonis
1054 1170 1137 1219 ldibas
1154 1183 1217 1219 aero
1232 1169 1338 1231 referre.

247 1255 325 1315 Quod
348 1257 439 1305 autem
462 1268 513 1319 pro
535 1251 644 1317 singulis
669 1252 760 1303 idibus
782 1253 847 1302 dixit
871 1254 964 1303 octonis
988 1253 1086 1313 idibus,
1115 1252 1212 1303 iactum
1233 1250 1341 1301 videtur

246 1340 403 1403 propterea,
429 1336 502 1401 quod
519 1349 574 1386 non
590 1336 686 1386 iduum
703 1336 747 1385 die
768 1334 924 1385 mercedem
947 1338 1115 1386 menstruam
1137 1334 1287 1385 atterebant
1311 1335 1340 1383 in

247 1419 353 1479 ludum,
375 1420 424 1471 sed
441 1420 510 1469 intra
527 1420 588 1469 octo
606 1417 663 1469 illos
682 1418 757 1479 dies,
780 1418 826 1481 qui
841 1420 905 1481 post
920 1420 1009 1469 Nonas
1027 1421 1189 1481 sequuntur,
1216 1428 1340 1481 quosque

246 1503 310 1554 Idus
327 1502 384 1553 dies
401 1502 580 1566 appellabant.
615 1503 705 1566 (Tacit.
723 1502 790 1551 illst.
804 1502 833 1563 t,
853 1502 894 1552 26.
909 1506 1010 1563 postero
1026 1501 1117 1550 iduum
1133 1499 1250 1563 dienen.)
1284 1500 1340 1549 Cur

247 1599 301 1637 non
316 1599 371 1637 uno
389 1591 517 1650 certoque
534 1586 578 1636 die
596 1585 753 1635 mercedem
771 1584 866 1635 ailerre
879 1584 1082 1644 consueverint,
1101 1582 1150 1633 sed
1168 1586 1229 1637 octo
1241 1582 1339 1633 diebus

247 1669 275 1719 id
290 1668 349 1719 fleri
366 1668 475 1719 solitum
490 1670 537 1730 sit,
562 1681 644 1719 causa
660 1669 704 1717 vix
720 1668 818 1732 poterit
834 1668 969 1731 expulsu,
996 1668 1047 1717 nisi
1065 1667 1132 1716 hacc
1149 1666 1220 1727 lere,
1247 1666 1336 1730 quod,

247 1753 298 1804 etsi
315 1752 373 1803 dies
389 1752 424 1802 ad
440 1750 568 1803 solvenda
584 1750 721 1821 δίὀακτρα
744 1752 901 1801 constitutus
923 1762 993 1800 unus
1015 1749 1122 1810 brissei,
1149 1752 1239 1799 umen
1260 1750 1339 1812 pueri

247 1833 404 1899 negligentia
416 1839 463 1884 aut
473 1848 522 1885 sua
532 1836 578 1883 aut
591 1837 734 1898 parentum
750 1836 844 1897 postea
856 1832 952 1883 afferre
965 1831 1092 1892 solerent,
1111 1832 1185 1895 quod
1201 1834 1227 1881 in
1239 1844 1338 1895 magno

246 1917 437 1982 discipulorum
455 1929 568 1968 numero
586 1914 713 1966 credibile
732 1919 782 1967 est.
818 1914 903 1967 Facile
925 1915 987 1966 iude
1005 1915 1172 1966 consuetudo
1189 1916 1262 1965 nasci
1286 1928 1339 1979 po-

246 2002 309 2062 tuit,
327 2001 357 2049 ut
373 1998 470 2050 saltem
486 2001 547 2049 octo
563 1998 613 2049 illis
624 1998 788 2061 singulorum
801 2000 934 2049 mensium
947 1998 1037 2049 idibus
1050 1997 1145 2049 diebus
1162 1999 1238 2062 pueri
1250 1996 1339 2048 Flavio

245 2097 309 2134 aera
327 2082 452 2133 terrent.»
486 2081 563 2142 Quod
579 2081 613 2131 ad
630 2081 709 2131 leriae
720 2082 835 2133 aestivas
848 2082 955 2143 attinet,
975 2082 1142 2131 Hermannus
1159 2081 1186 2132 in
1197 2082 1338 2144 Responso

245 2168 298 2217 cet.
316 2179 343 2229 p.
366 2164 424 2215 tii.
454 2167 592 2227 comparat
615 2164 783 2215 vacationem
809 2178 824 2214 a
850 2165 947 2214 ceteris
973 2166 1084 2227 negotiis
1109 2163 1261 2215 lorensibuo
1286 2177 1339 2227 per

246 2249 319 2299 idem
336 2250 443 2311 tempus
455 2248 602 2306 aestivum,
621 2260 702 2311 quam
713 2249 847 2297 memorat
858 2250 921 2297 Stat.
935 2246 995 2297 Silv.
1010 2247 1040 2308 i,
1059 2246 1103 2298 to:
1122 2248 1154 2297 lit
1163 2260 1254 2309 paceo
1261 2247 1339 2309 pluer

245 2344 328 2382 conoe
343 2330 417 2380 tacet
431 2343 567 2392 messesque
582 2343 697 2380 reomaus
712 2330 835 2380 Dimisere
849 2331 942 2394 samm.
979 2331 1015 2379 Ex
1032 2330 1113 2379 Taciti
1130 2328 1189 2380 loco
1211 2330 1338 2380 Lambini

245 2415 322 2466 tlumt
336 2414 417 2475 ratio,
436 2426 519 2476 quam
535 2412 609 2463 attuli
621 2415 647 2462 in
658 2413 803 2473 Adnotait.;
823 2414 871 2464 sed
888 2412 1028 2463 defensum
1046 2413 1158 2476 quidem
1170 2427 1185 2461 a
1196 2411 1337 2464 Waltbero

245 2497 361 2548 insciens
378 2496 442 2547 illud
454 2502 554 2559 postero
570 2498 659 2547 ldoom
676 2498 774 2547 wrote
791 2497 824 2547 ab
843 2496 899 2547 aliis
917 2499 1050 2547 mutatum
1067 2498 1109 2547 est
1125 2495 1166 2547 vel
1191 2497 1216 2547 in
1232 2502 1338 2559 pacem

245 2581 391 2632 idumaeis
406 2578 448 2629 vel
465 2580 605 2641 inportare
620 2582 724 2641 iduma,
743 2582 816 2645 quod
833 2580 960 2645 equidem
977 2578 1140 2643 probabilius
1157 2592 1269 2641 censeo,
1299 2580 1338 2629 lta

244 2665 275 2714 nt
294 2664 391 2713 &non
412 2676 466 2713 non
486 2664 521 2713 sit
541 2663 684 2727 nieiprava
696 2664 838 2727 geminatio
859 2662 1023 2727 syllabarum
1040 2664 1125 2715 duam.
1155 2662 1230 2715 coni.
1251 2663 1335 2713 etiam

245 2746 348 2799 Becker
364 2748 452 2799 Gallias
469 2747 520 2811 (ed.
534 2746 589 2810 alt.)
606 2749 636 2798 11.
646 2763 681 2814 .p.
700 2749 732 2799 66
750 2761 810 2813 sqq.
829 2749 856 2797 ii
879 2761 920 2810 sq.

565 3096 933 3157 excutietis
971 3100 1018 3156 ΙΙ.

708 3210 865 3261 lontio.

309 3312 450 3361 Bonrrrcnr
460 3310 494 3360 kt.
508 3309 632 3373 Scleifim
642 3311 662 3361 1.
676 3324 702 3375 p.
715 3312 757 3361 28.
790 3312 885 3362 Ueber
901 3313 952 3363 die
967 3314 1247 3373 Morenosstctoea.
1269 3315 1336 3364 Mure

241 3395 306 3458 [ced
321 3396 349 3444 io
365 3395 409 3445 der
425 3393 565 3443 Gescbichte
581 3394 623 3443 des
638 3394 757 3455 Marsyas
767 3396 807 3443 oia
825 3397 954 3459 treffendes
969 3396 1026 3445 Bitd
1043 3396 1084 3445 des
1094 3397 1228 3461 qesboflea
1242 3397 1335 3447 Ueter-

242 3480 331 3529 motas.
365 3479 425 3529 Nun
441 3478 473 3527 ist
489 3476 550 3527 aber
565 3478 629 3527 disse
646 3469 730 3548 ὕβρις
747 3478 794 3527 das
809 3478 1041 3540 Hcoptoerbreclteo
1058 3480 1085 3527 ia
1101 3479 1334 3541 repetitioniscten

242 3563 360 3623 Stooten,
384 3563 438 3611 eoed
458 3576 485 3611 so
505 3560 595 3611 monte
617 3562 664 3610 doe
684 3561 742 3610 uite
764 3560 833 3611 ihrer
849 3561 1000 3626 Rastrofaoq
1015 3561 1155 3625 uberhaupt
1170 3562 1272 3623 Sombat
1287 3565 1336 3614 der

243 3644 421 3707 Gerecbtifflaee't
436 3644 545 3693 werden.
582 3644 674 3707 Weaeo
690 3643 770 3693 dieser
786 3643 927 3708 ltesiebooq
943 3646 1018 3694 stand
1035 3646 1113 3696 daber
1128 3647 1334 3697 wolrscieiaiicd

241 3728 269 3775 ia
285 3727 333 3776 deo
347 3727 449 3776 meister»
464 3726 569 3775 Stddteo
585 3726 696 3788 oufdea
711 3728 819 3790 Feratus,
844 3742 884 3777 wo
901 3728 940 3777 die
957 3728 1070 3778 Gericbtc
1087 3730 1200 3793 achadeo
1215 3731 1331 3791 aarum,

241 3811 296 3860 eine
312 3809 414 3871 &eppe
433 3809 475 3857 dee
492 3808 579 3869 Apollo
600 3810 653 3856 uod
672 3811 799 3872 Marsyas.
837 3812 893 3861 Wir
908 3812 997 3861 musea
1014 3813 1078 3862 dieas
1100 3826 1148 3864 oua
1164 3814 1233 3863 einer
1257 3814 1333 3864 Stelte

242 3893 284 3942 dos
298 3891 401 3941 &niae
414 3903 475 3939 zum
493 3890 583 3954 Vtrfil,
602 3894 667 3941 Aen.
681 3890 711 3953 i,
730 3894 782 3954 aa,
801 3894 845 3943 dtr
861 3894 922 3945 aber
937 3896 977 3945 die
994 3896 1193 3960 Kossiniteqon'e
1209 3910 1259 3946 aur
1273 3896 1332 3947 boib

239 3975 325 4038 sassie
358 3976 412 4023 Der
427 3974 546 4035 Marsyas
561 3974 611 4038 aas
622 3976 677 4025 dem
691 3977 830 4027 rdenoclter
847 3978 941 4028 Fossam
956 3979 988 4027 ist
1004 3980 1152 4030 contesora
1164 3981 1208 4030 der
1224 3980 1334 4030 licroni-

240 4058 312 4108 ecleeo
328 4057 428 4107 Satirea
445 4056 524 4106 darell
534 4058 574 4108 die
583 4058 684 4122 witziqe
696 4060 827 4124 Wandooq
843 4059 962 4122 debonat,
979 4063 1099 4113 wodurcb
1110 4064 1195 4114 Horae
1206 4064 1246 4113 die
1255 4065 1333 4128 yria-

240 4141 313 4191 seode
329 4140 409 4191 ilieoe
425 4140 504 4189 dieser
520 4140 607 4191 Statue
624 4142 673 4203 aas
691 4142 738 4193 dea
753 4142 894 4194 certassteo
920 4144 1043 4195 lt'eobster
1058 4148 1153 4197 Nooe'or
1169 4148 1263 4209 boot,
1291 4150 1334 4199 die
