2925 4892
520 381 579 433 itit.
598 381 630 432 11.
665 381 734 433 sir.
754 381 784 432 11.

152 539 313 605 Procerus
335 535 446 602 odisse
468 535 589 624 iuposi
610 537 693 617 Quia
715 535 839 604 scilicet
861 535 922 603 iilis

153 659 308 725 Haiorcm
330 667 446 723 natura
466 657 599 724 modum
620 656 726 736 dedit,
750 657 800 724 his
823 658 923 726 breve
946 659 1083 748 pondus.

154 781 288 847 ieiunus
309 799 385 846 raro
407 779 593 846 stomachus
614 778 758 866 volgaria
782 781 903 846 temnit.

153 902 343 968 Porrectum
363 921 482 987 magno
502 919 655 988 magnum
676 909 825 986 spectare
847 901 952 968 catino

153 1020 291 1096 vetem,
314 1021 359 1087 ait
376 1019 531 1111 Harpyiis
545 1021 620 1109 gula
633 1020 732 1108 digna
747 1021 930 1109 rapacibus.
964 1025 1002 1088 nt
1024 1043 1094 1101 vos,
1161 1027 1203 1092 to

176 1201 217 1250 38.
236 1200 339 1250 Versus
350 1199 394 1249 iric
405 1201 548 1264 suspectus
567 1197 687 1250 Bentleio
704 1199 740 1248 ad
761 1201 790 1250 Α.
804 1201 832 1249 P.
853 1200 910 1250 3³7.
929 1201 1063 1266 reperitur
1073 1203 1126 1253 ianr
1143 1204 1170 1254 in

144 1272 242 1324 Ecoasi
252 1271 296 1323 ilia
307 1275 404 1338 po'etae
414 1274 541 1336 anonymi
553 1275 612 1324 Sec.
625 1273 657 1322 H.
670 1288 696 1324 v.
715 1273 773 1324 632.
792 1274 835 1324 ed.
855 1275 969 1336 Grimru,
988 1278 1034 1340 qui
1050 1275 1170 1341 permut-

145 1353 185 1398 tos
203 1347 270 1398 alios
286 1348 387 1398 Horatii
404 1361 501 1400 versus
518 1347 588 1398 malo
608 1361 659 1398 suo
675 1349 792 1412 poemati
810 1349 927 1400 inseruit.
949 1377 976 1386 -
998 1349 1098 1400 ieiunus
1113 1351 1171 1402 rori

144 1421 221 1473 tectio
239 1421 274 1472 ab
291 1424 397 1473 Acrone
414 1425 577 1484 memoratu,
594 1423 672 1487 prob,
690 1423 857 1482 Heindorflo;
875 1437 936 1473 rore
949 1423 1094 1476 abeodem
1111 1439 1171 1476 me-

145 1500 281 1546 moratum
298 1497 402 1559 recepit
417 1494 566 1546 oberlinus.
587 1523 616 1534 -
634 1499 731 1559 termut
748 1496 926 1549 Hildebertus.
948 1523 975 1534 -
995 1499 1036 1550 39.
1048 1513 1172 1563 acapnum

145 1583 283 1634 superscr.
310 1569 367 1620 «uei
388 1571 510 1620 mutron-
528 1572 554 1620 s.
575 1597 603 1607 -
627 1570 669 1622 tu.
690 1572 792 1632 Vcttom,
816 1575 855 1623 oia
872 1573 928 1624 Hic.
947 1574 1087 1635 Heinsius,
1108 1575 1172 1624 Vetto

144 1646 182 1694 uit
197 1644 346 1695 Heindortii
362 1646 488 1710 suspicio.

113 1775 243 1824 Trittirrom
258 1777 350 1825 autem
371 1777 517 1838 memorat,
543 1777 639 1839 utqui
677 1776 787 1826 tinent.»
810 1803 837 1814 -
862 1776 934 1827 brom
952 1777 1060 1842 pondus]
1081 1779 1154 1828 Pers.
1172 1779 1202 1840 s,

111 1850 163 1899 hoc
183 1849 308 1913 pondere
328 1850 464 1900 rarissime
485 1851 637 1914 captantum
678 1851 739 1901 iat:
758 1851 1008 1902 breuis-semuncia.
1036 1850 1140 1903 Similes
1157 1865 1205 1902 no-

111 1937 157 1974 ser
174 1922 306 1973 librarum
316 1937 382 1974 vero
393 1927 451 1973 erut
467 1927 638 1988 portentosos
676 1924 762 1974 Honos
781 1924 861 1975 trevir
877 1927 904 1976 et
916 1939 1016 1988 porum
1032 1927 1101 1976 iuter
1117 1939 1147 1978 se
1159 1923 1205 1976 ali-

110 1997 152 2047 iile
173 1998 318 2048 Domitiani
339 1998 410 2062 apud
432 1999 523 2048 iuven.
541 1997 571 2059 i,
597 1999 636 2048 ts.
675 1999 783 2063 quondo
811 1999 983 2050 alternantur.
1029 2000 1104 2050 coni.
1130 2001 1201 2051 Doe-

111 2071 150 2122 ci.
162 2070 274 2122 Hsrtiai.
289 2072 318 2133 3,
337 2072 384 2133 ts,
397 2074 425 2122 5:
444 2073 508 2122 Noto
523 2074 639 2135 nativo
674 2073 775 2125 deriein
789 2075 823 2124 ud
835 2076 914 2125 Taciti
927 2077 993 2126 Anu.
1005 2077 1033 2136 6,
1048 2076 1088 2126 35.
1100 2089 1128 2140 p.
1142 2075 1200 2127 ist.

110 2147 576 2198 mrtmntrsnnmiirmmeiiiitrom
596 2147 636 2207 40,
707 2148 796 2200 3840,
806 2149 906 2200 inunita
914 2150 977 2212 cet]
987 2151 1130 2200 construe:
1149 2153 1206 2201 Sto·

109 2222 155 2283 37,
173 2222 204 2270 7:
231 2222 270 2271 Aa
286 2235 334 2270 ruo
350 2224 477 2284 captim
493 2235 638 2272 saro-re-
673 2223 777 2272 mochus
792 2235 855 2273 roro
871 2225 969 2274 ieiunus
986 2225 1104 2288 (semper
1120 2223 1203 2288 saturi

108 2297 342 2356 warmatiam,
364 2297 639 2357 i'irruerittiirriaqui
674 2299 808 2347 conminuit
823 2299 1028 2363 susannam.
1059 2299 1204 2362 Hinusup·

108 2371 193 2418 minor
216 2381 270 2419 aare
293 2370 381 2419 trium
416 2370 538 2434 (Mutum
561 2381 636 2420 rm.
675 2372 760 2434 posite
778 2371 812 2421 ed
836 2372 1058 2423 consuetudinem
1082 2373 1204 2422 Horatia-

108 2444 234 2493 torm
251 2445 278 2493 in
293 2445 361 2494 mori
379 2446 459 2494 erroro
475 2451 578 2508 copinam
593 2445 638 2495 Li-
675 2459 738 2496 nam
757 2447 886 2498 Heindorf
900 2447 963 2510 legit
979 2447 1157 2507 intentaret,
1176 2445 1204 2494 id

108 2519 191 2567 άηιω
212 2519 351 2568 Huciaoru
371 2519 635 2581 murmuranti.
676 2523 731 2580 est,
751 2523 780 2572 ut
791 2523 839 2582 uit,
860 2522 989 2585 «cupidus
1000 2523 1080 2570 rari.»
1102 2520 1201 2583 (lustin.

109 2593 181 2652 Hi),
199 2592 297 2654 si.)-
311 2593 523 2658 ioturpuioceti
539 2605 638 2656 «quem
675 2595 720 2655 ³8,
740 2595 769 2654 6,
788 2596 818 2645 8:
837 2595 1136 2645 ociosos--ctivitiomtm
1147 2595 1204 2642 coi-

109 2680 157 2730 pro
165 2668 343 2716 convivarum
355 2679 484 2718 numero·
497 2668 557 2730 (hoc
566 2667 637 2717 euim
675 2669 719 2718 ior
736 2681 768 2717 uo
792 2669 887 2717 munos
911 2667 1022 2732 iubae.)
1059 2670 1202 2717 Praeterea

109 2742 179 2790 inest
193 2742 221 2789 in
238 2753 265 2789 v.
284 2742 394 2806 sapato)
411 2742 453 2790 rin
469 2740 561 2806 piures
572 2753 638 2804 por·
675 2743 748 2793 idem
765 2741 865 2805 virgula
883 2744 944 2807 post
959 2756 985 2792 v.
1001 2741 1101 2804 pontius
1117 2741 1203 2804 posita

109 2817 195 2865 nones
211 2814 346 2876 disseces,
365 2815 638 2879 quaseademcoeua
674 2818 748 2867 hunc
776 2829 884 2880 quoquo
914 2829 1024 2868 versum
1052 2815 1092 2866 38,
1121 2815 1205 2864 iunxit

110 2891 161 2939 tuis
178 2890 300 2940 conticis
317 2902 461 2953 appones.»
480 2903 535 2940 non
550 2892 580 2940 ut
596 2892 638 2954 pi·
674 2905 739 2942 cum
764 2893 831 2955 part.
854 2891 937 2954 Quia3
964 2890 1013 2942 sed
1039 2891 1080 2940 est
1100 2883 1203 2956 γνώμη

111 2977 170 3014 sees
187 2963 300 3027 quidum
317 2964 435 3014 minores
452 2965 573 3027 integris
585 2965 639 3014 sin-
675 2979 725 3031 per
742 2979 771 3016 se
792 2967 879 3030 posita
896 2967 977 3029 atque
1000 2966 1057 3029 ipsa
1076 2962 1204 3028 simplici·

110 3037 175 3101 grus
192 3040 315 3088 convivis
331 3040 438 3089 comedi
455 3038 551 3090 soient.
590 3037 638 3088 iiiii
675 3043 729 3090 tuto
747 3052 796 3091 sus
812 3041 875 3090 huic
892 3041 993 3090 Satires
1010 3051 1120 3103 prorsus
1137 3051 1204 3088 con·

110 3111 257 3175 explicant:
276 3112 319 3161 «in
335 3111 427 3175 piures
443 3125 570 3171 coensem
589 3109 639 3161 sed
674 3115 794 3164 veniens.
815 3141 842 3150 -
861 3113 1013 3177 emortum]
1039 3114 1129 3173 Quivis
1152 3114 1204 3162 hoc

111 3187 197 3249 pisces
218 3184 294 3234 haud
315 3185 392 3236 tacite
412 3186 440 3236 in
457 3185 559 3249 aliquot
580 3182 640 3234 dies
674 3188 767 3251 tegens
779 3188 922 3252 supplebat
932 3189 1045 3238 mutan.
1076 3189 1203 3238 Ceterum

111 3261 210 3308 serrari
233 3262 357 3323 possunt.
376 3287 405 3298 -
423 3260 508 3324 Duos]
532 3259 640 3308 «movet
676 3261 798 3313 consulto
829 3265 954 3325 quuumr
982 3262 1109 3326 spondeis
1138 3273 1204 3312 usus

111 3337 188 3396 atque
202 3332 296 3392 allicit,
315 3334 420 3384 uitiari
437 3333 531 3385 suist.»
546 3359 573 3372 ·-
589 3345 639 3394 quo
676 3337 726 3395 est,
743 3337 773 3386 ut
789 3337 943 3399 exoptatum
960 3337 1040 3400 piscis
1053 3334 1158 3398 pondus
1176 3336 1205 3383 ct

108 3409 213 3469 petinet
229 3407 294 3471 cet]
321 3409 392 3458 «Cur
416 3421 480 3472 ergo
505 3407 640 3470 magnitu-
676 3411 886 3473 magnitudinem
909 3411 1079 3472 exprimeret.
1101 3432 1128 3443 -
1152 3407 1204 3456 Vei·

111 3483 199 3533 dium
223 3481 320 3533 laudas
342 3484 369 3532 in
392 3481 474 3533 muilo
494 3483 523 3532 et
544 3494 640 3545 repre·
675 3485 731 3550 um]
749 3479 916 3549 ἐβουλόμην
932 3477 982 3543 ἅν,
1008 3496 1061 3532 uon
1082 3478 1204 3542 sociot-

111 3557 204 3608 hcudis
229 3559 257 3607 in
283 3556 367 3621 iupot
394 3559 460 3618 Quia
485 3556 587 3608 scilicet
611 3557 639 3607 in
675 3574 735 3624 μην
752 3552 798 3608 ἄν.
835 3555 966 3617 «Vellem,
986 3557 1007 3606 si
1025 3555 1083 3606 fleri
1100 3557 1202 3619 posset,

111 3635 223 3695 suoque
243 3635 271 3682 te
288 3631 416 3693 deiectat,
438 3633 512 3697 quod
530 3634 572 3682 est
592 3646 639 3682 ra-
675 3633 724 3684 sed
736 3632 859 3682 vixflet.»
870 3631 1030 3693 -Hurppiir
1037 3630 1203 3694 dipnoJmon

112 3708 191 3756 rius.»
205 3709 291 3758 cous.
306 3708 385 3765 cruc.
408 3736 434 3744 -
448 3708 506 3772 iiiia]
525 3719 591 3758 sane
602 3707 638 3757 nd
675 3709 793 3769 homine,
811 3707 860 3758 sed
878 3707 1003 3757 monstris
1021 3705 1203 3756 voracissimis

112 3794 167 3830 roc.
180 3783 267 3843 inpos,
290 3783 341 3832 etsi
357 3782 482 3846 propius,
507 3780 636 3843 retertur,
675 3780 784 3843 digna.»
829 3779 877 3832 iiii
912 3779 1057 3845 explicant:
1094 3781 1202 3844 «digna,

112 3859 201 3906 contra
224 3869 308 3919 quam
330 3854 373 3906 aiii
390 3858 439 3906 ruti
457 3859 527 3907 sunt.
557 3858 639 3906 Hecto
676 3858 752 3906 cuius
775 3855 859 3921 dapes
880 3857 1012 3920 Harpyiae
1038 3857 1116 3919 (virg.
1135 3857 1202 3906 Aen.

112 3931 174 3980 nun
186 3931 308 3996 (adEpp.
322 3931 408 3991 i,t7‚
428 3931 489 3993 iai:
508 3930 597 3982 «mulli
612 3932 639 3981 ti
676 3931 705 3992 3,
728 3931 778 3980 240
800 3931 871 3994 sqq.)
893 3943 942 3981 suo
965 3932 1089 3980 coniectu
1111 3932 1204 3980 conta-

113 4004 400 4068 etiupiittidicuntur‚
420 4007 547 4068 quoniam
558 4007 638 4069 poeta
677 4005 779 4055 minent
795 4007 875 4068 atque
894 4005 1056 4068 inquinent„

113 4091 269 4142 magnorum
288 4079 431 4130 muHorum
448 4092 570 4132 amorem
582 4093 640 4130 car·
708 4079 798 4131 iii-ii.
817 4079 848 4129 At
869 4079 995 4143 noscet]
1019 4078 1071 4128 Sed
1096 4077 1202 4138 «utique

113 4154 157 4214 pit.
191 4155 266 4204 liniti
287 4154 366 4218 igitur
390 4156 454 4205 sunt
478 4155 567 4219 potior
593 4167 639 4204 res
676 4154 806 4205 helnones
819 4155 860 4204 isti
877 4155 947 4204 hanc
964 4165 1080 4218 poenam
1097 4163 1203 4200 meren·

113 4230 140 4277 ei
156 4231 241 4295 magis
252 4242 336 4294 quam
350 4229 403 4295 tupi
415 4230 449 4280 ad
461 4233 568 4296 poetam
579 4243 640 4295 per·
676 4232 732 4292 tur,
746 4229 874 4280 utriustri
886 4227 959 4279 calor
971 4225 1129 4292 putrefaciat
1139 4235 1203 4289 prs·
1285 4297 1286 4302 ἵ
