<?xml version="1.0" encoding="UTF-8"?>
<!DOCTYPE html PUBLIC "-//W3C//DTD XHTML 1.0 Transitional//EN"
    "http://www.w3.org/TR/xhtml1/DTD/xhtml1-transitional.dtd">
<html xmlns="http://www.w3.org/1999/xhtml" xml:lang="en" lang="en">
 <head>
  <title>
</title>
<meta http-equiv="Content-Type" content="text/html;charset=utf-8" />
  <meta name='ocr-system' content='tesseract 3.04.00' />
  <meta name='ocr-capabilities' content='ocr_page ocr_carea ocr_par ocr_line ocrx_word'/>
</head>
<body>
  <div class='ocr_page' id='page_1' title='image "./qhoratiusflaccu03baitgoog/qhoratiusflaccu03baitgoog_0777.png"; bbox 0 0 2925 4892; ppageno 0'>
   <div class='ocr_carea' id='block_1_1' title="bbox 531 394 1190 464">
    <p class='ocr_par' dir='ltr' id='par_1_1' title="bbox 531 394 1190 464">
     <span class='ocr_line' id='line_1_1' title="bbox 531 394 1190 464; baseline 0.009 -19"><span class='ocrx_word' id='word_1_1' title='bbox 531 395 591 447; x_wconf 77' lang='lat' dir='ltr'><strong>nes</strong></span> <span class='ocrx_word' id='word_1_2' title='bbox 609 394 753 448; x_wconf 73' lang='lat' dir='ltr'><strong>nosnos.</strong></span> <span class='ocrx_word' id='word_1_3' title='bbox 1127 399 1190 464; x_wconf 78' lang='lat'><strong>787</strong></span> 
     </span>
    </p>
   </div>
   <div class='ocr_carea' id='block_1_2' title="bbox 98 551 1245 4287">
    <p class='ocr_par' dir='ltr' id='par_1_2' title="bbox 98 551 1245 3859">
     <span class='ocr_line' id='line_1_2' title="bbox 100 551 1189 619; baseline 0.008 -19"><span class='ocrx_word' id='word_1_4' title='bbox 100 553 125 613; x_wconf 76' lang='lat'><strong>2}</strong></span> <span class='ocrx_word' id='word_1_5' title='bbox 145 552 191 602; x_wconf 67' lang='lat' dir='ltr'><strong>not</strong></span> <span class='ocrx_word' id='word_1_6' title='bbox 208 551 332 601; x_wconf 81' lang='lat' dir='ltr'><strong>interdum</strong></span> <span class='ocrx_word' id='word_1_7' title='bbox 351 551 421 601; x_wconf 88' lang='lat' dir='ltr'><strong>dicat</strong></span> <span class='ocrx_word' id='word_1_8' title='bbox 437 553 540 612; x_wconf 91' lang='lat' dir='ltr'><strong>omnia,</strong></span> <span class='ocrx_word' id='word_1_9' title='bbox 559 555 684 604; x_wconf 72' lang='lat' dir='ltr'><strong>interdrm</strong></span> <span class='ocrx_word' id='word_1_10' title='bbox 700 553 842 619; x_wconf 77' lang='lat' dir='ltr'>pleraque,</span> <span class='ocrx_word' id='word_1_11' title='bbox 862 569 930 619; x_wconf 86' lang='lat' dir='ltr'><strong>qnne</strong></span> <span class='ocrx_word' id='word_1_12' title='bbox 948 557 1085 608; x_wconf 89' lang='lat' dir='ltr'><strong>debebant</strong></span> <span class='ocrx_word' id='word_1_13' title='bbox 1099 559 1149 609; x_wconf 89' lang='lat' dir='ltr'><strong>dici</strong></span> <span class='ocrx_word' id='word_1_14' title='bbox 1162 563 1189 610; x_wconf 91' lang='lat' dir='ltr'><strong>et</strong></span> 
     </span>
     <span class='ocr_line' id='line_1_3' title="bbox 100 633 1189 702; baseline 0.007 -19"><span class='ocrx_word' id='word_1_15' title='bbox 100 635 135 683; x_wconf 90' lang='lat' dir='ltr'><strong>ad</strong></span> <span class='ocrx_word' id='word_1_16' title='bbox 153 633 243 685; x_wconf 87' lang='lat' dir='ltr'><strong>locam</strong></span> <span class='ocrx_word' id='word_1_17' title='bbox 259 634 443 699; x_wconf 88' lang='lat' dir='ltr'><strong>pertinebant,</strong></span> <span class='ocrx_word' id='word_1_18' title='bbox 470 637 575 687; x_wconf 79' lang='lat' dir='ltr'><strong>diflerat</strong></span> <span class='ocrx_word' id='word_1_19' title='bbox 597 638 623 687; x_wconf 89' lang='lat' dir='ltr'><strong>in</strong></span> <span class='ocrx_word' id='word_1_20' title='bbox 640 636 711 688; x_wconf 90' lang='lat' dir='ltr'><strong>aliud</strong></span> <span class='ocrx_word' id='word_1_21' title='bbox 729 641 848 702; x_wconf 88' lang='lat' dir='ltr'><strong>tempus,</strong></span> <span class='ocrx_word' id='word_1_22' title='bbox 876 653 909 690; x_wconf 94' lang='lat' dir='ltr'><strong>ne</strong></span> <span class='ocrx_word' id='word_1_23' title='bbox 928 639 997 691; x_wconf 86' lang='lat' dir='ltr'><strong>mole</strong></span> <span class='ocrx_word' id='word_1_24' title='bbox 1014 641 1116 692; x_wconf 89' lang='lat' dir='ltr'><strong>scilicet</strong></span> <span class='ocrx_word' id='word_1_25' title='bbox 1134 640 1189 692; x_wconf 81' lang='grc' dir='ltr'><strong>τῶν</strong></span> 
     </span>
     <span class='ocr_line' id='line_1_4' title="bbox 99 711 1188 788; baseline 0.008 -22"><span class='ocrx_word' id='word_1_26' title='bbox 99 711 298 787; x_wconf 72' lang='grc' dir='ltr'><strong><em>περιστάσεων</em></strong></span> <span class='ocrx_word' id='word_1_27' title='bbox 315 717 444 768; x_wconf 74' lang='lat' dir='ltr'><strong>obruatur</strong></span> <span class='ocrx_word' id='word_1_28' title='bbox 460 717 545 769; x_wconf 87' lang='lat' dir='ltr'><strong>lector</strong></span> <span class='ocrx_word' id='word_1_29' title='bbox 561 722 588 770; x_wconf 93' lang='lat' dir='ltr'><strong>et</strong></span> <span class='ocrx_word' id='word_1_30' title='bbox 605 722 761 771; x_wconf 74' lang='lat' dir='ltr'><strong>narrationis</strong></span> <span class='ocrx_word' id='word_1_31' title='bbox 780 721 853 773; x_wconf 90' lang='lat' dir='ltr'><strong>illum</strong></span> <span class='ocrx_word' id='word_1_32' title='bbox 870 725 999 774; x_wconf 78' lang='lat' dir='ltr'><strong>amittet.»</strong></span> <span class='ocrx_word' id='word_1_33' title='bbox 1018 727 1107 775; x_wconf 77' lang='lat' dir='ltr'><strong>Bnnrn,</strong></span> <span class='ocrx_word' id='word_1_34' title='bbox 1139 728 1188 788; x_wconf 83' lang='lat' dir='ltr'><strong>(Sic</strong></span> 
     </span>
     <span class='ocr_line' id='line_1_5' title="bbox 98 801 1187 871; baseline 0.008 -21"><span class='ocrx_word' id='word_1_35' title='bbox 98 802 182 851; x_wconf 88' lang='lat' dir='ltr'><strong>etiem</strong></span> <span class='ocrx_word' id='word_1_36' title='bbox 208 801 315 861; x_wconf 84' lang='lat' dir='ltr'><strong>Gonod,</strong></span> <span class='ocrx_word' id='word_1_37' title='bbox 342 803 418 852; x_wconf 89' lang='lat' dir='ltr'><strong>cuius</strong></span> <span class='ocrx_word' id='word_1_38' title='bbox 441 805 495 852; x_wconf 86' lang='lat' dir='ltr'><strong>tots</strong></span> <span class='ocrx_word' id='word_1_39' title='bbox 519 803 661 868; x_wconf 87' lang='lat' dir='ltr'><strong>disputatio</strong></span> <span class='ocrx_word' id='word_1_40' title='bbox 679 803 713 854; x_wconf 90' lang='lat' dir='ltr'><strong>de</strong></span> <span class='ocrx_word' id='word_1_41' title='bbox 731 805 757 855; x_wconf 87' lang='lat' dir='ltr'><strong>h.</strong></span> <span class='ocrx_word' id='word_1_42' title='bbox 777 804 794 855; x_wconf 91' lang='lat' dir='ltr'><strong>l.</strong></span> <span class='ocrx_word' id='word_1_43' title='bbox 813 805 891 868; x_wconf 80' lang='lat' dir='ltr'><strong>digne</strong></span> <span class='ocrx_word' id='word_1_44' title='bbox 910 809 962 866; x_wconf 85' lang='lat' dir='ltr'><strong>est,</strong></span> <span class='ocrx_word' id='word_1_45' title='bbox 990 820 1059 871; x_wconf 84' lang='lat' dir='ltr'><strong>quoe</strong></span> <span class='ocrx_word' id='word_1_46' title='bbox 1076 807 1187 871; x_wconf 76' lang='lat' dir='ltr'><strong>legatur.</strong></span> 
     </span>
     <span class='ocr_line' id='line_1_6' title="bbox 99 885 1189 955; baseline 0.008 -22"><span class='ocrx_word' id='word_1_47' title='bbox 99 885 186 934; x_wconf 81' lang='lat' dir='ltr'><strong>Vertit</strong></span> <span class='ocrx_word' id='word_1_48' title='bbox 205 887 314 934; x_wconf 87' lang='lat' dir='ltr'><strong>autem:</strong></span> <span class='ocrx_word' id='word_1_49' title='bbox 341 886 374 935; x_wconf 78' lang='lat' dir='ltr'><strong>Cr</strong></span> <span class='ocrx_word' id='word_1_50' title='bbox 395 886 440 947; x_wconf 76' lang='lat' dir='ltr'><strong>qui</strong></span> <span class='ocrx_word' id='word_1_51' title='bbox 461 887 542 936; x_wconf 82' lang='lat' dir='ltr'><strong>donne</strong></span> <span class='ocrx_word' id='word_1_52' title='bbox 558 889 588 936; x_wconf 83' lang='lat' dir='ltr'><strong>dr</strong></span> <span class='ocrx_word' id='word_1_53' title='bbox 605 888 679 949; x_wconf 72' lang='lat' dir='ltr'><strong>t&#39;effet</strong></span> <span class='ocrx_word' id='word_1_54' title='bbox 694 893 718 937; x_wconf 84' lang='lat' dir='ltr'><strong>at</strong></span> <span class='ocrx_word' id='word_1_55' title='bbox 734 889 764 938; x_wconf 84' lang='lat' dir='ltr'><strong>de</strong></span> <span class='ocrx_word' id='word_1_56' title='bbox 780 888 807 937; x_wconf 81' lang='lat' dir='ltr'><strong>to</strong></span> <span class='ocrx_word' id='word_1_57' title='bbox 822 903 899 952; x_wconf 78' lang='lat' dir='ltr'><strong>praee</strong></span> <span class='ocrx_word' id='word_1_58' title='bbox 915 891 932 939; x_wconf 85' lang='grc' dir='ltr'><em>ὰ</em></span> <span class='ocrx_word' id='word_1_59' title='bbox 948 891 1056 952; x_wconf 84' lang='lat' dir='ltr'><strong>t&#39;ordre,</strong></span> <span class='ocrx_word' id='word_1_60' title='bbox 1081 893 1103 941; x_wconf 81' lang='lat' dir='ltr'><strong>ti</strong></span> <span class='ocrx_word' id='word_1_61' title='bbox 1114 895 1143 955; x_wconf 81' lang='lat' dir='ltr'><strong>je</strong></span> <span class='ocrx_word' id='word_1_62' title='bbox 1157 905 1189 941; x_wconf 84' lang='lat' dir='ltr'><strong>ne</strong></span> 
     </span>
     <span class='ocr_line' id='line_1_7' title="bbox 98 971 1190 1037; baseline 0.006 -20"><span class='ocrx_word' id='word_1_63' title='bbox 98 982 140 1018; x_wconf 83' lang='lat' dir='ltr'><strong>nra</strong></span> <span class='ocrx_word' id='word_1_64' title='bbox 155 974 266 1031; x_wconf 82' lang='lat' dir='ltr'><strong>trompe,</strong></span> <span class='ocrx_word' id='word_1_65' title='bbox 292 971 350 1018; x_wconf 82' lang='lat' dir='ltr'><strong>c&#39;ett</strong></span> <span class='ocrx_word' id='word_1_66' title='bbox 366 974 447 1018; x_wconf 78' lang='lat' dir='ltr'><strong>tentet</strong></span> <span class='ocrx_word' id='word_1_67' title='bbox 464 971 493 1018; x_wconf 86' lang='lat' dir='ltr'><strong>de</strong></span> <span class='ocrx_word' id='word_1_68' title='bbox 509 971 565 1019; x_wconf 83' lang='lat' dir='ltr'><strong>dire</strong></span> <span class='ocrx_word' id='word_1_69' title='bbox 580 971 698 1031; x_wconf 75' lang='lat' dir='ltr'><strong>d&#39;olrord,</strong></span> <span class='ocrx_word' id='word_1_70' title='bbox 725 975 806 1020; x_wconf 77' lang='lat' dir='ltr'><strong>metet</strong></span> <span class='ocrx_word' id='word_1_71' title='bbox 822 974 852 1022; x_wconf 83' lang='lat' dir='ltr'><strong>de</strong></span> <span class='ocrx_word' id='word_1_72' title='bbox 868 973 971 1036; x_wconf 77' lang='lat' dir='ltr'><strong>differet·</strong></span> <span class='ocrx_word' id='word_1_73' title='bbox 986 975 1012 1022; x_wconf 82' lang='lat' dir='ltr'><strong>tu</strong></span> <span class='ocrx_word' id='word_1_74' title='bbox 1025 974 1132 1037; x_wconf 80' lang='lat' dir='ltr'><strong>ptrrpart</strong></span> <span class='ocrx_word' id='word_1_75' title='bbox 1148 977 1190 1026; x_wconf 83' lang='lat' dir='ltr'><strong>der</strong></span> 
     </span>
     <span class='ocr_line' id='line_1_8' title="bbox 98 1051 1189 1119; baseline 0.008 -19"><span class='ocrx_word' id='word_1_76' title='bbox 98 1053 185 1102; x_wconf 75' lang='lat' dir='ltr'><strong>cdosm</strong></span> <span class='ocrx_word' id='word_1_77' title='bbox 200 1051 277 1111; x_wconf 78' lang='lat' dir='ltr'><strong>qn’on</strong></span> <span class='ocrx_word' id='word_1_78' title='bbox 293 1053 346 1101; x_wconf 82' lang='lat' dir='ltr'><strong>doit</strong></span> <span class='ocrx_word' id='word_1_79' title='bbox 361 1053 428 1113; x_wconf 83' lang='lat' dir='ltr'><strong>dire,</strong></span> <span class='ocrx_word' id='word_1_80' title='bbox 444 1066 512 1113; x_wconf 81' lang='lat' dir='ltr'><strong>pour</strong></span> <span class='ocrx_word' id='word_1_81' title='bbox 527 1053 562 1102; x_wconf 81' lang='lat' dir='ltr'><strong>tas</strong></span> <span class='ocrx_word' id='word_1_82' title='bbox 574 1053 664 1115; x_wconf 83' lang='lat' dir='ltr'><strong>placer</strong></span> <span class='ocrx_word' id='word_1_83' title='bbox 679 1068 716 1104; x_wconf 83' lang='lat' dir='ltr'><strong>ou</strong></span> <span class='ocrx_word' id='word_1_84' title='bbox 729 1061 837 1105; x_wconf 79' lang='lat' dir='ltr'><strong>monent</strong></span> <span class='ocrx_word' id='word_1_85' title='bbox 849 1056 872 1105; x_wconf 88' lang='lat' dir='ltr'><strong>te</strong></span> <span class='ocrx_word' id='word_1_86' title='bbox 884 1056 942 1118; x_wconf 83' lang='lat' dir='ltr'><strong>ptus</strong></span> <span class='ocrx_word' id='word_1_87' title='bbox 952 1057 1089 1119; x_wconf 75' lang='lat' dir='ltr'><strong>favoralis.</strong></span> <span class='ocrx_word' id='word_1_88' title='bbox 1110 1059 1189 1108; x_wconf 74' lang='lat' dir='ltr'><strong>esen·</strong></span> 
     </span>
     <span class='ocr_line' id='line_1_9' title="bbox 100 1134 1188 1205; baseline 0.006 -19"><span class='ocrx_word' id='word_1_89' title='bbox 100 1137 213 1186; x_wconf 86' lang='lat' dir='ltr'><strong>tentiam</strong></span> <span class='ocrx_word' id='word_1_90' title='bbox 238 1135 349 1199; x_wconf 87' lang='lat' dir='ltr'><strong>quidem</strong></span> <span class='ocrx_word' id='word_1_91' title='bbox 373 1137 479 1199; x_wconf 89' lang='lat' dir='ltr'><strong>penitus</strong></span> <span class='ocrx_word' id='word_1_92' title='bbox 504 1139 641 1200; x_wconf 76' lang='lat' dir='ltr'><strong>perspexit</strong></span> <span class='ocrx_word' id='word_1_93' title='bbox 661 1134 809 1198; x_wconf 87' lang='lat' dir='ltr'><strong>Bentlelus,</strong></span> <span class='ocrx_word' id='word_1_94' title='bbox 835 1139 918 1188; x_wconf 87' lang='lat' dir='ltr'><strong>verba</strong></span> <span class='ocrx_word' id='word_1_95' title='bbox 942 1143 1031 1191; x_wconf 88' lang='lat' dir='ltr'><strong>autem</strong></span> <span class='ocrx_word' id='word_1_96' title='bbox 1052 1142 1188 1205; x_wconf 90' lang='lat' dir='ltr'><strong>quomodo</strong></span> 
     </span>
     <span class='ocr_line' id='line_1_10' title="bbox 101 1217 1188 1288; baseline 0.008 -21"><span class='ocrx_word' id='word_1_97' title='bbox 101 1221 195 1269; x_wconf 89' lang='lat' dir='ltr'><strong>essent</strong></span> <span class='ocrx_word' id='word_1_98' title='bbox 211 1217 390 1282; x_wconf 77' lang='lat' dir='ltr'><strong>expedienda,</strong></span> <span class='ocrx_word' id='word_1_99' title='bbox 409 1220 498 1270; x_wconf 85' lang='lat' dir='ltr'><strong>minus</strong></span> <span class='ocrx_word' id='word_1_100' title='bbox 515 1219 580 1269; x_wconf 88' lang='lat' dir='ltr'><strong>vidit</strong></span> <span class='ocrx_word' id='word_1_101' title='bbox 595 1223 637 1269; x_wconf 82' lang='lat' dir='ltr'><strong>vir</strong></span> <span class='ocrx_word' id='word_1_102' title='bbox 653 1221 833 1271; x_wconf 83' lang='lat' dir='ltr'><strong>acutissimus.</strong></span> <span class='ocrx_word' id='word_1_103' title='bbox 862 1224 923 1272; x_wconf 85' lang='lat' dir='ltr'><strong>Sine</strong></span> <span class='ocrx_word' id='word_1_104' title='bbox 941 1236 1020 1274; x_wconf 88' lang='lat' dir='ltr'><strong>cause</strong></span> <span class='ocrx_word' id='word_1_105' title='bbox 1039 1226 1118 1288; x_wconf 77' lang='lat' dir='ltr'><strong>igitur</strong></span> <span class='ocrx_word' id='word_1_106' title='bbox 1134 1239 1188 1276; x_wconf 89' lang='lat' dir='ltr'><strong>non</strong></span> 
     </span>
     <span class='ocr_line' id='line_1_11' title="bbox 101 1301 1186 1368; baseline 0.007 -17"><span class='ocrx_word' id='word_1_107' title='bbox 101 1301 186 1352; x_wconf 89' lang='lat' dir='ltr'><strong>modo</strong></span> <span class='ocrx_word' id='word_1_108' title='bbox 211 1303 297 1352; x_wconf 83' lang='lat' dir='ltr'><strong>omnia</strong></span> <span class='ocrx_word' id='word_1_109' title='bbox 319 1302 435 1362; x_wconf 79' lang='lat' dir='ltr'><strong>addidit,</strong></span> <span class='ocrx_word' id='word_1_110' title='bbox 461 1303 510 1352; x_wconf 87' lang='lat' dir='ltr'><strong>sed</strong></span> <span class='ocrx_word' id='word_1_111' title='bbox 533 1305 613 1353; x_wconf 88' lang='lat' dir='ltr'><strong>etiam</strong></span> <span class='ocrx_word' id='word_1_112' title='bbox 634 1303 769 1366; x_wconf 83' lang='lat' dir='ltr'><strong>particulis</strong></span> <span class='ocrx_word' id='word_1_113' title='bbox 786 1306 840 1354; x_wconf 85' lang='lat' dir='ltr'><strong>ium</strong></span> <span class='ocrx_word' id='word_1_114' title='bbox 856 1319 922 1356; x_wconf 83' lang='lat' dir='ltr'><strong>nrtnc</strong></span> <span class='ocrx_word' id='word_1_115' title='bbox 939 1319 999 1357; x_wconf 87' lang='lat' dir='ltr'><strong>eem</strong></span> <span class='ocrx_word' id='word_1_116' title='bbox 1016 1309 1071 1358; x_wconf 86' lang='lat' dir='ltr'><strong>vim</strong></span> <span class='ocrx_word' id='word_1_117' title='bbox 1088 1307 1186 1368; x_wconf 87' lang='lat' dir='ltr'><strong>tribuit,</strong></span> 
     </span>
     <span class='ocr_line' id='line_1_12' title="bbox 102 1384 1190 1455; baseline 0.006 -21"><span class='ocrx_word' id='word_1_118' title='bbox 102 1397 155 1448; x_wconf 83' lang='lat' dir='ltr'><strong>qun</strong></span> <span class='ocrx_word' id='word_1_119' title='bbox 174 1384 227 1434; x_wconf 90' lang='lat' dir='ltr'><strong>dici</strong></span> <span class='ocrx_word' id='word_1_120' title='bbox 242 1387 285 1434; x_wconf 83' lang='lat' dir='ltr'><strong>vix</strong></span> <span class='ocrx_word' id='word_1_121' title='bbox 302 1389 428 1449; x_wconf 88' lang='lat' dir='ltr'><strong>possunt,</strong></span> <span class='ocrx_word' id='word_1_122' title='bbox 456 1388 530 1435; x_wconf 90' lang='lat' dir='ltr'><strong>certe</strong></span> <span class='ocrx_word' id='word_1_123' title='bbox 547 1399 600 1436; x_wconf 94' lang='lat' dir='ltr'><strong>non</strong></span> <span class='ocrx_word' id='word_1_124' title='bbox 617 1384 713 1436; x_wconf 89' lang='lat' dir='ltr'><strong>solent.</strong></span> <span class='ocrx_word' id='word_1_125' title='bbox 741 1389 807 1438; x_wconf 86' lang='lat' dir='ltr'><strong>Nam</strong></span> <span class='ocrx_word' id='word_1_126' title='bbox 826 1387 897 1451; x_wconf 89' lang='lat' dir='ltr'><strong>qnod</strong></span> <span class='ocrx_word' id='word_1_127' title='bbox 915 1391 1036 1454; x_wconf 88' lang='lat' dir='ltr'><strong>Persius,</strong></span> <span class='ocrx_word' id='word_1_128' title='bbox 1055 1399 1190 1455; x_wconf 74' lang='lat' dir='ltr'><strong>perpetum</strong></span> 
     </span>
     <span class='ocr_line' id='line_1_13' title="bbox 100 1468 1189 1536; baseline 0.006 -18"><span class='ocrx_word' id='word_1_129' title='bbox 100 1469 202 1518; x_wconf 81' lang='lat' dir='ltr'><strong>Horatii</strong></span> <span class='ocrx_word' id='word_1_130' title='bbox 218 1470 345 1529; x_wconf 79' lang='lat' dir='ltr'><strong>imitator,</strong></span> <span class='ocrx_word' id='word_1_131' title='bbox 371 1468 457 1520; x_wconf 88' lang='lat' dir='ltr'><strong>semel</strong></span> <span class='ocrx_word' id='word_1_132' title='bbox 479 1471 513 1518; x_wconf 88' lang='lat' dir='ltr'><strong>ita</strong></span> <span class='ocrx_word' id='word_1_133' title='bbox 531 1470 607 1528; x_wconf 83' lang='lat' dir='ltr'><strong>dixit,</strong></span> <span class='ocrx_word' id='word_1_134' title='bbox 634 1469 718 1519; x_wconf 80' lang='lat' dir='ltr'><strong>videri</strong></span> <span class='ocrx_word' id='word_1_135' title='bbox 740 1475 829 1535; x_wconf 89' lang='lat' dir='ltr'><strong>potest</strong></span> <span class='ocrx_word' id='word_1_136' title='bbox 845 1473 896 1521; x_wconf 87' lang='lat' dir='ltr'><strong>hoc</strong></span> <span class='ocrx_word' id='word_1_137' title='bbox 913 1473 971 1536; x_wconf 91' lang='lat' dir='ltr'><strong>ipso</strong></span> <span class='ocrx_word' id='word_1_138' title='bbox 989 1473 1048 1524; x_wconf 91' lang='lat' dir='ltr'><strong>loco</strong></span> <span class='ocrx_word' id='word_1_139' title='bbox 1065 1476 1189 1526; x_wconf 87' lang='lat' dir='ltr'><strong>inductus</strong></span> 
     </span>
     <span class='ocr_line' id='line_1_14' title="bbox 102 1551 1188 1622; baseline 0.006 -20"><span class='ocrx_word' id='word_1_140' title='bbox 102 1565 164 1602; x_wconf 84' lang='lat' dir='ltr'><strong>esse</strong></span> <span class='ocrx_word' id='word_1_141' title='bbox 182 1553 208 1603; x_wconf 90' lang='lat' dir='ltr'><strong>in</strong></span> <span class='ocrx_word' id='word_1_142' title='bbox 226 1565 356 1603; x_wconf 87' lang='lat' dir='ltr'><strong>errorem.</strong></span> <span class='ocrx_word' id='word_1_143' title='bbox 389 1551 442 1602; x_wconf 83' lang='lat' dir='ltr'><strong>Sed</strong></span> <span class='ocrx_word' id='word_1_144' title='bbox 460 1553 512 1602; x_wconf 84' lang='lat' dir='ltr'><strong>hoe</strong></span> <span class='ocrx_word' id='word_1_145' title='bbox 528 1553 651 1615; x_wconf 86' lang='lat' dir='ltr'><strong>quidem,</strong></span> <span class='ocrx_word' id='word_1_146' title='bbox 674 1555 833 1618; x_wconf 85' lang='lat' dir='ltr'><strong>utquisque</strong></span> <span class='ocrx_word' id='word_1_147' title='bbox 851 1554 935 1614; x_wconf 84' lang='lat' dir='ltr'><strong>volet;</strong></span> <span class='ocrx_word' id='word_1_148' title='bbox 955 1555 1017 1622; x_wconf 85' lang='lat' dir='ltr'><strong>illud</strong></span> <span class='ocrx_word' id='word_1_149' title='bbox 1035 1561 1138 1608; x_wconf 86' lang='lat' dir='ltr'><strong>constet</strong></span> <span class='ocrx_word' id='word_1_150' title='bbox 1155 1560 1188 1609; x_wconf 87' lang='lat' dir='ltr'><strong>ed</strong></span> 
     </span>
     <span class='ocr_line' id='line_1_15' title="bbox 102 1634 1189 1692; baseline 0.008 -8"><span class='ocrx_word' id='word_1_151' title='bbox 102 1636 172 1684; x_wconf 83' lang='lat' dir='ltr'><strong>dicut</strong></span> <span class='ocrx_word' id='word_1_152' title='bbox 192 1649 226 1685; x_wconf 80' lang='lat' dir='ltr'><strong>ex</strong></span> <span class='ocrx_word' id='word_1_153' title='bbox 247 1634 330 1686; x_wconf 85' lang='lat' dir='ltr'><strong>altero</strong></span> <span class='ocrx_word' id='word_1_154' title='bbox 352 1636 477 1687; x_wconf 90' lang='lat' dir='ltr'><strong>membro</strong></span> <span class='ocrx_word' id='word_1_155' title='bbox 494 1636 650 1687; x_wconf 76' lang='lat' dir='ltr'><strong>addendum</strong></span> <span class='ocrx_word' id='word_1_156' title='bbox 667 1651 728 1687; x_wconf 88' lang='lat' dir='ltr'><strong>esse</strong></span> <span class='ocrx_word' id='word_1_157' title='bbox 746 1637 858 1687; x_wconf 67' lang='lat' dir='ltr'><strong>mbentiu</strong></span> <span class='ocrx_word' id='word_1_158' title='bbox 874 1639 932 1688; x_wconf 82' lang='lat' dir='ltr'><strong>dici.</strong></span> <span class='ocrx_word' id='word_1_159' title='bbox 961 1641 1016 1690; x_wconf 83' lang='lat' dir='ltr'><strong>lum</strong></span> <span class='ocrx_word' id='word_1_160' title='bbox 1033 1644 1123 1692; x_wconf 89' lang='lat' dir='ltr'><strong>antem</strong></span> <span class='ocrx_word' id='word_1_161' title='bbox 1141 1657 1189 1692; x_wconf 86' lang='lat' dir='ltr'><strong>eo-</strong></span> 
     </span>
     <span class='ocr_line' id='line_1_16' title="bbox 101 1719 1189 1784; baseline 0.007 -16"><span class='ocrx_word' id='word_1_162' title='bbox 101 1719 167 1769; x_wconf 90' lang='lat' dir='ltr'><strong>dem</strong></span> <span class='ocrx_word' id='word_1_163' title='bbox 185 1719 267 1769; x_wconf 90' lang='lat' dir='ltr'><strong>modo</strong></span> <span class='ocrx_word' id='word_1_164' title='bbox 284 1719 384 1771; x_wconf 86' lang='lat' dir='ltr'><strong>dietum</strong></span> <span class='ocrx_word' id='word_1_165' title='bbox 400 1721 480 1784; x_wconf 88' lang='lat' dir='ltr'><strong>puto,</strong></span> <span class='ocrx_word' id='word_1_166' title='bbox 499 1723 529 1769; x_wconf 92' lang='grc' dir='ltr'><strong>ιιι</strong></span> <span class='ocrx_word' id='word_1_167' title='bbox 545 1722 598 1769; x_wconf 91' lang='lat' dir='ltr'><strong>Sat.</strong></span> <span class='ocrx_word' id='word_1_168' title='bbox 616 1721 646 1781; x_wconf 69' lang='grc' dir='ltr'><strong>Ξ,</strong></span> <span class='ocrx_word' id='word_1_169' title='bbox 665 1722 694 1779; x_wconf 80' lang='lat'><strong>7,</strong></span> <span class='ocrx_word' id='word_1_170' title='bbox 713 1721 761 1771; x_wconf 75' lang='lat'><strong>20:</strong></span> <span class='ocrx_word' id='word_1_171' title='bbox 780 1723 828 1783; x_wconf 84' lang='lat' dir='ltr'><strong>Qui</strong></span> <span class='ocrx_word' id='word_1_172' title='bbox 844 1722 897 1771; x_wconf 85' lang='lat' dir='ltr'><strong>iam</strong></span> <span class='ocrx_word' id='word_1_173' title='bbox 912 1727 1039 1784; x_wconf 74' lang='lat' dir='ltr'><strong>contnuo,</strong></span> <span class='ocrx_word' id='word_1_174' title='bbox 1058 1725 1111 1774; x_wconf 85' lang='lat' dir='ltr'><strong>iam</strong></span> <span class='ocrx_word' id='word_1_175' title='bbox 1128 1727 1189 1776; x_wconf 83' lang='lat' dir='ltr'><strong>torro</strong></span> 
     </span>
     <span class='ocr_line' id='line_1_17' title="bbox 99 1801 1187 1869; baseline 0.009 -19"><span class='ocrx_word' id='word_1_176' title='bbox 99 1803 163 1863; x_wconf 71' lang='lat' dir='ltr'><strong>fune</strong></span> <span class='ocrx_word' id='word_1_177' title='bbox 178 1802 287 1852; x_wconf 75' lang='lat' dir='ltr'><strong>inierat</strong></span> <span class='ocrx_word' id='word_1_178' title='bbox 314 1802 380 1852; x_wconf 85' lang='lat' dir='ltr'><strong>lbid.</strong></span> <span class='ocrx_word' id='word_1_179' title='bbox 400 1815 425 1852; x_wconf 84' lang='lat' dir='ltr'><strong>v.</strong></span> <span class='ocrx_word' id='word_1_180' title='bbox 439 1801 501 1853; x_wconf 81' lang='lat' dir='ltr'><strong>tlt:</strong></span> <span class='ocrx_word' id='word_1_181' title='bbox 519 1805 574 1852; x_wconf 77' lang='lat' dir='ltr'><strong>loen</strong></span> <span class='ocrx_word' id='word_1_182' title='bbox 590 1805 650 1853; x_wconf 83' lang='lat' dir='ltr'><strong>eino</strong></span> <span class='ocrx_word' id='word_1_183' title='bbox 666 1817 801 1865; x_wconf 76' lang='lat' dir='ltr'><strong>quaerens,</strong></span> <span class='ocrx_word' id='word_1_184' title='bbox 819 1807 872 1855; x_wconf 83' lang='lat' dir='ltr'><strong>ium</strong></span> <span class='ocrx_word' id='word_1_185' title='bbox 888 1819 973 1856; x_wconf 83' lang='lat' dir='ltr'><strong>temno</strong></span> <span class='ocrx_word' id='word_1_186' title='bbox 989 1808 1077 1869; x_wconf 70' lang='lat' dir='ltr'><strong>sciere</strong></span> <span class='ocrx_word' id='word_1_187' title='bbox 1090 1823 1187 1860; x_wconf 63' lang='lat' dir='ltr'><strong>euram⁴</strong></span> 
     </span>
     <span class='ocr_line' id='line_1_18' title="bbox 101 1885 1189 1954; baseline 0.006 -18"><span class='ocrx_word' id='word_1_188' title='bbox 101 1887 243 1936; x_wconf 75' lang='lat' dir='ltr'><strong>Neminem</strong></span> <span class='ocrx_word' id='word_1_189' title='bbox 261 1886 314 1936; x_wconf 89' lang='lat' dir='ltr'><strong>iem</strong></span> <span class='ocrx_word' id='word_1_190' title='bbox 331 1885 450 1937; x_wconf 82' lang='lat' dir='ltr'><strong>tutorum</strong></span> <span class='ocrx_word' id='word_1_191' title='bbox 467 1899 527 1937; x_wconf 88' lang='lat' dir='ltr'><strong>esse</strong></span> <span class='ocrx_word' id='word_1_192' title='bbox 544 1900 638 1950; x_wconf 90' lang='lat' dir='ltr'><strong>spero,</strong></span> <span class='ocrx_word' id='word_1_193' title='bbox 665 1888 710 1950; x_wconf 86' lang='lat' dir='ltr'><strong>qni</strong></span> <span class='ocrx_word' id='word_1_194' title='bbox 730 1901 784 1938; x_wconf 93' lang='lat' dir='ltr'><strong>non</strong></span> <span class='ocrx_word' id='word_1_195' title='bbox 804 1888 855 1938; x_wconf 86' lang='lat' dir='ltr'><strong>sibi</strong></span> <span class='ocrx_word' id='word_1_196' title='bbox 871 1892 947 1952; x_wconf 86' lang='lat' dir='ltr'><strong>putei</strong></span> <span class='ocrx_word' id='word_1_197' title='bbox 963 1892 1189 1954; x_wconf 84' lang='lat' dir='ltr'><strong>acquiescendum</strong></span> 
     </span>
     <span class='ocr_line' id='line_1_19' title="bbox 104 1970 1190 2034; baseline 0.006 -15"><span class='ocrx_word' id='word_1_198' title='bbox 104 1972 131 2019; x_wconf 92' lang='lat' dir='ltr'><strong>in</strong></span> <span class='ocrx_word' id='word_1_199' title='bbox 149 1970 202 2020; x_wconf 84' lang='lat' dir='ltr'><strong>hec</strong></span> <span class='ocrx_word' id='word_1_200' title='bbox 219 1970 366 2019; x_wconf 87' lang='lat' dir='ltr'><strong>sententia:</strong></span> <span class='ocrx_word' id='word_1_201' title='bbox 394 1975 423 2019; x_wconf 87' lang='lat' dir='ltr'><strong>ut</strong></span> <span class='ocrx_word' id='word_1_202' title='bbox 437 1971 511 2019; x_wconf 83' lang='lat' dir='ltr'><strong>modo</strong></span> <span class='ocrx_word' id='word_1_203' title='bbox 527 1984 594 2019; x_wconf 73' lang='lat' dir='ltr'><strong>nme</strong></span> <span class='ocrx_word' id='word_1_204' title='bbox 610 1971 691 2031; x_wconf 84' lang='lat' dir='ltr'><strong>dieat,</strong></span> <span class='ocrx_word' id='word_1_205' title='bbox 710 1985 776 2032; x_wconf 83' lang='lat' dir='ltr'><strong>quae</strong></span> <span class='ocrx_word' id='word_1_206' title='bbox 792 1972 840 2021; x_wconf 87' lang='lat' dir='ltr'><strong>diei</strong></span> <span class='ocrx_word' id='word_1_207' title='bbox 857 1972 955 2034; x_wconf 76' lang='lat' dir='ltr'><strong>doben,</strong></span> <span class='ocrx_word' id='word_1_208' title='bbox 973 1975 1046 2023; x_wconf 86' lang='lat' dir='ltr'><strong>modo</strong></span> <span class='ocrx_word' id='word_1_209' title='bbox 1063 1989 1129 2026; x_wconf 84' lang='lat' dir='ltr'><strong>nunc</strong></span> <span class='ocrx_word' id='word_1_210' title='bbox 1146 1978 1190 2026; x_wconf 86' lang='lat' dir='ltr'><strong>de-</strong></span> 
     </span>
     <span class='ocr_line' id='line_1_20' title="bbox 101 2051 1190 2122; baseline 0.006 -20"><span class='ocrx_word' id='word_1_211' title='bbox 101 2053 187 2102; x_wconf 78' lang='lat' dir='ltr'><strong>bentia</strong></span> <span class='ocrx_word' id='word_1_212' title='bbox 203 2053 252 2102; x_wconf 82' lang='lat' dir='ltr'><strong>dici</strong></span> <span class='ocrx_word' id='word_1_213' title='bbox 269 2051 334 2115; x_wconf 83' lang='lat' dir='ltr'><strong>(wne</strong></span> <span class='ocrx_word' id='word_1_214' title='bbox 349 2055 394 2103; x_wconf 83' lang='lat' dir='ltr'><strong>der</strong></span> <span class='ocrx_word' id='word_1_215' title='bbox 409 2054 592 2118; x_wconf 66' lang='lat' dir='ltr'><strong>poeaitentiam</strong></span> <span class='ocrx_word' id='word_1_216' title='bbox 604 2055 726 2119; x_wconf 64' lang='lat' dir='ltr'><strong>Ortum</strong></span> <span class='ocrx_word' id='word_1_217' title='bbox 740 2056 876 2117; x_wconf 76' lang='lat' dir='ltr'><strong>naenjetzt</strong></span> <span class='ocrx_word' id='word_1_218' title='bbox 886 2057 999 2107; x_wconf 65' lang='lat' dir='ltr'><strong>hominen</strong></span> <span class='ocrx_word' id='word_1_219' title='bbox 1009 2059 1088 2122; x_wconf 73' lang='lat' dir='ltr'><strong>toute)</strong></span> <span class='ocrx_word' id='word_1_220' title='bbox 1102 2059 1190 2121; x_wconf 82' lang='lat' dir='ltr'><strong>pieru-</strong></span> 
     </span>
     <span class='ocr_line' id='line_1_21' title="bbox 100 2137 1190 2206; baseline 0.007 -21"><span class='ocrx_word' id='word_1_221' title='bbox 100 2151 151 2198; x_wconf 74' lang='lat' dir='ltr'><strong>eue</strong></span> <span class='ocrx_word' id='word_1_222' title='bbox 166 2137 293 2199; x_wconf 68' lang='lat' dir='ltr'><strong>differet.»</strong></span> <span class='ocrx_word' id='word_1_223' title='bbox 313 2137 429 2198; x_wconf 82' lang='lat' dir='ltr'><strong>llemsr.)</strong></span> <span class='ocrx_word' id='word_1_224' title='bbox 458 2138 531 2196; x_wconf 83' lang='lat' dir='ltr'><strong>Quae</strong></span> <span class='ocrx_word' id='word_1_225' title='bbox 549 2138 779 2200; x_wconf 84' lang='lat' dir='ltr'><strong>interpretationes</strong></span> <span class='ocrx_word' id='word_1_226' title='bbox 798 2141 912 2190; x_wconf 85' lang='lat' dir='ltr'><strong>maxime</strong></span> <span class='ocrx_word' id='word_1_227' title='bbox 930 2141 1055 2192; x_wconf 79' lang='lat' dir='ltr'><strong>differunt</strong></span> <span class='ocrx_word' id='word_1_228' title='bbox 1070 2144 1095 2192; x_wconf 94' lang='lat' dir='ltr'><strong>in</strong></span> <span class='ocrx_word' id='word_1_229' title='bbox 1108 2144 1190 2206; x_wconf 79' lang='lat' dir='ltr'><strong>signi-</strong></span> 
     </span>
     <span class='ocr_line' id='line_1_22' title="bbox 101 2219 1189 2288; baseline 0.005 -17"><span class='ocrx_word' id='word_1_230' title='bbox 101 2221 228 2271; x_wconf 80' lang='lat' dir='ltr'><strong>ficatione</strong></span> <span class='ocrx_word' id='word_1_231' title='bbox 243 2233 287 2268; x_wconf 84' lang='lat' dir='ltr'><strong>vv.</strong></span> <span class='ocrx_word' id='word_1_232' title='bbox 304 2220 358 2268; x_wconf 85' lang='lat' dir='ltr'><strong>ium</strong></span> <span class='ocrx_word' id='word_1_233' title='bbox 373 2233 440 2269; x_wconf 76' lang='lat' dir='ltr'><strong>neme</strong></span> <span class='ocrx_word' id='word_1_234' title='bbox 456 2219 649 2270; x_wconf 88' lang='lat' dir='ltr'><strong>constituenda.</strong></span> <span class='ocrx_word' id='word_1_235' title='bbox 679 2222 702 2284; x_wconf 83' lang='lat'><strong>3)</strong></span> <span class='ocrx_word' id='word_1_236' title='bbox 721 2220 770 2272; x_wconf 79' lang='lat' dir='ltr'><strong>niti</strong></span> <span class='ocrx_word' id='word_1_237' title='bbox 788 2222 813 2273; x_wconf 90' lang='lat' dir='ltr'><strong>h.</strong></span> <span class='ocrx_word' id='word_1_238' title='bbox 827 2223 844 2272; x_wconf 96' lang='lat' dir='ltr'><strong>l.</strong></span> <span class='ocrx_word' id='word_1_239' title='bbox 860 2222 1008 2288; x_wconf 84' lang='lat' dir='ltr'><strong>intelligunt</strong></span> <span class='ocrx_word' id='word_1_240' title='bbox 1025 2225 1074 2275; x_wconf 74' lang='lat' dir='ltr'><strong>ede</strong></span> <span class='ocrx_word' id='word_1_241' title='bbox 1092 2227 1189 2277; x_wconf 80' lang='lat' dir='ltr'><strong>virtute</strong></span> 
     </span>
     <span class='ocr_line' id='line_1_23' title="bbox 100 2303 1189 2372; baseline 0.006 -18"><span class='ocrx_word' id='word_1_242' title='bbox 100 2303 218 2365; x_wconf 83' lang='lat' dir='ltr'><strong>ordinis,</strong></span> <span class='ocrx_word' id='word_1_243' title='bbox 245 2316 298 2367; x_wconf 85' lang='lat' dir='ltr'><strong>qna</strong></span> <span class='ocrx_word' id='word_1_244' title='bbox 319 2304 408 2353; x_wconf 84' lang='lat' dir='ltr'><strong>stetim</strong></span> <span class='ocrx_word' id='word_1_245' title='bbox 431 2303 457 2352; x_wconf 92' lang='lat' dir='ltr'><strong>in</strong></span> <span class='ocrx_word' id='word_1_246' title='bbox 474 2304 584 2354; x_wconf 79' lang='lat' dir='ltr'><strong>exordio</strong></span> <span class='ocrx_word' id='word_1_247' title='bbox 602 2305 726 2355; x_wconf 81' lang='lat' dir='ltr'><strong>carminis</strong></span> <span class='ocrx_word' id='word_1_248' title='bbox 744 2308 822 2370; x_wconf 82' lang='lat' dir='ltr'><strong>poeta</strong></span> <span class='ocrx_word' id='word_1_249' title='bbox 840 2309 915 2370; x_wconf 83' lang='lat' dir='ltr'><strong>quasi</strong></span> <span class='ocrx_word' id='word_1_250' title='bbox 932 2311 1112 2372; x_wconf 84' lang='lat' dir='ltr'><strong>spectatorem</strong></span> <span class='ocrx_word' id='word_1_251' title='bbox 1129 2310 1189 2360; x_wconf 91' lang='lat' dir='ltr'><strong>lecti</strong></span> 
     </span>
     <span class='ocr_line' id='line_1_24' title="bbox 101 2386 1189 2456; baseline 0.006 -20"><span class='ocrx_word' id='word_1_252' title='bbox 101 2386 257 2448; x_wconf 88' lang='lat' dir='ltr'><strong>cuiusdam,</strong></span> <span class='ocrx_word' id='word_1_253' title='bbox 284 2387 311 2436; x_wconf 92' lang='lat' dir='ltr'><strong>in</strong></span> <span class='ocrx_word' id='word_1_254' title='bbox 337 2386 408 2448; x_wconf 86' lang='lat' dir='ltr'><strong>quod</strong></span> <span class='ocrx_word' id='word_1_255' title='bbox 430 2386 550 2437; x_wconf 89' lang='lat' dir='ltr'><strong>medium</strong></span> <span class='ocrx_word' id='word_1_256' title='bbox 567 2387 680 2448; x_wconf 88' lang='lat' dir='ltr'><strong>incidat,</strong></span> <span class='ocrx_word' id='word_1_257' title='bbox 707 2387 836 2440; x_wconf 87' lang='lat' dir='ltr'><strong>lectorem</strong></span> <span class='ocrx_word' id='word_1_258' title='bbox 854 2391 880 2439; x_wconf 93' lang='lat' dir='ltr'><strong>in</strong></span> <span class='ocrx_word' id='word_1_259' title='bbox 898 2391 1061 2442; x_wconf 85' lang='lat' dir='ltr'><strong>medioeres</strong></span> <span class='ocrx_word' id='word_1_260' title='bbox 1078 2395 1189 2456; x_wconf 77' lang='lat' dir='ltr'><strong>rapiet.»</strong></span> 
     </span>
     <span class='ocr_line' id='line_1_25' title="bbox 102 2469 1190 2538; baseline 0.007 -20"><span class='ocrx_word' id='word_1_261' title='bbox 102 2470 156 2519; x_wconf 90' lang='lat' dir='ltr'><strong>Sed</strong></span> <span class='ocrx_word' id='word_1_262' title='bbox 175 2470 209 2520; x_wconf 92' lang='lat' dir='ltr'><strong>de</strong></span> <span class='ocrx_word' id='word_1_263' title='bbox 226 2471 278 2519; x_wconf 85' lang='lat' dir='ltr'><strong>hac</strong></span> <span class='ocrx_word' id='word_1_264' title='bbox 294 2471 390 2520; x_wconf 86' lang='lat' dir='ltr'><strong>virtute</strong></span> <span class='ocrx_word' id='word_1_265' title='bbox 408 2470 530 2520; x_wconf 89' lang='lat' dir='ltr'><strong>lloratius</strong></span> <span class='ocrx_word' id='word_1_266' title='bbox 548 2469 598 2520; x_wconf 91' lang='lat' dir='ltr'><strong>alio</strong></span> <span class='ocrx_word' id='word_1_267' title='bbox 615 2470 674 2520; x_wconf 89' lang='lat' dir='ltr'><strong>loco</strong></span> <span class='ocrx_word' id='word_1_268' title='bbox 691 2486 717 2521; x_wconf 84' lang='lat' dir='ltr'><strong>v.</strong></span> <span class='ocrx_word' id='word_1_269' title='bbox 737 2471 785 2522; x_wconf 81' lang='lat' dir='ltr'><strong>tte</strong></span> <span class='ocrx_word' id='word_1_270' title='bbox 802 2485 861 2536; x_wconf 85' lang='lat' dir='ltr'><strong>sqq.</strong></span> <span class='ocrx_word' id='word_1_271' title='bbox 881 2475 1016 2538; x_wconf 85' lang='lat' dir='ltr'><strong>praecipit.</strong></span> <span class='ocrx_word' id='word_1_272' title='bbox 1056 2475 1094 2525; x_wconf 87' lang='lat' dir='ltr'><strong>Ct.</strong></span> <span class='ocrx_word' id='word_1_273' title='bbox 1114 2477 1190 2526; x_wconf 86' lang='lat' dir='ltr'><strong>Schi-</strong></span> 
     </span>
     <span class='ocr_line' id='line_1_26' title="bbox 102 2551 1190 2623; baseline 0.006 -21"><span class='ocrx_word' id='word_1_274' title='bbox 102 2554 170 2603; x_wconf 88' lang='lat' dir='ltr'><strong>rach</strong></span> <span class='ocrx_word' id='word_1_275' title='bbox 188 2551 260 2603; x_wconf 81' lang='lat' dir='ltr'><strong>Clar.</strong></span> <span class='ocrx_word' id='word_1_276' title='bbox 278 2565 305 2616; x_wconf 92' lang='lat' dir='ltr'><strong>p.</strong></span> <span class='ocrx_word' id='word_1_277' title='bbox 323 2554 380 2603; x_wconf 74' lang='lat'><strong>289.</strong></span> <span class='ocrx_word' id='word_1_278' title='bbox 399 2554 473 2602; x_wconf 89' lang='lat' dir='ltr'><strong>recte</strong></span> <span class='ocrx_word' id='word_1_279' title='bbox 491 2553 525 2603; x_wconf 90' lang='lat' dir='ltr'><strong>de</strong></span> <span class='ocrx_word' id='word_1_280' title='bbox 543 2554 568 2602; x_wconf 87' lang='lat' dir='ltr'><strong>tr.</strong></span> <span class='ocrx_word' id='word_1_281' title='bbox 586 2553 602 2603; x_wconf 95' lang='lat' dir='ltr'><strong>l.</strong></span> <span class='ocrx_word' id='word_1_282' title='bbox 622 2554 809 2617; x_wconf 85' lang='lat' dir='ltr'><strong>disputantem.</strong></span> <span class='ocrx_word' id='word_1_283' title='bbox 832 2583 857 2592; x_wconf 97' lang='lat'>-</span> <span class='ocrx_word' id='word_1_284' title='bbox 880 2557 908 2606; x_wconf 93' lang='lat' dir='ltr'><strong>V.</strong></span> <span class='ocrx_word' id='word_1_285' title='bbox 928 2559 1028 2618; x_wconf 75' lang='lat' dir='ltr'><strong>differat</strong></span> <span class='ocrx_word' id='word_1_286' title='bbox 1045 2557 1088 2606; x_wconf 85' lang='lat' dir='ltr'><strong>elii</strong></span> <span class='ocrx_word' id='word_1_287' title='bbox 1106 2558 1190 2623; x_wconf 76' lang='lat' dir='ltr'><strong>expli-</strong></span> 
     </span>
     <span class='ocr_line' id='line_1_27' title="bbox 102 2637 1189 2702; baseline 0.006 -16"><span class='ocrx_word' id='word_1_288' title='bbox 102 2640 167 2686; x_wconf 85' lang='lat' dir='ltr'><strong>cent</strong></span> <span class='ocrx_word' id='word_1_289' title='bbox 183 2637 316 2698; x_wconf 69' lang='lat' dir='ltr'><strong>dispenset,</strong></span> <span class='ocrx_word' id='word_1_290' title='bbox 335 2637 478 2698; x_wconf 78' lang='lat' dir='ltr'><strong>dispertiat,</strong></span> <span class='ocrx_word' id='word_1_291' title='bbox 496 2650 540 2685; x_wconf 80' lang='lat' dir='ltr'><strong>w.</strong></span> <span class='ocrx_word' id='word_1_292' title='bbox 555 2651 676 2698; x_wconf 68' lang='lat' dir='ltr'><strong>prum</strong></span> <span class='ocrx_word' id='word_1_293' title='bbox 691 2639 719 2686; x_wconf 81' lang='lat' dir='ltr'><strong>in</strong></span> <span class='ocrx_word' id='word_1_294' title='bbox 729 2642 824 2699; x_wconf 84' lang='lat' dir='ltr'><strong>tempus</strong></span> <span class='ocrx_word' id='word_1_295' title='bbox 835 2637 877 2688; x_wconf 86' lang='lat' dir='ltr'><strong>vel</strong></span> <span class='ocrx_word' id='word_1_296' title='bbox 891 2640 931 2687; x_wconf 78' lang='lat' dir='ltr'><strong>rin</strong></span> <span class='ocrx_word' id='word_1_297' title='bbox 944 2641 1050 2702; x_wconf 88' lang='lat' dir='ltr'><strong>tempus</strong></span> <span class='ocrx_word' id='word_1_298' title='bbox 1062 2639 1189 2692; x_wconf 91' lang='lat' dir='ltr'><strong>idoneum</strong></span> 
     </span>
     <span class='ocr_line' id='line_1_28' title="bbox 101 2715 1190 2785; baseline 0.004 -15"><span class='ocrx_word' id='word_1_299' title='bbox 101 2725 186 2784; x_wconf 88' lang='lat' dir='ltr'><strong>atque</strong></span> <span class='ocrx_word' id='word_1_300' title='bbox 203 2722 287 2783; x_wconf 77' lang='lat' dir='ltr'><strong>magis</strong></span> <span class='ocrx_word' id='word_1_301' title='bbox 306 2722 517 2785; x_wconf 64' lang='lat' dir='ltr'><strong>opportunum»</strong></span> <span class='ocrx_word' id='word_1_302' title='bbox 534 2719 577 2769; x_wconf 89' lang='lat' dir='ltr'><strong>vel</strong></span> <span class='ocrx_word' id='word_1_303' title='bbox 595 2722 637 2770; x_wconf 81' lang='lat' dir='ltr'><strong>«in</strong></span> <span class='ocrx_word' id='word_1_304' title='bbox 655 2723 775 2784; x_wconf 82' lang='lat' dir='ltr'><strong>tempus,</strong></span> <span class='ocrx_word' id='word_1_305' title='bbox 794 2734 848 2784; x_wconf 89' lang='lat' dir='ltr'><strong>quo</strong></span> <span class='ocrx_word' id='word_1_306' title='bbox 859 2719 943 2772; x_wconf 90' lang='lat' dir='ltr'><strong>lector</strong></span> <span class='ocrx_word' id='word_1_307' title='bbox 955 2715 971 2770; x_wconf 85' lang='grc' dir='ltr'>ὁ</span> <span class='ocrx_word' id='word_1_308' title='bbox 984 2719 1125 2782; x_wconf 78' lang='grc' dir='ltr'><strong>ἐπιτυχὼν</strong></span> <span class='ocrx_word' id='word_1_309' title='bbox 1137 2724 1190 2774; x_wconf 91' lang='lat' dir='ltr'><strong>hoc</strong></span> 
     </span>
     <span class='ocr_line' id='line_1_29' title="bbox 101 2803 1188 2869; baseline 0.003 -15"><span class='ocrx_word' id='word_1_310' title='bbox 101 2807 192 2868; x_wconf 87' lang='lat' dir='ltr'><strong>ipsum</strong></span> <span class='ocrx_word' id='word_1_311' title='bbox 210 2805 383 2867; x_wconf 71' lang='lat' dir='ltr'><strong>exspectettn</strong></span> <span class='ocrx_word' id='word_1_312' title='bbox 410 2815 478 2866; x_wconf 91' lang='lat' dir='ltr'><strong>quae</strong></span> <span class='ocrx_word' id='word_1_313' title='bbox 501 2805 589 2853; x_wconf 90' lang='lat' dir='ltr'><strong>omnia</strong></span> <span class='ocrx_word' id='word_1_314' title='bbox 608 2804 715 2854; x_wconf 80' lang='lat' dir='ltr'><strong>Latione</strong></span> <span class='ocrx_word' id='word_1_315' title='bbox 734 2803 919 2854; x_wconf 90' lang='lat' dir='ltr'><strong>consuetudini</strong></span> <span class='ocrx_word' id='word_1_316' title='bbox 936 2808 1099 2869; x_wconf 79' lang='lat' dir='ltr'><strong>repugnent;</strong></span> <span class='ocrx_word' id='word_1_317' title='bbox 1127 2819 1188 2857; x_wconf 88' lang='lat' dir='ltr'><strong>nem</strong></span> 
     </span>
     <span class='ocr_line' id='line_1_30' title="bbox 101 2885 1189 2955; baseline 0.002 -17"><span class='ocrx_word' id='word_1_318' title='bbox 101 2889 203 2939; x_wconf 83' lang='lat' dir='ltr'><strong>lloretii</strong></span> <span class='ocrx_word' id='word_1_319' title='bbox 224 2885 352 2950; x_wconf 80' lang='lat' dir='ltr'><strong>aequales</strong></span> <span class='ocrx_word' id='word_1_320' title='bbox 373 2885 450 2937; x_wconf 90' lang='lat' dir='ltr'><strong>aliter</strong></span> <span class='ocrx_word' id='word_1_321' title='bbox 465 2885 611 2950; x_wconf 82' lang='lat' dir='ltr'><strong>intelligere</strong></span> <span class='ocrx_word' id='word_1_322' title='bbox 629 2900 682 2938; x_wconf 91' lang='lat' dir='ltr'><strong>non</strong></span> <span class='ocrx_word' id='word_1_323' title='bbox 705 2889 829 2951; x_wconf 89' lang='lat' dir='ltr'><strong>poterant</strong></span> <span class='ocrx_word' id='word_1_324' title='bbox 846 2899 941 2951; x_wconf 88' lang='lat' dir='ltr'><strong>quem,</strong></span> <span class='ocrx_word' id='word_1_325' title='bbox 968 2888 1040 2952; x_wconf 90' lang='lat' dir='ltr'><strong>quod</strong></span> <span class='ocrx_word' id='word_1_326' title='bbox 1057 2903 1189 2955; x_wconf 85' lang='lat' dir='ltr'><strong>persaepe</strong></span> 
     </span>
     <span class='ocr_line' id='line_1_31' title="bbox 102 2967 1185 3042; baseline 0.003 -21"><span class='ocrx_word' id='word_1_327' title='bbox 102 2971 250 3035; x_wconf 86' lang='lat' dir='ltr'><strong>reperitur,</strong></span> <span class='ocrx_word' id='word_1_328' title='bbox 276 2971 305 3020; x_wconf 81' lang='lat' dir='ltr'><strong>in</strong></span> <span class='ocrx_word' id='word_1_329' title='bbox 318 2983 451 3032; x_wconf 66' lang='lat' dir='ltr'><strong>maerent,</strong></span> <span class='ocrx_word' id='word_1_330' title='bbox 478 2971 512 3020; x_wconf 83' lang='lat' dir='ltr'><strong>ud</strong></span> <span class='ocrx_word' id='word_1_331' title='bbox 529 2983 650 3032; x_wconf 74' lang='lat' dir='ltr'><strong>praetem</strong></span> <span class='ocrx_word' id='word_1_332' title='bbox 675 2969 727 3033; x_wconf 73' lang='grc' dir='ltr'><strong>(εἰς</strong></span> <span class='ocrx_word' id='word_1_333' title='bbox 748 2967 782 3021; x_wconf 80' lang='grc' dir='ltr'><strong>τὸ</strong></span> <span class='ocrx_word' id='word_1_334' title='bbox 804 2967 911 3042; x_wconf 77' lang='grc' dir='ltr'><strong><em>παρόν,</em></strong></span> <span class='ocrx_word' id='word_1_335' title='bbox 934 2985 990 3021; x_wconf 85' lang='lat' dir='ltr'><strong>eor</strong></span> <span class='ocrx_word' id='word_1_336' title='bbox 1007 2973 1060 3022; x_wconf 86' lang='lat' dir='ltr'><strong>der</strong></span> <span class='ocrx_word' id='word_1_337' title='bbox 1076 2973 1185 3037; x_wconf 81' lang='lat' dir='ltr'><strong>Hand).</strong></span> 
     </span>
     <span class='ocr_line' id='line_1_32' title="bbox 102 3053 1245 3122; baseline 0 -16"><span class='ocrx_word' id='word_1_338' title='bbox 102 3055 144 3106; x_wconf 81' lang='lat' dir='ltr'><strong>ct.</strong></span> <span class='ocrx_word' id='word_1_339' title='bbox 157 3053 320 3104; x_wconf 83' lang='lat' dir='ltr'><strong>llendl&#39;urs.</strong></span> <span class='ocrx_word' id='word_1_340' title='bbox 333 3055 375 3103; x_wconf 91' lang='lat' dir='ltr'><strong>ill.</strong></span> <span class='ocrx_word' id='word_1_341' title='bbox 394 3067 422 3118; x_wconf 87' lang='lat' dir='ltr'><strong>p.</strong></span> <span class='ocrx_word' id='word_1_342' title='bbox 435 3053 484 3104; x_wconf 82' lang='grc'><strong>336</strong></span> <span class='ocrx_word' id='word_1_343' title='bbox 495 3064 536 3117; x_wconf 75' lang='lat' dir='ltr'><strong>sq.</strong></span> <span class='ocrx_word' id='word_1_344' title='bbox 553 3081 579 3090; x_wconf 92' lang='lat'><em>-</em></span> <span class='ocrx_word' id='word_1_345' title='bbox 599 3056 680 3104; x_wconf 84' lang='lat' dir='ltr'><strong>Porro</strong></span> <span class='ocrx_word' id='word_1_346' title='bbox 695 3056 846 3117; x_wconf 77' lang='lat' dir='ltr'><strong>promissum</strong></span> <span class='ocrx_word' id='word_1_347' title='bbox 862 3069 964 3106; x_wconf 77' lang='lat' dir='ltr'><strong>cannen</strong></span> <span class='ocrx_word' id='word_1_348' title='bbox 981 3054 1023 3106; x_wconf 89' lang='lat' dir='ltr'><strong>elii</strong></span> <span class='ocrx_word' id='word_1_349' title='bbox 1041 3055 1187 3122; x_wconf 83' lang='lat' dir='ltr'><strong>explicent:</strong></span> <span class='ocrx_word' id='word_1_350' title='bbox 1242 3069 1245 3074; x_wconf 92' lang='lat'>·</span> 
     </span>
     <span class='ocr_line' id='line_1_33' title="bbox 103 3135 1190 3204; baseline 0.002 -15"><span class='ocrx_word' id='word_1_351' title='bbox 103 3141 127 3201; x_wconf 79' lang='lat' dir='ltr'><strong>tl</strong></span> <span class='ocrx_word' id='word_1_352' title='bbox 154 3135 350 3201; x_wconf 76' lang='lat' dir='ltr'><strong>«perlongum,</strong></span> <span class='ocrx_word' id='word_1_353' title='bbox 373 3138 463 3200; x_wconf 78' lang='lat' dir='ltr'><strong>magni</strong></span> <span class='ocrx_word' id='word_1_354' title='bbox 488 3135 605 3187; x_wconf 89' lang='lat' dir='ltr'><strong>embitns</strong></span> <span class='ocrx_word' id='word_1_355' title='bbox 631 3139 658 3187; x_wconf 88' lang='lat' dir='ltr'><strong>et</strong></span> <span class='ocrx_word' id='word_1_356' title='bbox 680 3140 839 3200; x_wconf 75' lang='lat' dir='ltr'><strong>momenti‚n</strong></span> <span class='ocrx_word' id='word_1_357' title='bbox 865 3138 984 3203; x_wconf 80' lang='lat' dir='ltr'><strong>analogia</strong></span> <span class='ocrx_word' id='word_1_358' title='bbox 1010 3140 1104 3192; x_wconf 80' lang='lat' dir='ltr'><strong>bertar</strong></span> <span class='ocrx_word' id='word_1_359' title='bbox 1125 3155 1190 3204; x_wconf 86' lang='lat' dir='ltr'><strong>pro-</strong></span> 
     </span>
     <span class='ocr_line' id='line_1_34' title="bbox 102 3220 1189 3289; baseline 0.002 -17"><span class='ocrx_word' id='word_1_360' title='bbox 102 3224 209 3281; x_wconf 73' lang='lat' dir='ltr'><strong>missor,</strong></span> <span class='ocrx_word' id='word_1_361' title='bbox 234 3221 312 3270; x_wconf 68' lang='lat' dir='ltr'><strong>cristis</strong></span> <span class='ocrx_word' id='word_1_362' title='bbox 333 3221 452 3282; x_wconf 77' lang='lat' dir='ltr'><strong>proruisti</strong></span> <span class='ocrx_word' id='word_1_363' title='bbox 476 3220 636 3282; x_wconf 84' lang='lat' dir='ltr'><strong>abutentes,</strong></span> <span class='ocrx_word' id='word_1_364' title='bbox 662 3235 732 3285; x_wconf 89' lang='lat' dir='ltr'><strong>qnos</strong></span> <span class='ocrx_word' id='word_1_365' title='bbox 756 3222 825 3273; x_wconf 89' lang='lat' dir='ltr'><strong>salse</strong></span> <span class='ocrx_word' id='word_1_366' title='bbox 851 3223 958 3274; x_wconf 90' lang='lat' dir='ltr'><strong>deridet</strong></span> <span class='ocrx_word' id='word_1_367' title='bbox 981 3223 1092 3275; x_wconf 85' lang='lat' dir='ltr'><strong>Wotllns</strong></span> <span class='ocrx_word' id='word_1_368' title='bbox 1118 3224 1189 3289; x_wconf 87' lang='lat' dir='ltr'><strong>epnd</strong></span> 
     </span>
     <span class='ocr_line' id='line_1_35' title="bbox 102 3302 1187 3370; baseline 0 -14"><span class='ocrx_word' id='word_1_369' title='bbox 102 3304 256 3356; x_wconf 86' lang='lat' dir='ltr'><strong>Schellium.</strong></span> <span class='ocrx_word' id='word_1_370' title='bbox 285 3306 309 3365; x_wconf 64' lang='grc' dir='ltr'>ι)</span> <span class='ocrx_word' id='word_1_371' title='bbox 328 3305 514 3368; x_wconf 67' lang='lat' dir='ltr'><strong>«inceptum»</strong></span> <span class='ocrx_word' id='word_1_372' title='bbox 539 3302 703 3368; x_wconf 89' lang='lat' dir='ltr'><strong>simpliciter.</strong></span> <span class='ocrx_word' id='word_1_373' title='bbox 734 3305 757 3366; x_wconf 80' lang='grc'><strong>3)</strong></span> <span class='ocrx_word' id='word_1_374' title='bbox 776 3307 860 3356; x_wconf 80' lang='lat' dir='ltr'><strong>«Cum</strong></span> <span class='ocrx_word' id='word_1_375' title='bbox 877 3309 973 3369; x_wconf 90' lang='lat' dir='ltr'><strong>cuique</strong></span> <span class='ocrx_word' id='word_1_376' title='bbox 990 3308 1079 3370; x_wconf 78' lang='lat' dir='ltr'><strong>poesis</strong></span> <span class='ocrx_word' id='word_1_377' title='bbox 1096 3309 1187 3369; x_wconf 84' lang='lat' dir='ltr'><strong>generi</strong></span> 
     </span>
     <span class='ocr_line' id='line_1_36' title="bbox 100 3386 1188 3453; baseline -0.003 -12"><span class='ocrx_word' id='word_1_378' title='bbox 100 3403 152 3442; x_wconf 82' lang='lat' dir='ltr'><strong>sne</strong></span> <span class='ocrx_word' id='word_1_379' title='bbox 170 3390 277 3438; x_wconf 88' lang='lat' dir='ltr'><strong>constet</strong></span> <span class='ocrx_word' id='word_1_380' title='bbox 293 3389 372 3448; x_wconf 89' lang='lat' dir='ltr'><strong>ratio,</strong></span> <span class='ocrx_word' id='word_1_381' title='bbox 395 3390 475 3452; x_wconf 75' lang='lat' dir='ltr'><strong>poete</strong></span> <span class='ocrx_word' id='word_1_382' title='bbox 497 3401 606 3439; x_wconf 77' lang='lat' dir='ltr'><strong>carmen</strong></span> <span class='ocrx_word' id='word_1_383' title='bbox 628 3386 782 3438; x_wconf 88' lang='lat' dir='ltr'><strong>conditurus</strong></span> <span class='ocrx_word' id='word_1_384' title='bbox 806 3391 879 3438; x_wconf 86' lang='lat' dir='ltr'><strong>cerlo</strong></span> <span class='ocrx_word' id='word_1_385' title='bbox 897 3389 973 3439; x_wconf 90' lang='lat' dir='ltr'><strong>alicui</strong></span> <span class='ocrx_word' id='word_1_386' title='bbox 990 3390 1079 3453; x_wconf 76' lang='lat' dir='ltr'><strong>poesis</strong></span> <span class='ocrx_word' id='word_1_387' title='bbox 1097 3392 1188 3452; x_wconf 81' lang='lat' dir='ltr'><strong>generi</strong></span> 
     </span>
     <span class='ocr_line' id='line_1_37' title="bbox 100 3470 1187 3538; baseline -0.002 -14"><span class='ocrx_word' id='word_1_388' title='bbox 100 3475 161 3538; x_wconf 78' lang='lat' dir='ltr'><strong>lege</strong></span> <span class='ocrx_word' id='word_1_389' title='bbox 184 3472 342 3522; x_wconf 86' lang='lat' dir='ltr'><strong>adstrictum</strong></span> <span class='ocrx_word' id='word_1_390' title='bbox 367 3470 480 3535; x_wconf 84' lang='lat' dir='ltr'><strong>(alioqui</strong></span> <span class='ocrx_word' id='word_1_391' title='bbox 503 3485 557 3522; x_wconf 93' lang='lat' dir='ltr'><strong>non</strong></span> <span class='ocrx_word' id='word_1_392' title='bbox 578 3471 657 3522; x_wconf 90' lang='lat' dir='ltr'><strong>luerit</strong></span> <span class='ocrx_word' id='word_1_393' title='bbox 677 3473 781 3534; x_wconf 77' lang='lat' dir='ltr'><strong>poema)</strong></span> <span class='ocrx_word' id='word_1_394' title='bbox 806 3472 936 3535; x_wconf 85' lang='lat' dir='ltr'><strong>promissa</strong></span> <span class='ocrx_word' id='word_1_395' title='bbox 962 3471 1050 3522; x_wconf 86' lang='lat' dir='ltr'><strong>lacere</strong></span> <span class='ocrx_word' id='word_1_396' title='bbox 1068 3472 1187 3532; x_wconf 88' lang='lat' dir='ltr'><strong>videtur,</strong></span> 
     </span>
     <span class='ocr_line' id='line_1_38' title="bbox 101 3554 1190 3622; baseline -0.004 -14"><span class='ocrx_word' id='word_1_397' title='bbox 101 3557 217 3622; x_wconf 83' lang='lat' dir='ltr'><strong>quibus,</strong></span> <span class='ocrx_word' id='word_1_398' title='bbox 237 3557 259 3606; x_wconf 92' lang='lat' dir='ltr'><strong>si</strong></span> <span class='ocrx_word' id='word_1_399' title='bbox 276 3554 423 3619; x_wconf 79' lang='lat' dir='ltr'><strong>legitimum</strong></span> <span class='ocrx_word' id='word_1_400' title='bbox 441 3556 590 3606; x_wconf 87' lang='lat' dir='ltr'><strong>condiderit</strong></span> <span class='ocrx_word' id='word_1_401' title='bbox 606 3560 717 3620; x_wconf 79' lang='lat' dir='ltr'><strong>poema,</strong></span> <span class='ocrx_word' id='word_1_402' title='bbox 736 3557 839 3605; x_wconf 89' lang='lat' dir='ltr'><strong>tantum</strong></span> <span class='ocrx_word' id='word_1_403' title='bbox 855 3554 944 3616; x_wconf 87' lang='lat' dir='ltr'><strong>abest,</strong></span> <span class='ocrx_word' id='word_1_404' title='bbox 962 3559 993 3605; x_wconf 91' lang='lat' dir='ltr'><strong>ut</strong></span> <span class='ocrx_word' id='word_1_405' title='bbox 1004 3555 1141 3617; x_wconf 83' lang='lat' dir='ltr'><strong>exciderit,</strong></span> <span class='ocrx_word' id='word_1_406' title='bbox 1160 3557 1190 3605; x_wconf 89' lang='lat' dir='ltr'><strong>ut</strong></span> 
     </span>
     <span class='ocr_line' id='line_1_39' title="bbox 100 3636 1187 3704; baseline -0.004 -12"><span class='ocrx_word' id='word_1_407' title='bbox 100 3641 137 3692; x_wconf 89' lang='lat' dir='ltr'><strong>ab</strong></span> <span class='ocrx_word' id='word_1_408' title='bbox 156 3637 394 3702; x_wconf 77' lang='lat' dir='ltr'><strong>intelligentissimo</strong></span> <span class='ocrx_word' id='word_1_409' title='bbox 412 3651 519 3703; x_wconf 83' lang='lat' dir='ltr'><strong>quoque</strong></span> <span class='ocrx_word' id='word_1_410' title='bbox 536 3640 675 3704; x_wconf 87' lang='lat' dir='ltr'><strong>promissis</strong></span> <span class='ocrx_word' id='word_1_411' title='bbox 692 3639 798 3688; x_wconf 79' lang='lat' dir='ltr'><strong>stetisse</strong></span> <span class='ocrx_word' id='word_1_412' title='bbox 816 3636 936 3702; x_wconf 79' lang='lat' dir='ltr'><strong>(exlege)</strong></span> <span class='ocrx_word' id='word_1_413' title='bbox 955 3637 1111 3690; x_wconf 88' lang='lat' dir='ltr'><strong>iudicandus</strong></span> <span class='ocrx_word' id='word_1_414' title='bbox 1129 3640 1187 3690; x_wconf 73' lang='lat' dir='ltr'><strong>sit.-</strong></span> 
     </span>
     <span class='ocr_line' id='line_1_40' title="bbox 101 3723 1188 3785; baseline -0.006 -11"><span class='ocrx_word' id='word_1_415' title='bbox 101 3727 229 3774; x_wconf 79' lang='lat' dir='ltr'><strong>Scnnnce.</strong></span> <span class='ocrx_word' id='word_1_416' title='bbox 266 3723 295 3784; x_wconf 81' lang='lat' dir='ltr'><strong>tl</strong></span> <span class='ocrx_word' id='word_1_417' title='bbox 322 3723 488 3773; x_wconf 76' lang='lat' dir='ltr'><strong>«Promittere</strong></span> <span class='ocrx_word' id='word_1_418' title='bbox 514 3723 586 3773; x_wconf 90' lang='lat' dir='ltr'><strong>idem</strong></span> <span class='ocrx_word' id='word_1_419' title='bbox 615 3725 657 3773; x_wconf 86' lang='lat' dir='ltr'><strong>est</strong></span> <span class='ocrx_word' id='word_1_420' title='bbox 681 3725 761 3785; x_wconf 86' lang='lat' dir='ltr'><strong>atque</strong></span> <span class='ocrx_word' id='word_1_421' title='bbox 785 3725 908 3785; x_wconf 86' lang='lat' dir='ltr'><strong>prodere,</strong></span> <span class='ocrx_word' id='word_1_422' title='bbox 935 3723 1057 3784; x_wconf 70' lang='lat' dir='ltr'><strong>remittere,</strong></span> <span class='ocrx_word' id='word_1_423' title='bbox 1085 3723 1188 3772; x_wconf 75' lang='lat' dir='ltr'><strong>edere.»</strong></span> 
     </span>
     <span class='ocr_line' id='line_1_41' title="bbox 101 3809 254 3859; baseline -0.033 0"><span class='ocrx_word' id='word_1_424' title='bbox 101 3809 254 3859; x_wconf 81' lang='lat' dir='ltr'><strong>llocnanen.</strong></span> 
     </span>
    </p>

    <p class='ocr_par' dir='ltr' id='par_1_3' title="bbox 100 3889 1194 4287">
     <span class='ocr_line' id='line_1_42' title="bbox 170 3889 1194 3956; baseline -0.003 -16"><span class='ocrx_word' id='word_1_425' title='bbox 170 3891 241 3940; x_wconf 88' lang='lat' dir='ltr'><strong>Cum</strong></span> <span class='ocrx_word' id='word_1_426' title='bbox 264 3890 388 3940; x_wconf 83' lang='lat' dir='ltr'><strong>Horatius</strong></span> <span class='ocrx_word' id='word_1_427' title='bbox 412 3889 502 3939; x_wconf 90' lang='lat' dir='ltr'><strong>dedita</strong></span> <span class='ocrx_word' id='word_1_428' title='bbox 529 3902 610 3954; x_wconf 88' lang='lat' dir='ltr'><strong>opera</strong></span> <span class='ocrx_word' id='word_1_429' title='bbox 631 3902 680 3953; x_wconf 91' lang='lat' dir='ltr'><strong>per</strong></span> <span class='ocrx_word' id='word_1_430' title='bbox 701 3891 756 3938; x_wconf 90' lang='lat' dir='ltr'><strong>tres</strong></span> <span class='ocrx_word' id='word_1_431' title='bbox 778 3901 872 3939; x_wconf 88' lang='lat' dir='ltr'><strong>versus</strong></span> <span class='ocrx_word' id='word_1_432' title='bbox 896 3890 1051 3938; x_wconf 87' lang='lat' dir='ltr'><strong>immoratus</strong></span> <span class='ocrx_word' id='word_1_433' title='bbox 1069 3891 1141 3938; x_wconf 89' lang='lat' dir='ltr'><strong>esset</strong></span> <span class='ocrx_word' id='word_1_434' title='bbox 1163 3889 1194 3956; x_wconf 37' lang='lat' dir='ltr'><strong>in·</strong></span> 
     </span>
     <span class='ocr_line' id='line_1_43' title="bbox 100 3971 1190 4038; baseline -0.004 -14"><span class='ocrx_word' id='word_1_435' title='bbox 100 3975 262 4038; x_wconf 76' lang='lat' dir='ltr'><strong>gravissimo</strong></span> <span class='ocrx_word' id='word_1_436' title='bbox 279 3975 424 4036; x_wconf 92' lang='lat' dir='ltr'><strong>praecepto</strong></span> <span class='ocrx_word' id='word_1_437' title='bbox 441 3972 476 4022; x_wconf 89' lang='lat' dir='ltr'><strong>de</strong></span> <span class='ocrx_word' id='word_1_438' title='bbox 493 3974 640 4023; x_wconf 81' lang='lat' dir='ltr'><strong>artificiosis</strong></span> <span class='ocrx_word' id='word_1_439' title='bbox 652 3971 820 4022; x_wconf 80' lang='lat' dir='ltr'><strong>dilationibus</strong></span> <span class='ocrx_word' id='word_1_440' title='bbox 832 3974 912 4036; x_wconf 87' lang='lat' dir='ltr'><strong>etque</strong></span> <span class='ocrx_word' id='word_1_441' title='bbox 925 3972 1112 4023; x_wconf 86' lang='lat' dir='ltr'><strong>omissionibus</strong></span> <span class='ocrx_word' id='word_1_442' title='bbox 1125 3977 1190 4035; x_wconf 78' lang='lat' dir='ltr'><strong>poe-</strong></span> 
     </span>
     <span class='ocr_line' id='line_1_44' title="bbox 101 4055 1191 4118; baseline -0.005 -10"><span class='ocrx_word' id='word_1_443' title='bbox 101 4059 163 4109; x_wconf 84' lang='lat' dir='ltr'><strong>ticis</strong></span> <span class='ocrx_word' id='word_1_444' title='bbox 181 4056 325 4115; x_wconf 88' lang='lat' dir='ltr'><strong>tredendo,</strong></span> <span class='ocrx_word' id='word_1_445' title='bbox 343 4055 477 4106; x_wconf 89' lang='lat' dir='ltr'><strong>Bentleius</strong></span> <span class='ocrx_word' id='word_1_446' title='bbox 495 4060 583 4106; x_wconf 83' lang='lat' dir='ltr'><strong>temen</strong></span> <span class='ocrx_word' id='word_1_447' title='bbox 603 4057 628 4105; x_wconf 91' lang='lat' dir='ltr'><strong>in</strong></span> <span class='ocrx_word' id='word_1_448' title='bbox 645 4057 722 4105; x_wconf 86' lang='lat' dir='ltr'><strong>tertio</strong></span> <span class='ocrx_word' id='word_1_449' title='bbox 741 4056 809 4106; x_wconf 86' lang='lat' dir='ltr'><strong>adeo</strong></span> <span class='ocrx_word' id='word_1_450' title='bbox 827 4056 924 4114; x_wconf 89' lang='lat' dir='ltr'><strong>haesit,</strong></span> <span class='ocrx_word' id='word_1_451' title='bbox 946 4068 1063 4118; x_wconf 81' lang='lat' dir='ltr'><strong>quonam</strong></span> <span class='ocrx_word' id='word_1_452' title='bbox 1079 4055 1191 4104; x_wconf 83' lang='lat' dir='ltr'><strong>Hoc-ior</strong></span> 
     </span>
     <span class='ocr_line' id='line_1_45' title="bbox 102 4137 1189 4202; baseline -0.004 -12"><span class='ocrx_word' id='word_1_453' title='bbox 102 4140 264 4200; x_wconf 73' lang='lat' dir='ltr'><strong>relerretur,</strong></span> <span class='ocrx_word' id='word_1_454' title='bbox 290 4143 320 4190; x_wconf 89' lang='lat' dir='ltr'><strong>nt</strong></span> <span class='ocrx_word' id='word_1_455' title='bbox 344 4151 439 4190; x_wconf 84' lang='lat' dir='ltr'><strong>versus</strong></span> <span class='ocrx_word' id='word_1_456' title='bbox 463 4139 505 4190; x_wconf 82' lang='lat' dir='ltr'><strong>to.</strong></span> <span class='ocrx_word' id='word_1_457' title='bbox 524 4139 564 4190; x_wconf 78' lang='lat' dir='ltr'><strong>iti.</strong></span> <span class='ocrx_word' id='word_1_458' title='bbox 585 4137 709 4202; x_wconf 72' lang='lat' dir='ltr'><strong>explicari</strong></span> <span class='ocrx_word' id='word_1_459' title='bbox 732 4152 783 4188; x_wconf 91' lang='lat' dir='ltr'><strong>non</strong></span> <span class='ocrx_word' id='word_1_460' title='bbox 810 4151 889 4202; x_wconf 88' lang='lat' dir='ltr'><strong>posse</strong></span> <span class='ocrx_word' id='word_1_461' title='bbox 913 4139 1088 4189; x_wconf 87' lang='lat' dir='ltr'><strong>contenderet</strong></span> <span class='ocrx_word' id='word_1_462' title='bbox 1110 4139 1189 4201; x_wconf 89' lang='lat' dir='ltr'><strong>atque</strong></span> 
     </span>
     <span class='ocr_line' id='line_1_46' title="bbox 105 4224 442 4287; baseline -0.003 -15"><span class='ocrx_word' id='word_1_463' title='bbox 105 4224 168 4273; x_wconf 86' lang='lat' dir='ltr'><strong>irleo</strong></span> <span class='ocrx_word' id='word_1_464' title='bbox 186 4225 222 4272; x_wconf 87' lang='lat' dir='ltr'><strong>ita</strong></span> <span class='ocrx_word' id='word_1_465' title='bbox 240 4225 442 4287; x_wconf 89' lang='lat' dir='ltr'><strong>transponeret:</strong></span> 
     </span>
    </p>
   </div>
   <div class='ocr_carea' id='block_1_3' title="bbox 0 0 1469 4892">
    <p class='ocr_par' dir='ltr' id='par_1_4' title="bbox 0 0 1469 4892">
     <span class='ocr_line' id='line_1_47' title="bbox 0 0 1469 4892; baseline 0 0"><span class='ocrx_word' id='word_1_466' title='bbox 0 0 1469 4892; x_wconf 95' lang='lat' dir='ltr'><strong> </strong></span> 
     </span>
    </p>
   </div>
  </div>
 </body>
</html>
