<?xml version="1.0" encoding="UTF-8"?>
<!DOCTYPE html PUBLIC "-//W3C//DTD XHTML 1.0 Transitional//EN"
    "http://www.w3.org/TR/xhtml1/DTD/xhtml1-transitional.dtd">
<html xmlns="http://www.w3.org/1999/xhtml" xml:lang="en" lang="en">
 <head>
  <title>
</title>
<meta http-equiv="Content-Type" content="text/html;charset=utf-8" />
  <meta name='ocr-system' content='tesseract 3.04.00' />
  <meta name='ocr-capabilities' content='ocr_page ocr_carea ocr_par ocr_line ocrx_word'/>
</head>
<body>
  <div class='ocr_page' id='page_1' title='image "./qhoratiusflaccu03baitgoog/qhoratiusflaccu03baitgoog_0395.png"; bbox 0 0 2925 4892; ppageno 0'>
   <div class='ocr_carea' id='block_1_1' title="bbox 523 397 807 449">
    <p class='ocr_par' dir='ltr' id='par_1_1' title="bbox 523 397 807 449">
     <span class='ocr_line' id='line_1_1' title="bbox 523 397 807 449; baseline 0.007 -2"><span class='ocrx_word' id='word_1_1' title='bbox 523 397 581 448; x_wconf 77' lang='lat' dir='ltr'><strong>niu.</strong></span> <span class='ocrx_word' id='word_1_2' title='bbox 600 399 619 447; x_wconf 94' lang='lat' dir='ltr'><strong>l.</strong></span> <span class='ocrx_word' id='word_1_3' title='bbox 659 397 758 449; x_wconf 81' lang='lat' dir='ltr'><strong>EPlS&#39;l&#39;.</strong></span> <span class='ocrx_word' id='word_1_4' title='bbox 775 399 807 449; x_wconf 89' lang='lat' dir='ltr'><strong>ll.</strong></span> 
     </span>
    </p>
   </div>
   <div class='ocr_carea' id='block_1_2' title="bbox 158 549 1206 1356">
    <p class='ocr_par' dir='ltr' id='par_1_2' title="bbox 161 549 868 640">
     <span class='ocr_line' id='line_1_2' title="bbox 161 549 868 640; baseline 0.004 -24"><span class='ocrx_word' id='word_1_5' title='bbox 161 549 275 618; x_wconf 81' lang='lat' dir='ltr'><strong>iliacos</strong></span> <span class='ocrx_word' id='word_1_6' title='bbox 299 551 381 616; x_wconf 85' lang='lat' dir='ltr'><strong>intra</strong></span> <span class='ocrx_word' id='word_1_7' title='bbox 403 571 515 618; x_wconf 89' lang='lat' dir='ltr'><strong>muros</strong></span> <span class='ocrx_word' id='word_1_8' title='bbox 536 561 691 640; x_wconf 84' lang='lat' dir='ltr'><strong>peccetur</strong></span> <span class='ocrx_word' id='word_1_9' title='bbox 713 563 746 620; x_wconf 93' lang='lat' dir='ltr'><strong>et</strong></span> <span class='ocrx_word' id='word_1_10' title='bbox 767 564 868 622; x_wconf 83' lang='lat' dir='ltr'><strong>extre.</strong></span> 
     </span>
    </p>

    <p class='ocr_par' dir='ltr' id='par_1_3' title="bbox 159 672 999 764">
     <span class='ocr_line' id='line_1_3' title="bbox 159 672 999 764; baseline 0.006 -25"><span class='ocrx_word' id='word_1_11' title='bbox 159 674 299 752; x_wconf 83' lang='lat' dir='ltr'>Rursus,</span> <span class='ocrx_word' id='word_1_12' title='bbox 322 673 402 761; x_wconf 89' lang='lat' dir='ltr'><strong>quid</strong></span> <span class='ocrx_word' id='word_1_13' title='bbox 424 674 525 740; x_wconf 84' lang='lat' dir='ltr'><strong>virtus</strong></span> <span class='ocrx_word' id='word_1_14' title='bbox 548 672 680 762; x_wconf 88' lang='lat' dir='ltr'><strong>etquid</strong></span> <span class='ocrx_word' id='word_1_15' title='bbox 703 675 861 762; x_wconf 81' lang='lat' dir='ltr'><strong>sepientis</strong></span> <span class='ocrx_word' id='word_1_16' title='bbox 883 676 999 764; x_wconf 88' lang='lat' dir='ltr'><strong>possit,</strong></span> 
     </span>
    </p>

    <p class='ocr_par' dir='ltr' id='par_1_4' title="bbox 159 793 885 882">
     <span class='ocr_line' id='line_1_4' title="bbox 159 793 885 882; baseline 0.001 -21"><span class='ocrx_word' id='word_1_17' title='bbox 159 793 240 861; x_wconf 84' lang='lat' dir='ltr'><strong>Utile</strong></span> <span class='ocrx_word' id='word_1_18' title='bbox 263 793 433 882; x_wconf 79' lang='lat' dir='ltr'>proposuit</span> <span class='ocrx_word' id='word_1_19' title='bbox 454 793 549 861; x_wconf 93' lang='lat' dir='ltr'><strong>nobis</strong></span> <span class='ocrx_word' id='word_1_20' title='bbox 571 793 737 882; x_wconf 83' lang='lat' dir='ltr'><strong>exemplar</strong></span> <span class='ocrx_word' id='word_1_21' title='bbox 757 795 885 876; x_wconf 82' lang='lat' dir='ltr'>Ulixen,</span> 
     </span>
    </p>

    <p class='ocr_par' dir='ltr' id='par_1_5' title="bbox 158 915 1016 1005">
     <span class='ocr_line' id='line_1_5' title="bbox 158 915 1016 1005; baseline 0.008 -25"><span class='ocrx_word' id='word_1_22' title='bbox 158 915 220 995; x_wconf 87' lang='lat' dir='ltr'><strong>Qui</strong></span> <span class='ocrx_word' id='word_1_23' title='bbox 243 915 386 983; x_wconf 89' lang='lat' dir='ltr'><strong>domitor</strong></span> <span class='ocrx_word' id='word_1_24' title='bbox 407 916 520 984; x_wconf 81' lang='lat' dir='ltr'><strong>Troiae</strong></span> <span class='ocrx_word' id='word_1_25' title='bbox 543 915 716 983; x_wconf 92' lang='lat' dir='ltr'><strong>multorum</strong></span> <span class='ocrx_word' id='word_1_26' title='bbox 737 916 894 1005; x_wconf 90' lang='lat' dir='ltr'><strong>providus</strong></span> <span class='ocrx_word' id='word_1_27' title='bbox 916 918 1016 988; x_wconf 85' lang='lat' dir='ltr'><strong>urbes</strong></span> 
     </span>
    </p>

    <p class='ocr_par' dir='ltr' id='par_1_6' title="bbox 158 1035 1206 1356">
     <span class='ocr_line' id='line_1_6' title="bbox 160 1035 1206 1131; baseline 0.005 -28"><span class='ocrx_word' id='word_1_28' title='bbox 160 1037 196 1103; x_wconf 82' lang='lat' dir='ltr'><strong>Et</strong></span> <span class='ocrx_word' id='word_1_29' title='bbox 217 1057 329 1104; x_wconf 92' lang='lat' dir='ltr'><strong>mores</strong></span> <span class='ocrx_word' id='word_1_30' title='bbox 350 1035 516 1104; x_wconf 92' lang='lat' dir='ltr'><strong>hominum</strong></span> <span class='ocrx_word' id='word_1_31' title='bbox 537 1037 690 1125; x_wconf 83' lang='lat' dir='ltr'><strong>inspexit,</strong></span> <span class='ocrx_word' id='word_1_32' title='bbox 712 1037 879 1129; x_wconf 84' lang='lat' dir='ltr'><strong>latumque</strong></span> <span class='ocrx_word' id='word_1_33' title='bbox 900 1062 961 1129; x_wconf 89' lang='lat' dir='ltr'><strong>per</strong></span> <span class='ocrx_word' id='word_1_34' title='bbox 980 1063 1120 1131; x_wconf 85' lang='lat' dir='ltr'><strong>aequor,</strong></span> <span class='ocrx_word' id='word_1_35' title='bbox 1163 1045 1206 1108; x_wconf 71' lang='lat'><strong>20</strong></span> 
     </span>
     <span class='ocr_line' id='line_1_7' title="bbox 159 1157 1120 1251; baseline 0.007 -27"><span class='ocrx_word' id='word_1_36' title='bbox 159 1159 242 1224; x_wconf 88' lang='lat' dir='ltr'><strong>Dum</strong></span> <span class='ocrx_word' id='word_1_37' title='bbox 266 1157 345 1236; x_wconf 90' lang='lat' dir='ltr'><strong>sibi,</strong></span> <span class='ocrx_word' id='word_1_38' title='bbox 366 1158 445 1225; x_wconf 93' lang='lat' dir='ltr'><strong>dum</strong></span> <span class='ocrx_word' id='word_1_39' title='bbox 466 1159 564 1226; x_wconf 90' lang='lat' dir='ltr'><strong>sociis</strong></span> <span class='ocrx_word' id='word_1_40' title='bbox 586 1157 725 1226; x_wconf 89' lang='lat' dir='ltr'><strong>reditum</strong></span> <span class='ocrx_word' id='word_1_41' title='bbox 747 1172 854 1249; x_wconf 84' lang='lat' dir='ltr'><strong>parat,</strong></span> <span class='ocrx_word' id='word_1_42' title='bbox 881 1183 999 1251; x_wconf 86' lang='lat' dir='ltr'><strong>aspera</strong></span> <span class='ocrx_word' id='word_1_43' title='bbox 1020 1162 1120 1231; x_wconf 84' lang='lat' dir='ltr'><strong>multu</strong></span> 
     </span>
     <span class='ocr_line' id='line_1_8' title="bbox 158 1279 988 1356; baseline 0.005 -10"><span class='ocrx_word' id='word_1_44' title='bbox 158 1279 307 1356; x_wconf 82' lang='lat' dir='ltr'>Pertulit,</span> <span class='ocrx_word' id='word_1_45' title='bbox 332 1279 478 1348; x_wconf 87' lang='lat' dir='ltr'><strong>adversis</strong></span> <span class='ocrx_word' id='word_1_46' title='bbox 500 1301 610 1348; x_wconf 88' lang='lat' dir='ltr'><strong>rerum</strong></span> <span class='ocrx_word' id='word_1_47' title='bbox 633 1281 859 1350; x_wconf 83' lang='lat' dir='ltr'><strong>immersabilis</strong></span> <span class='ocrx_word' id='word_1_48' title='bbox 881 1284 988 1352; x_wconf 91' lang='lat' dir='ltr'><strong>undis.</strong></span> 
     </span>
    </p>
   </div>
   <div class='ocr_carea' id='block_1_3' title="bbox 145 1513 1172 1716">
    <p class='ocr_par' dir='ltr' id='par_1_7' title="bbox 145 1513 1172 1716">
     <span class='ocr_line' id='line_1_9' title="bbox 180 1513 1172 1580; baseline 0.011 -16"><span class='ocrx_word' id='word_1_49' title='bbox 180 1517 222 1566; x_wconf 79' lang='grc'><strong>47.</strong></span> <span class='ocrx_word' id='word_1_50' title='bbox 248 1516 359 1565; x_wconf 68' lang='lat' dir='ltr'><strong>limeum</strong></span> <span class='ocrx_word' id='word_1_51' title='bbox 375 1527 437 1566; x_wconf 90' lang='lat' dir='ltr'><strong>oum</strong></span> <span class='ocrx_word' id='word_1_52' title='bbox 454 1527 495 1580; x_wconf 88' lang='lat' dir='ltr'><strong>pr.</strong></span> <span class='ocrx_word' id='word_1_53' title='bbox 514 1531 532 1566; x_wconf 84' lang='grc' dir='ltr'><strong><em>κ</em></strong></span> <span class='ocrx_word' id='word_1_54' title='bbox 554 1513 697 1568; x_wconf 85' lang='lat' dir='ltr'><strong>Bentleius.</strong></span> <span class='ocrx_word' id='word_1_55' title='bbox 727 1543 755 1554; x_wconf 94' lang='lat'>-</span> <span class='ocrx_word' id='word_1_56' title='bbox 783 1519 823 1569; x_wconf 69' lang='lat'><strong>⁴8.</strong></span> <span class='ocrx_word' id='word_1_57' title='bbox 852 1518 941 1570; x_wconf 70' lang='lat' dir='ltr'><strong>micon</strong></span> <span class='ocrx_word' id='word_1_58' title='bbox 961 1532 1056 1573; x_wconf 91' lang='lat' dir='ltr'><strong>omnes</strong></span> <span class='ocrx_word' id='word_1_59' title='bbox 1072 1523 1127 1574; x_wconf 92' lang='lat' dir='ltr'><strong>mei</strong></span> <span class='ocrx_word' id='word_1_60' title='bbox 1143 1526 1172 1575; x_wconf 89' lang='lat' dir='ltr'><strong>et</strong></span> 
     </span>
     <span class='ocr_line' id='line_1_10' title="bbox 145 1588 1172 1716; baseline 0.01 -77"><span class='ocrx_word' id='word_1_61' title='bbox 145 1591 288 1716; x_wconf 44' lang='lat' dir='ltr'><strong>mg&amp;</strong></span> <span class='ocrx_word' id='word_1_62' title='bbox 297 1589 361 1715; x_wconf 41' lang='lat' dir='ltr'><strong>ilt‘esrssr</strong></span> <span class='ocrx_word' id='word_1_63' title='bbox 377 1588 513 1642; x_wconf 84' lang='lat' dir='ltr'><strong>Bentleius</strong></span> <span class='ocrx_word' id='word_1_64' title='bbox 530 1593 558 1642; x_wconf 88' lang='lat' dir='ltr'><strong>et</strong></span> <span class='ocrx_word' id='word_1_65' title='bbox 574 1591 607 1642; x_wconf 92' lang='lat'><strong>0:</strong></span> <span class='ocrx_word' id='word_1_66' title='bbox 627 1593 736 1656; x_wconf 63' lang='lat' dir='ltr'><strong>Uirum</strong></span> <span class='ocrx_word' id='word_1_67' title='bbox 752 1593 816 1655; x_wconf 78' lang='lat' dir='ltr'><strong>Act,</strong></span> <span class='ocrx_word' id='word_1_68' title='bbox 836 1595 934 1645; x_wconf 72' lang='lat' dir='ltr'><strong>illiceris</strong></span> <span class='ocrx_word' id='word_1_69' title='bbox 950 1596 1002 1648; x_wconf 81' lang='lat' dir='ltr'><strong>Fit.</strong></span> <span class='ocrx_word' id='word_1_70' title='bbox 1023 1623 1050 1634; x_wconf 96' lang='lat'>-</span> <span class='ocrx_word' id='word_1_71' title='bbox 1068 1599 1111 1648; x_wconf 67' lang='grc' dir='ltr'><strong>ἥ.</strong></span> <span class='ocrx_word' id='word_1_72' title='bbox 1129 1599 1172 1648; x_wconf 80' lang='lat' dir='ltr'><strong>in·</strong></span> 
     </span>
    </p>
   </div>
   <div class='ocr_carea' id='block_1_4' title="bbox 111 1869 1202 2322">
    <p class='ocr_par' dir='ltr' id='par_1_8' title="bbox 111 1869 1202 2322">
     <span class='ocr_line' id='line_1_11' title="bbox 115 1869 1202 1943; baseline 0.006 -23"><span class='ocrx_word' id='word_1_73' title='bbox 115 1870 223 1921; x_wconf 74' lang='lat' dir='ltr'><strong>abduxit</strong></span> <span class='ocrx_word' id='word_1_74' title='bbox 234 1883 286 1922; x_wconf 87' lang='lat' dir='ltr'><strong>uec</strong></span> <span class='ocrx_word' id='word_1_75' title='bbox 298 1872 389 1922; x_wconf 80' lang='lat' dir='ltr'><strong>tamen</strong></span> <span class='ocrx_word' id='word_1_76' title='bbox 401 1883 462 1922; x_wconf 90' lang='lat' dir='ltr'><strong>eam</strong></span> <span class='ocrx_word' id='word_1_77' title='bbox 479 1871 570 1935; x_wconf 71' lang='lat' dir='ltr'><strong>teugit.</strong></span> <span class='ocrx_word' id='word_1_78' title='bbox 594 1872 640 1922; x_wconf 82' lang='lat' dir='ltr'><strong>Ali·</strong></span> <span class='ocrx_word' id='word_1_79' title='bbox 676 1883 730 1920; x_wconf 92' lang='lat' dir='ltr'><strong>uon</strong></span> <span class='ocrx_word' id='word_1_80' title='bbox 748 1869 875 1924; x_wconf 82' lang='lat' dir='ltr'><strong>dehabet.</strong></span> <span class='ocrx_word' id='word_1_81' title='bbox 898 1899 925 1911; x_wconf 89' lang='lat'>-</span> <span class='ocrx_word' id='word_1_82' title='bbox 941 1873 1003 1924; x_wconf 83' lang='lat' dir='ltr'><strong>Utile</strong></span> <span class='ocrx_word' id='word_1_83' title='bbox 1013 1899 1051 1912; x_wconf 92' lang='lat'><strong>·-</strong></span> <span class='ocrx_word' id='word_1_84' title='bbox 1062 1875 1202 1943; x_wconf 60' lang='grc' dir='ltr'><strong>Μὴν]</strong></span> 
     </span>
     <span class='ocr_line' id='line_1_12' title="bbox 114 1944 1202 2010; baseline 0.006 -14"><span class='ocrx_word' id='word_1_85' title='bbox 114 1959 161 1998; x_wconf 89' lang='lat' dir='ltr'><strong>nus</strong></span> <span class='ocrx_word' id='word_1_86' title='bbox 173 1950 250 1996; x_wconf 87' lang='lat' dir='ltr'><strong>recte</strong></span> <span class='ocrx_word' id='word_1_87' title='bbox 262 1945 381 1996; x_wconf 92' lang='lat' dir='ltr'><strong>nonnulli</strong></span> <span class='ocrx_word' id='word_1_88' title='bbox 392 1959 418 1997; x_wconf 89' lang='lat' dir='ltr'><strong>v.</strong></span> <span class='ocrx_word' id='word_1_89' title='bbox 427 1947 493 1996; x_wconf 76' lang='lat' dir='ltr'><strong>breno</strong></span> <span class='ocrx_word' id='word_1_90' title='bbox 503 1945 537 1995; x_wconf 86' lang='lat' dir='ltr'><strong>ed</strong></span> <span class='ocrx_word' id='word_1_91' title='bbox 549 1944 639 1997; x_wconf 88' lang='lat' dir='ltr'><strong>Achil·</strong></span> <span class='ocrx_word' id='word_1_92' title='bbox 677 1944 803 2008; x_wconf 76' lang='lat' dir='ltr'><strong>«dignum</strong></span> <span class='ocrx_word' id='word_1_93' title='bbox 820 1947 892 2010; x_wconf 87' lang='lat' dir='ltr'><strong>quod</strong></span> <span class='ocrx_word' id='word_1_94' title='bbox 904 1949 1066 2000; x_wconf 81' lang='lat' dir='ltr'><strong>imitemur.»</strong></span> <span class='ocrx_word' id='word_1_95' title='bbox 1093 1951 1202 2004; x_wconf 86' lang='lat' dir='ltr'><strong>siclum</strong></span> 
     </span>
     <span class='ocr_line' id='line_1_13' title="bbox 113 2018 1202 2090; baseline 0.005 -19"><span class='ocrx_word' id='word_1_96' title='bbox 113 2019 164 2072; x_wconf 89' lang='lat' dir='ltr'><strong>lem</strong></span> <span class='ocrx_word' id='word_1_97' title='bbox 182 2018 344 2072; x_wconf 85' lang='lat' dir='ltr'><strong>rettulerunt</strong></span> <span class='ocrx_word' id='word_1_98' title='bbox 362 2023 472 2086; x_wconf 88' lang='lat' dir='ltr'><strong>pmpter</strong></span> <span class='ocrx_word' id='word_1_99' title='bbox 492 2019 539 2071; x_wconf 94' lang='lat' dir='ltr'><strong>0d.</strong></span> <span class='ocrx_word' id='word_1_100' title='bbox 556 2021 586 2080; x_wconf 72' lang='lat'><strong>2,</strong></span> <span class='ocrx_word' id='word_1_101' title='bbox 607 2019 637 2081; x_wconf 83' lang='lat' dir='ltr'><strong>l,</strong></span> <span class='ocrx_word' id='word_1_102' title='bbox 675 2018 827 2071; x_wconf 89' lang='lat' dir='ltr'><strong>Alcidnmas</strong></span> <span class='ocrx_word' id='word_1_103' title='bbox 843 2022 1025 2086; x_wconf 85' lang='lat' dir='ltr'><strong>reprehensus</strong></span> <span class='ocrx_word' id='word_1_104' title='bbox 1040 2028 1151 2090; x_wconf 87' lang='lat' dir='ltr'><strong>propter</strong></span> <span class='ocrx_word' id='word_1_105' title='bbox 1167 2025 1202 2076; x_wconf 84' lang='lat' dir='ltr'><strong>fl·</strong></span> 
     </span>
     <span class='ocr_line' id='line_1_14' title="bbox 112 2095 1201 2156; baseline 0.007 -12"><span class='ocrx_word' id='word_1_106' title='bbox 112 2095 138 2144; x_wconf 80' lang='lat'><strong>3:</strong></span> <span class='ocrx_word' id='word_1_107' title='bbox 165 2097 260 2145; x_wconf 78' lang='lat' dir='ltr'><strong>Briseis</strong></span> <span class='ocrx_word' id='word_1_108' title='bbox 276 2096 348 2146; x_wconf 83' lang='lat' dir='ltr'><strong>niueo</strong></span> <span class='ocrx_word' id='word_1_109' title='bbox 364 2095 447 2146; x_wconf 87' lang='lat' dir='ltr'><strong>colore</strong></span> <span class='ocrx_word' id='word_1_110' title='bbox 462 2097 542 2146; x_wconf 82' lang='lat' dir='ltr'><strong>licuit</strong></span> <span class='ocrx_word' id='word_1_111' title='bbox 557 2095 638 2145; x_wconf 73' lang='lat' dir='ltr'><strong>Achil·</strong></span> <span class='ocrx_word' id='word_1_112' title='bbox 675 2107 757 2156; x_wconf 79' lang='lat' dir='ltr'><strong>gurae</strong></span> <span class='ocrx_word' id='word_1_113' title='bbox 790 2095 959 2147; x_wconf 77' lang='lat' dir='ltr'><strong>insolentiam</strong></span> <span class='ocrx_word' id='word_1_114' title='bbox 991 2097 1026 2147; x_wconf 86' lang='lat' dir='ltr'><strong>ab</strong></span> <span class='ocrx_word' id='word_1_115' title='bbox 1058 2100 1201 2152; x_wconf 71' lang='lat' dir='ltr'><strong>Aristotele</strong></span> 
     </span>
     <span class='ocr_line' id='line_1_15' title="bbox 111 2164 1201 2236; baseline 0.005 -16"><span class='ocrx_word' id='word_1_116' title='bbox 111 2170 171 2230; x_wconf 81' lang='lat' dir='ltr'><strong>lem,</strong></span> <span class='ocrx_word' id='word_1_117' title='bbox 189 2173 219 2220; x_wconf 90' lang='lat' dir='ltr'><strong>et</strong></span> <span class='ocrx_word' id='word_1_118' title='bbox 235 2168 309 2220; x_wconf 83' lang='lat' dir='ltr'><strong>llied.</strong></span> <span class='ocrx_word' id='word_1_119' title='bbox 323 2185 348 2230; x_wconf 88' lang='grc' dir='ltr'><strong>ι,</strong></span> <span class='ocrx_word' id='word_1_120' title='bbox 367 2169 435 2231; x_wconf 71' lang='lat' dir='ltr'><strong>eiu..</strong></span> <span class='ocrx_word' id='word_1_121' title='bbox 454 2169 501 2220; x_wconf 91' lang='lat' dir='ltr'><strong>nbi</strong></span> <span class='ocrx_word' id='word_1_122' title='bbox 511 2168 635 2220; x_wconf 89' lang='lat' dir='ltr'><strong>Achilles:</strong></span> <span class='ocrx_word' id='word_1_123' title='bbox 674 2168 750 2218; x_wconf 80' lang='lat' dir='ltr'><strong>libet.</strong></span> <span class='ocrx_word' id='word_1_124' title='bbox 763 2169 838 2232; x_wconf 62' lang='lat' dir='ltr'><strong>m,</strong></span> <span class='ocrx_word' id='word_1_125' title='bbox 856 2169 881 2221; x_wconf 80' lang='lat' dir='ltr'><strong>i.</strong></span> <span class='ocrx_word' id='word_1_126' title='bbox 910 2164 1201 2236; x_wconf 73' lang='grc' dir='ltr'><strong><em>τῆνὈδύσσειανκω-</em></strong></span> 
     </span>
     <span class='ocr_line' id='line_1_16' title="bbox 111 2237 1200 2322; baseline 0.006 -28"><span class='ocrx_word' id='word_1_127' title='bbox 111 2241 163 2311; x_wconf 82' lang='lat' dir='ltr'><strong>e’yd</strong></span> <span class='ocrx_word' id='word_1_128' title='bbox 188 2241 245 2311; x_wconf 79' lang='grc' dir='ltr'><strong>τήν</strong></span> <span class='ocrx_word' id='word_1_129' title='bbox 263 2239 313 2294; x_wconf 79' lang='grc' dir='ltr'><strong>Ἐκ</strong></span> <span class='ocrx_word' id='word_1_130' title='bbox 330 2238 427 2308; x_wconf 73' lang='grc' dir='ltr'>θυμοῦ</span> <span class='ocrx_word' id='word_1_131' title='bbox 450 2242 553 2306; x_wconf 74' lang='grc' dir='ltr'><em>φίλεον</em></span> <span class='ocrx_word' id='word_1_132' title='bbox 568 2241 636 2294; x_wconf 84' lang='lat' dir='ltr'><strong>don·</strong></span> <span class='ocrx_word' id='word_1_133' title='bbox 674 2238 725 2294; x_wconf 80' lang='grc' dir='ltr'><strong>λὸν</strong></span> <span class='ocrx_word' id='word_1_134' title='bbox 748 2237 931 2316; x_wconf 75' lang='grc' dir='ltr'>ἀνθρωπίνου</span> <span class='ocrx_word' id='word_1_135' title='bbox 951 2244 1020 2306; x_wconf 72' lang='grc' dir='ltr'><strong>βίον</strong></span> <span class='ocrx_word' id='word_1_136' title='bbox 1036 2246 1200 2322; x_wconf 72' lang='grc' dir='ltr'><strong><em>κάτοπτρον</em></strong></span> 
     </span>
    </p>
   </div>
   <div class='ocr_carea' id='block_1_5' title="bbox 108 2314 1200 2832">
    <p class='ocr_par' dir='ltr' id='par_1_9' title="bbox 108 2314 1200 2832">
     <span class='ocr_line' id='line_1_17' title="bbox 109 2314 1200 2391; baseline 0.005 -21"><span class='ocrx_word' id='word_1_137' title='bbox 109 2317 247 2390; x_wconf 67' lang='lat' dir='ltr'><strong>perperis</strong></span> <span class='ocrx_word' id='word_1_138' title='bbox 265 2334 318 2391; x_wconf 79' lang='grc' dir='ltr'><strong>περ</strong></span> <span class='ocrx_word' id='word_1_139' title='bbox 333 2314 451 2371; x_wconf 59' lang='lat' dir='ltr'><strong>dccccv.</strong></span> <span class='ocrx_word' id='word_1_140' title='bbox 480 2320 635 2370; x_wconf 88' lang='lat' dir='ltr'><strong>Verumhic</strong></span> <span class='ocrx_word' id='word_1_141' title='bbox 673 2317 829 2382; x_wconf 80' lang='lat' dir='ltr'><strong>appelleret.</strong></span> <span class='ocrx_word' id='word_1_142' title='bbox 845 2347 872 2356; x_wconf 92' lang='lat'><em>-</em></span> <span class='ocrx_word' id='word_1_143' title='bbox 890 2322 955 2372; x_wconf 84' lang='lat' dir='ltr'><strong>Aiire</strong></span> <span class='ocrx_word' id='word_1_144' title='bbox 972 2323 1121 2374; x_wconf 79' lang='lat' dir='ltr'><strong>Wakefield</strong></span> <span class='ocrx_word' id='word_1_145' title='bbox 1137 2326 1200 2375; x_wconf 93' lang='lat' dir='ltr'><strong>iun·</strong></span> 
     </span>
     <span class='ocr_line' id='line_1_18' title="bbox 109 2393 1200 2461; baseline -0.001 -15"><span class='ocrx_word' id='word_1_146' title='bbox 109 2409 217 2460; x_wconf 84' lang='lat' dir='ltr'><strong>quoque</strong></span> <span class='ocrx_word' id='word_1_147' title='bbox 243 2395 385 2460; x_wconf 81' lang='lat' dir='ltr'><strong>respicitur</strong></span> <span class='ocrx_word' id='word_1_148' title='bbox 409 2393 496 2444; x_wconf 83' lang='lat' dir='ltr'><strong>liiedis</strong></span> <span class='ocrx_word' id='word_1_149' title='bbox 523 2395 634 2444; x_wconf 90' lang='lat' dir='ltr'><strong>initium.</strong></span> <span class='ocrx_word' id='word_1_150' title='bbox 674 2394 722 2442; x_wconf 85' lang='lat' dir='ltr'><strong>xit:</strong></span> <span class='ocrx_word' id='word_1_151' title='bbox 748 2395 810 2456; x_wconf 72' lang='lat' dir='ltr'><strong>perid</strong></span> <span class='ocrx_word' id='word_1_152' title='bbox 823 2395 885 2445; x_wconf 81' lang='lat' dir='ltr'><strong>utile</strong></span> <span class='ocrx_word' id='word_1_153' title='bbox 897 2397 984 2458; x_wconf 74' lang='lat' dir='ltr'><strong>poue.</strong></span> <span class='ocrx_word' id='word_1_154' title='bbox 1005 2424 1033 2434; x_wconf 88' lang='lat'><em>—</em></span> <span class='ocrx_word' id='word_1_155' title='bbox 1052 2399 1101 2461; x_wconf 79' lang='lat' dir='ltr'><strong>Qui</strong></span> <span class='ocrx_word' id='word_1_156' title='bbox 1117 2400 1200 2450; x_wconf 71' lang='grc' dir='ltr'><strong>ᾱοηιι-</strong></span> 
     </span>
     <span class='ocr_line' id='line_1_19' title="bbox 111 2468 1200 2535; baseline 0.005 -15"><span class='ocrx_word' id='word_1_157' title='bbox 111 2497 137 2508; x_wconf 88' lang='grc'><strong>-</strong></span> <span class='ocrx_word' id='word_1_158' title='bbox 154 2470 219 2535; x_wconf 77' lang='lat' dir='ltr'><strong>urit]</strong></span> <span class='ocrx_word' id='word_1_159' title='bbox 238 2471 268 2520; x_wconf 92' lang='lat' dir='ltr'><strong>ut</strong></span> <span class='ocrx_word' id='word_1_160' title='bbox 285 2468 379 2520; x_wconf 80' lang='lat' dir='ltr'><strong>similis</strong></span> <span class='ocrx_word' id='word_1_161' title='bbox 397 2468 510 2534; x_wconf 71' lang='lat' dir='ltr'><strong>(ardm,</strong></span> <span class='ocrx_word' id='word_1_162' title='bbox 528 2468 634 2530; x_wconf 77' lang='lat' dir='ltr'><strong>feruere,</strong></span> <span class='ocrx_word' id='word_1_163' title='bbox 672 2471 712 2517; x_wconf 86' lang='lat' dir='ltr'><strong>tor</strong></span> <span class='ocrx_word' id='word_1_164' title='bbox 723 2469 786 2530; x_wconf 77' lang='lat' dir='ltr'><strong>cet]</strong></span> <span class='ocrx_word' id='word_1_165' title='bbox 803 2469 899 2520; x_wconf 84' lang='lat' dir='ltr'><strong>Libere</strong></span> <span class='ocrx_word' id='word_1_166' title='bbox 912 2472 938 2520; x_wconf 90' lang='lat' dir='ltr'><strong>in</strong></span> <span class='ocrx_word' id='word_1_167' title='bbox 954 2473 1077 2524; x_wconf 84' lang='lat' dir='ltr'><strong>Latinum</strong></span> <span class='ocrx_word' id='word_1_168' title='bbox 1088 2487 1200 2525; x_wconf 80' lang='lat' dir='ltr'><strong>conver·</strong></span> 
     </span>
     <span class='ocr_line' id='line_1_20' title="bbox 109 2541 1199 2610; baseline 0.005 -16"><span class='ocrx_word' id='word_1_169' title='bbox 109 2547 285 2610; x_wconf 67' lang='lat' dir='ltr'><strong>uflmnurcre,</strong></span> <span class='ocrx_word' id='word_1_170' title='bbox 303 2545 446 2604; x_wconf 77' lang='lat' dir='ltr'><strong>incendere,</strong></span> <span class='ocrx_word' id='word_1_171' title='bbox 464 2543 587 2608; x_wconf 75' lang='lat' dir='ltr'><strong>Aoprcre)</strong></span> <span class='ocrx_word' id='word_1_172' title='bbox 600 2543 634 2593; x_wconf 91' lang='lat' dir='ltr'><strong>de</strong></span> <span class='ocrx_word' id='word_1_173' title='bbox 672 2542 703 2591; x_wconf 88' lang='lat' dir='ltr'><strong>tit</strong></span> <span class='ocrx_word' id='word_1_174' title='bbox 719 2541 856 2605; x_wconf 75' lang='lat' dir='ltr'><strong>Odysseae</strong></span> <span class='ocrx_word' id='word_1_175' title='bbox 874 2543 1026 2606; x_wconf 82' lang='lat' dir='ltr'><strong>exordium,</strong></span> <span class='ocrx_word' id='word_1_176' title='bbox 1053 2551 1084 2596; x_wconf 90' lang='lat' dir='ltr'><strong>ut</strong></span> <span class='ocrx_word' id='word_1_177' title='bbox 1104 2561 1199 2600; x_wconf 88' lang='lat' dir='ltr'><strong>rursus</strong></span> 
     </span>
     <span class='ocr_line' id='line_1_21' title="bbox 108 2615 1196 2684; baseline 0.004 -16"><span class='ocrx_word' id='word_1_178' title='bbox 108 2619 231 2670; x_wconf 80' lang='lat' dir='ltr'><strong>violentis</strong></span> <span class='ocrx_word' id='word_1_179' title='bbox 265 2619 345 2669; x_wconf 89' lang='lat' dir='ltr'><strong>animi</strong></span> <span class='ocrx_word' id='word_1_180' title='bbox 378 2617 632 2682; x_wconf 80' lang='lat' dir='ltr'><strong>perturbationibus.</strong></span> <span class='ocrx_word' id='word_1_181' title='bbox 672 2615 749 2666; x_wconf 80' lang='lat' dir='ltr'><strong>aliter</strong></span> <span class='ocrx_word' id='word_1_182' title='bbox 765 2619 795 2667; x_wconf 91' lang='lat' dir='ltr'><strong>A.</strong></span> <span class='ocrx_word' id='word_1_183' title='bbox 809 2619 837 2668; x_wconf 85' lang='lat' dir='ltr'><strong>P.</strong></span> <span class='ocrx_word' id='word_1_184' title='bbox 851 2617 913 2669; x_wconf 81' lang='lat' dir='ltr'><strong>iii:</strong></span> <span class='ocrx_word' id='word_1_185' title='bbox 939 2619 989 2669; x_wconf 78' lang='lat' dir='ltr'><strong>Dic</strong></span> <span class='ocrx_word' id='word_1_186' title='bbox 1010 2620 1085 2682; x_wconf 78' lang='lat' dir='ltr'><strong>miii,</strong></span> <span class='ocrx_word' id='word_1_187' title='bbox 1106 2623 1196 2684; x_wconf 71' lang='lat' dir='ltr'><strong>Ausa,</strong></span> 
     </span>
     <span class='ocr_line' id='line_1_22' title="bbox 108 2693 1197 2756; baseline 0 -13"><span class='ocrx_word' id='word_1_188' title='bbox 108 2695 159 2744; x_wconf 80' lang='lat' dir='ltr'><strong>Sat,</strong></span> <span class='ocrx_word' id='word_1_189' title='bbox 182 2697 213 2754; x_wconf 86' lang='lat' dir='ltr'><strong>t,</strong></span> <span class='ocrx_word' id='word_1_190' title='bbox 239 2695 268 2754; x_wconf 85' lang='lat'><strong>9,</strong></span> <span class='ocrx_word' id='word_1_191' title='bbox 294 2694 343 2744; x_wconf 78' lang='lat'><strong>66:</strong></span> <span class='ocrx_word' id='word_1_192' title='bbox 368 2705 451 2744; x_wconf 80' lang='lat' dir='ltr'><strong>meren</strong></span> <span class='ocrx_word' id='word_1_193' title='bbox 470 2693 541 2742; x_wconf 86' lang='lat' dir='ltr'><strong>iecur</strong></span> <span class='ocrx_word' id='word_1_194' title='bbox 561 2705 635 2744; x_wconf 80' lang='lat' dir='ltr'><strong>urere</strong></span> <span class='ocrx_word' id='word_1_195' title='bbox 670 2693 767 2752; x_wconf 84' lang='lat' dir='ltr'><strong>uirum,</strong></span> <span class='ocrx_word' id='word_1_196' title='bbox 793 2697 954 2754; x_wconf 80' lang='lat' dir='ltr'><strong>coptoepost</strong></span> <span class='ocrx_word' id='word_1_197' title='bbox 974 2698 1090 2756; x_wconf 77' lang='lat' dir='ltr'><strong>ternpore</strong></span> <span class='ocrx_word' id='word_1_198' title='bbox 1108 2695 1197 2748; x_wconf 62' lang='grc' dir='ltr'><strong>Μαι</strong></span> 
     </span>
     <span class='ocr_line' id='line_1_23' title="bbox 108 2766 1198 2832; baseline 0.004 -15"><span class='ocrx_word' id='word_1_199' title='bbox 108 2767 172 2831; x_wconf 78' lang='lat' dir='ltr'><strong>bitis,</strong></span> <span class='ocrx_word' id='word_1_200' title='bbox 193 2769 284 2832; x_wconf 72' lang='lat' dir='ltr'><strong>equod</strong></span> <span class='ocrx_word' id='word_1_201' title='bbox 301 2767 415 2819; x_wconf 86' lang='lat' dir='ltr'><strong>verbum</strong></span> <span class='ocrx_word' id='word_1_202' title='bbox 430 2767 464 2817; x_wconf 90' lang='lat' dir='ltr'><strong>de</strong></span> <span class='ocrx_word' id='word_1_203' title='bbox 476 2767 634 2819; x_wconf 87' lang='lat' dir='ltr'><strong>ardentissi-</strong></span> <span class='ocrx_word' id='word_1_204' title='bbox 672 2766 721 2829; x_wconf 85' lang='lat' dir='ltr'><strong>Qut</strong></span> <span class='ocrx_word' id='word_1_205' title='bbox 736 2779 818 2816; x_wconf 83' lang='lat' dir='ltr'><strong>mores</strong></span> <span class='ocrx_word' id='word_1_206' title='bbox 839 2767 968 2816; x_wconf 65' lang='lat' dir='ltr'><strong>mmm</strong></span> <span class='ocrx_word' id='word_1_207' title='bbox 982 2767 1120 2818; x_wconf 69' lang='lat' dir='ltr'><strong>muneri</strong></span> <span class='ocrx_word' id='word_1_208' title='bbox 1134 2771 1198 2821; x_wconf 82' lang='lat' dir='ltr'><strong>uidit</strong></span> 
     </span>
    </p>
   </div>
   <div class='ocr_carea' id='block_1_6' title="bbox 16 2827 1198 2986">
    <p class='ocr_par' dir='ltr' id='par_1_10' title="bbox 16 2827 1198 2986">
     <span class='ocr_line' id='line_1_24' title="bbox 16 2827 1198 2907; baseline -0.014 -11"><span class='ocrx_word' id='word_1_209' title='bbox 16 2827 17 2902; x_wconf 81' lang='lat' dir='ltr'><strong>l</strong></span> <span class='ocrx_word' id='word_1_210' title='bbox 108 2857 165 2906; x_wconf 88' lang='lat' dir='ltr'><strong>ruo,</strong></span> <span class='ocrx_word' id='word_1_211' title='bbox 202 2844 249 2907; x_wconf 86' lang='lat' dir='ltr'><strong>qui</strong></span> <span class='ocrx_word' id='word_1_212' title='bbox 278 2844 415 2894; x_wconf 88' lang='lat' dir='ltr'><strong>homiuem</strong></span> <span class='ocrx_word' id='word_1_213' title='bbox 444 2844 560 2904; x_wconf 86' lang='lat' dir='ltr'><strong>cruciet,</strong></span> <span class='ocrx_word' id='word_1_214' title='bbox 589 2840 633 2892; x_wconf 84' lang='lat' dir='ltr'><strong>vel</strong></span> <span class='ocrx_word' id='word_1_215' title='bbox 670 2846 693 2891; x_wconf 87' lang='lat' dir='ltr'><strong>et</strong></span> <span class='ocrx_word' id='word_1_216' title='bbox 708 2841 791 2890; x_wconf 81' lang='lat' dir='ltr'><strong>urbes.</strong></span> <span class='ocrx_word' id='word_1_217' title='bbox 806 2868 834 2880; x_wconf 91' lang='lat'><em>-</em></span> <span class='ocrx_word' id='word_1_218' title='bbox 848 2841 979 2906; x_wconf 74' lang='lat' dir='ltr'><strong>providos]</strong></span> <span class='ocrx_word' id='word_1_219' title='bbox 996 2842 1198 2906; x_wconf 55' lang='lat' dir='ltr'><strong>respondam.</strong></span> 
     </span>
     <span class='ocr_line' id='line_1_25' title="bbox 16 2912 1195 2986; baseline -0.003 -17"><span class='ocrx_word' id='word_1_220' title='bbox 16 2941 17 2964; x_wconf 66' lang='lat' dir='ltr'><strong>r</strong></span> <span class='ocrx_word' id='word_1_221' title='bbox 108 2932 198 2969; x_wconf 87' lang='lat' dir='ltr'><strong>umore</strong></span> <span class='ocrx_word' id='word_1_222' title='bbox 221 2917 264 2968; x_wconf 81' lang='lat' dir='ltr'><strong>rel</strong></span> <span class='ocrx_word' id='word_1_223' title='bbox 287 2920 326 2968; x_wconf 86' lang='lat' dir='ltr'><strong>ire</strong></span> <span class='ocrx_word' id='word_1_224' title='bbox 343 2919 513 2982; x_wconf 61' lang='lat' dir='ltr'><strong>usurpaturo·</strong></span> <span class='ocrx_word' id='word_1_225' title='bbox 540 2919 631 2968; x_wconf 72' lang='lat' dir='ltr'><strong>Orsen.</strong></span> <span class='ocrx_word' id='word_1_226' title='bbox 670 2918 802 2979; x_wconf 82' lang='lat' dir='ltr'><strong>quatenus</strong></span> <span class='ocrx_word' id='word_1_227' title='bbox 818 2915 950 2966; x_wconf 86' lang='lat' dir='ltr'><strong>vocabulo</strong></span> <span class='ocrx_word' id='word_1_228' title='bbox 961 2912 1151 2986; x_wconf 72' lang='grc' dir='ltr'><strong><em>πολύτροπος.</em></strong></span> <span class='ocrx_word' id='word_1_229' title='bbox 1166 2945 1195 2956; x_wconf 87' lang='lat'><em>-</em></span> 
     </span>
    </p>
   </div>
   <div class='ocr_carea' id='block_1_7' title="bbox 107 2986 1197 4323">
    <p class='ocr_par' dir='ltr' id='par_1_11' title="bbox 107 2986 1197 3952">
     <span class='ocr_line' id='line_1_26' title="bbox 108 2986 1195 3060; baseline 0.001 -18"><span class='ocrx_word' id='word_1_230' title='bbox 108 2993 269 3044; x_wconf 77' lang='lat' dir='ltr'><strong>Doederlein</strong></span> <span class='ocrx_word' id='word_1_231' title='bbox 280 2993 374 3054; x_wconf 70' lang='lat' dir='ltr'><strong>Speos.</strong></span> <span class='ocrx_word' id='word_1_232' title='bbox 387 2993 428 3042; x_wconf 83' lang='lat' dir='ltr'><strong>lii.</strong></span> <span class='ocrx_word' id='word_1_233' title='bbox 440 3005 466 3056; x_wconf 93' lang='lat' dir='ltr'><strong>p.</strong></span> <span class='ocrx_word' id='word_1_234' title='bbox 476 2991 539 3042; x_wconf 73' lang='lat' dir='ltr'><strong>uir:</strong></span> <span class='ocrx_word' id='word_1_235' title='bbox 559 3004 634 3041; x_wconf 80' lang='lat' dir='ltr'><strong>«cru-</strong></span> <span class='ocrx_word' id='word_1_236' title='bbox 668 2992 702 3040; x_wconf 74' lang='lat' dir='ltr'><strong>Et</strong></span> <span class='ocrx_word' id='word_1_237' title='bbox 717 3004 799 3041; x_wconf 81' lang='lat' dir='ltr'><strong>mores</strong></span> <span class='ocrx_word' id='word_1_238' title='bbox 809 2991 952 3054; x_wconf 73' lang='lat' dir='ltr'><strong>-iospeoeiti</strong></span> <span class='ocrx_word' id='word_1_239' title='bbox 970 2992 1021 3042; x_wconf 73' lang='grc' dir='ltr'><strong>καὶ</strong></span> <span class='ocrx_word' id='word_1_240' title='bbox 1031 2987 1102 3042; x_wconf 77' lang='grc' dir='ltr'><strong><em>νόον</em></strong></span> <span class='ocrx_word' id='word_1_241' title='bbox 1112 2986 1195 3060; x_wconf 68' lang='grc' dir='ltr'><strong><em>ἔγνω.</em></strong></span> 
     </span>
     <span class='ocr_line' id='line_1_27' title="bbox 109 3064 1196 3132; baseline 0.003 -14"><span class='ocrx_word' id='word_1_242' title='bbox 109 3069 158 3118; x_wconf 83' lang='lat' dir='ltr'><strong>ciat</strong></span> <span class='ocrx_word' id='word_1_243' title='bbox 174 3068 292 3132; x_wconf 87' lang='lat' dir='ltr'><strong>ideoque</strong></span> <span class='ocrx_word' id='word_1_244' title='bbox 310 3068 419 3117; x_wconf 77' lang='lat' dir='ltr'><strong>irritet·</strong></span> <span class='ocrx_word' id='word_1_245' title='bbox 436 3091 463 3102; x_wconf 93' lang='lat'><em>-</em></span> <span class='ocrx_word' id='word_1_246' title='bbox 481 3065 631 3130; x_wconf 66' lang='lat' dir='ltr'><strong>plectmuur]</strong></span> <span class='ocrx_word' id='word_1_247' title='bbox 670 3067 727 3116; x_wconf 87' lang='lat' dir='ltr'><strong>Non</strong></span> <span class='ocrx_word' id='word_1_248' title='bbox 749 3068 792 3116; x_wconf 89' lang='lat' dir='ltr'><strong>est</strong></span> <span class='ocrx_word' id='word_1_249' title='bbox 811 3064 968 3130; x_wconf 89' lang='lat' dir='ltr'><strong>simpliciter</strong></span> <span class='ocrx_word' id='word_1_250' title='bbox 989 3067 1128 3131; x_wconf 79' lang='lat' dir='ltr'><strong>«videre,»</strong></span> <span class='ocrx_word' id='word_1_251' title='bbox 1146 3068 1196 3120; x_wconf 84' lang='lat' dir='ltr'><strong>sed</strong></span> 
     </span>
     <span class='ocr_line' id='line_1_28' title="bbox 109 3141 1194 3206; baseline -0.002 -13"><span class='ocrx_word' id='word_1_252' title='bbox 109 3155 224 3206; x_wconf 75' lang='lat' dir='ltr'><strong>upoenas</strong></span> <span class='ocrx_word' id='word_1_253' title='bbox 235 3141 336 3199; x_wconf 76' lang='lat' dir='ltr'><strong>luunt»;</strong></span> <span class='ocrx_word' id='word_1_254' title='bbox 351 3142 427 3204; x_wconf 82' lang='lat' dir='ltr'><strong>plecti</strong></span> <span class='ocrx_word' id='word_1_255' title='bbox 437 3143 545 3206; x_wconf 90' lang='lat' dir='ltr'><strong>proprie</strong></span> <span class='ocrx_word' id='word_1_256' title='bbox 559 3154 634 3190; x_wconf 76' lang='lat' dir='ltr'><strong>«ver-</strong></span> <span class='ocrx_word' id='word_1_257' title='bbox 671 3152 849 3202; x_wconf 77' lang='lat' dir='ltr'><strong>«cognoscere</strong></span> <span class='ocrx_word' id='word_1_258' title='bbox 874 3141 955 3203; x_wconf 85' lang='lat' dir='ltr'><strong>etque</strong></span> <span class='ocrx_word' id='word_1_259' title='bbox 980 3145 1105 3193; x_wconf 77' lang='lat' dir='ltr'><strong>accurate</strong></span> <span class='ocrx_word' id='word_1_260' title='bbox 1131 3155 1194 3192; x_wconf 81' lang='lat' dir='ltr'><strong>exe-</strong></span> 
     </span>
     <span class='ocr_line' id='line_1_29' title="bbox 107 3214 1195 3282; baseline 0 -16"><span class='ocrx_word' id='word_1_261' title='bbox 107 3215 216 3268; x_wconf 85' lang='lat' dir='ltr'><strong>beribns</strong></span> <span class='ocrx_word' id='word_1_262' title='bbox 241 3217 354 3282; x_wconf 72' lang='lat' dir='ltr'><strong>puniris</strong></span> <span class='ocrx_word' id='word_1_263' title='bbox 383 3218 437 3267; x_wconf 87' lang='lat' dir='ltr'><strong>Sat.</strong></span> <span class='ocrx_word' id='word_1_264' title='bbox 454 3218 486 3278; x_wconf 77' lang='lat'><strong>2,</strong></span> <span class='ocrx_word' id='word_1_265' title='bbox 513 3217 542 3278; x_wconf 81' lang='lat'><strong>7,</strong></span> <span class='ocrx_word' id='word_1_266' title='bbox 569 3217 630 3265; x_wconf 77' lang='lat'>⁴05:</span> <span class='ocrx_word' id='word_1_267' title='bbox 670 3214 801 3266; x_wconf 80' lang='lat' dir='ltr'><strong>minere.»</strong></span> <span class='ocrx_word' id='word_1_268' title='bbox 822 3242 850 3252; x_wconf 90' lang='lat'><em>-</em></span> <span class='ocrx_word' id='word_1_269' title='bbox 868 3215 997 3278; x_wconf 79' lang='lat' dir='ltr'><strong>ictumque</strong></span> <span class='ocrx_word' id='word_1_270' title='bbox 1017 3229 1067 3278; x_wconf 84' lang='lat' dir='ltr'><strong>per</strong></span> <span class='ocrx_word' id='word_1_271' title='bbox 1090 3217 1195 3282; x_wconf 72' lang='lat' dir='ltr'><strong>copem]</strong></span> 
     </span>
     <span class='ocr_line' id='line_1_30' title="bbox 110 3281 1197 3359; baseline -0.001 -18"><span class='ocrx_word' id='word_1_272' title='bbox 110 3291 182 3356; x_wconf 79' lang='lat' dir='ltr'><strong>lerpo</strong></span> <span class='ocrx_word' id='word_1_273' title='bbox 196 3293 303 3354; x_wconf 81' lang='lat' dir='ltr'><strong>plector.</strong></span> <span class='ocrx_word' id='word_1_274' title='bbox 324 3319 352 3328; x_wconf 93' lang='lat'><strong>—-</strong></span> <span class='ocrx_word' id='word_1_275' title='bbox 369 3290 462 3356; x_wconf 78' lang='lat' dir='ltr'><strong>Aciriol]</strong></span> <span class='ocrx_word' id='word_1_276' title='bbox 484 3291 550 3342; x_wconf 84' lang='lat' dir='ltr'><strong>Miro</strong></span> <span class='ocrx_word' id='word_1_277' title='bbox 567 3303 632 3340; x_wconf 85' lang='lat' dir='ltr'><strong>eou-</strong></span> <span class='ocrx_word' id='word_1_278' title='bbox 670 3287 712 3338; x_wconf 66' lang='grc' dir='ltr'><strong>ἐπί</strong></span> <span class='ocrx_word' id='word_1_279' title='bbox 723 3281 809 3359; x_wconf 78' lang='grc' dir='ltr'><strong><em>εὐρέα</em></strong></span> <span class='ocrx_word' id='word_1_280' title='bbox 819 3286 898 3340; x_wconf 77' lang='grc' dir='ltr'><strong>νῶτα</strong></span> <span class='ocrx_word' id='word_1_281' title='bbox 906 3287 1070 3356; x_wconf 70' lang='grc' dir='ltr'><strong><em>θαλάσσης.</em></strong></span> <span class='ocrx_word' id='word_1_282' title='bbox 1085 3318 1113 3328; x_wconf 96' lang='grc'>-</span> <span class='ocrx_word' id='word_1_283' title='bbox 1126 3293 1197 3343; x_wconf 75' lang='lat' dir='ltr'><strong>Derris</strong></span> 
     </span>
     <span class='ocr_line' id='line_1_31' title="bbox 108 3357 1196 3433; baseline -0.002 -15"><span class='ocrx_word' id='word_1_284' title='bbox 108 3369 175 3418; x_wconf 86' lang='lat' dir='ltr'><strong>mine</strong></span> <span class='ocrx_word' id='word_1_285' title='bbox 191 3369 247 3417; x_wconf 89' lang='lat' dir='ltr'><strong>hcc</strong></span> <span class='ocrx_word' id='word_1_286' title='bbox 263 3379 322 3416; x_wconf 80' lang='lat' dir='ltr'><strong>voc.</strong></span> <span class='ocrx_word' id='word_1_287' title='bbox 332 3367 440 3429; x_wconf 81' lang='lat' dir='ltr'><strong>populos</strong></span> <span class='ocrx_word' id='word_1_288' title='bbox 455 3367 580 3416; x_wconf 89' lang='lat' dir='ltr'><strong>universe</strong></span> <span class='ocrx_word' id='word_1_289' title='bbox 598 3367 633 3417; x_wconf 88' lang='lat' dir='ltr'><strong>si·</strong></span> <span class='ocrx_word' id='word_1_290' title='bbox 669 3363 715 3413; x_wconf 82' lang='lat' dir='ltr'><strong>ribi</strong></span> <span class='ocrx_word' id='word_1_291' title='bbox 732 3364 795 3427; x_wconf 83' lang='lat' dir='ltr'><strong>eet]</strong></span> <span class='ocrx_word' id='word_1_292' title='bbox 811 3357 978 3433; x_wconf 74' lang='grc' dir='ltr'><strong><em>Ἀρνόμενος</em></strong></span> <span class='ocrx_word' id='word_1_293' title='bbox 996 3359 1033 3430; x_wconf 79' lang='grc' dir='ltr'><strong>ἦν</strong></span> <span class='ocrx_word' id='word_1_294' title='bbox 1048 3379 1079 3414; x_wconf 79' lang='lat' dir='ltr'><strong>re</strong></span> <span class='ocrx_word' id='word_1_295' title='bbox 1090 3361 1196 3430; x_wconf 75' lang='grc' dir='ltr'><strong><em>ψυχὴν</em></strong></span> 
     </span>
     <span class='ocr_line' id='line_1_32' title="bbox 107 3434 1196 3507; baseline -0.004 -14"><span class='ocrx_word' id='word_1_296' title='bbox 107 3443 223 3504; x_wconf 75' lang='lat' dir='ltr'><strong>guiticuri</strong></span> <span class='ocrx_word' id='word_1_297' title='bbox 235 3454 323 3504; x_wconf 85' lang='lat' dir='ltr'><strong>eoque</strong></span> <span class='ocrx_word' id='word_1_298' title='bbox 334 3442 414 3492; x_wconf 87' lang='lat' dir='ltr'><strong>etiam</strong></span> <span class='ocrx_word' id='word_1_299' title='bbox 427 3442 549 3491; x_wconf 67' lang='lat' dir='ltr'><strong>licinum</strong></span> <span class='ocrx_word' id='word_1_300' title='bbox 559 3453 632 3492; x_wconf 91' lang='lat' dir='ltr'><strong>com·</strong></span> <span class='ocrx_word' id='word_1_301' title='bbox 669 3439 717 3488; x_wconf 77' lang='lat' dir='ltr'><strong>seui</strong></span> <span class='ocrx_word' id='word_1_302' title='bbox 734 3434 841 3488; x_wconf 78' lang='grc' dir='ltr'>νόστον</span> <span class='ocrx_word' id='word_1_303' title='bbox 853 3437 981 3507; x_wconf 63' lang='grc' dir='ltr'><strong>ἑταίρων.</strong></span> <span class='ocrx_word' id='word_1_304' title='bbox 994 3465 1022 3475; x_wconf 92' lang='grc'><strong>-</strong></span> <span class='ocrx_word' id='word_1_305' title='bbox 1032 3440 1196 3501; x_wconf 59' lang='lat' dir='ltr'><strong>momol-</strong></span> 
     </span>
     <span class='ocr_line' id='line_1_33' title="bbox 107 3505 1195 3580; baseline -0.003 -15"><span class='ocrx_word' id='word_1_306' title='bbox 107 3517 236 3580; x_wconf 86' lang='lat' dir='ltr'><strong>prehendi</strong></span> <span class='ocrx_word' id='word_1_307' title='bbox 247 3517 322 3566; x_wconf 82' lang='lat' dir='ltr'><strong>ralus</strong></span> <span class='ocrx_word' id='word_1_308' title='bbox 335 3517 631 3576; x_wconf 74' lang='lat' dir='ltr'><strong>estbecierius3immo</strong></span> <span class='ocrx_word' id='word_1_309' title='bbox 668 3517 696 3562; x_wconf 83' lang='lat' dir='ltr'><strong>tu</strong></span> <span class='ocrx_word' id='word_1_310' title='bbox 717 3513 829 3577; x_wconf 61' lang='lat' dir='ltr'><strong>Potuit]</strong></span> <span class='ocrx_word' id='word_1_311' title='bbox 851 3507 944 3562; x_wconf 79' lang='grc' dir='ltr'><strong><em>πολλὰ</em></strong></span> <span class='ocrx_word' id='word_1_312' title='bbox 965 3509 989 3562; x_wconf 87' lang='lat' dir='ltr'><strong>d’</strong></span> <span class='ocrx_word' id='word_1_313' title='bbox 1004 3505 1048 3578; x_wconf 61' lang='lat' dir='ltr'><strong>dy!</strong></span> <span class='ocrx_word' id='word_1_314' title='bbox 1071 3512 1103 3564; x_wconf 80' lang='grc' dir='ltr'><strong>ἐν</strong></span> <span class='ocrx_word' id='word_1_315' title='bbox 1123 3509 1195 3562; x_wconf 73' lang='grc' dir='ltr'><strong>πόν-</strong></span> 
     </span>
     <span class='ocr_line' id='line_1_34' title="bbox 107 3581 1195 3655; baseline -0.003 -14"><span class='ocrx_word' id='word_1_316' title='bbox 107 3593 181 3652; x_wconf 81' lang='lat' dir='ltr'><strong>po&#39;ete</strong></span> <span class='ocrx_word' id='word_1_317' title='bbox 199 3591 311 3655; x_wconf 80' lang='lat' dir='ltr'><strong>respicit</strong></span> <span class='ocrx_word' id='word_1_318' title='bbox 329 3589 508 3655; x_wconf 84' lang='lat' dir='ltr'><strong>pestilentiam</strong></span> <span class='ocrx_word' id='word_1_319' title='bbox 524 3589 631 3641; x_wconf 90' lang='lat' dir='ltr'><strong>Achivis</strong></span> <span class='ocrx_word' id='word_1_320' title='bbox 667 3601 707 3654; x_wconf 81' lang='grc' dir='ltr'><strong>τῳ</strong></span> <span class='ocrx_word' id='word_1_321' title='bbox 732 3583 826 3638; x_wconf 73' lang='grc' dir='ltr'><em>πάθεν</em></span> <span class='ocrx_word' id='word_1_322' title='bbox 844 3581 942 3654; x_wconf 81' lang='grc' dir='ltr'><em>ἄλγεα.</em></span> <span class='ocrx_word' id='word_1_323' title='bbox 963 3615 991 3625; x_wconf 92' lang='grc'>-</span> <span class='ocrx_word' id='word_1_324' title='bbox 1011 3587 1195 3653; x_wconf 80' lang='lat' dir='ltr'><strong>immersabilis]</strong></span> 
     </span>
     <span class='ocr_line' id='line_1_35' title="bbox 109 3662 1195 3730; baseline 0.002 -18"><span class='ocrx_word' id='word_1_325' title='bbox 109 3663 139 3713; x_wconf 87' lang='lat' dir='ltr'><strong>ab</strong></span> <span class='ocrx_word' id='word_1_326' title='bbox 163 3663 285 3730; x_wconf 77' lang='lat' dir='ltr'><strong>Apolline</strong></span> <span class='ocrx_word' id='word_1_327' title='bbox 309 3666 421 3729; x_wconf 85' lang='lat' dir='ltr'><strong>propter</strong></span> <span class='ocrx_word' id='word_1_328' title='bbox 445 3664 568 3727; x_wconf 83' lang='lat' dir='ltr'><strong>Chrysen</strong></span> <span class='ocrx_word' id='word_1_329' title='bbox 595 3664 629 3714; x_wconf 88' lang='lat' dir='ltr'><strong>eb</strong></span> <span class='ocrx_word' id='word_1_330' title='bbox 669 3675 768 3726; x_wconf 79' lang='lat' dir='ltr'><strong>«quem</strong></span> <span class='ocrx_word' id='word_1_331' title='bbox 790 3676 835 3712; x_wconf 92' lang='lat' dir='ltr'><strong>res</strong></span> <span class='ocrx_word' id='word_1_332' title='bbox 856 3662 986 3712; x_wconf 78' lang='lat' dir='ltr'><strong>adversae</strong></span> <span class='ocrx_word' id='word_1_333' title='bbox 1009 3663 1152 3727; x_wconf 63' lang='lat' dir='ltr'><strong>derepere</strong></span> <span class='ocrx_word' id='word_1_334' title='bbox 1167 3663 1195 3714; x_wconf 90' lang='lat' dir='ltr'><strong>iu</strong></span> 
     </span>
     <span class='ocr_line' id='line_1_36' title="bbox 109 3732 1195 3809; baseline -0.002 -19"><span class='ocrx_word' id='word_1_335' title='bbox 109 3742 305 3802; x_wconf 70' lang='lat' dir='ltr'><strong>Agamemnone</strong></span> <span class='ocrx_word' id='word_1_336' title='bbox 326 3740 458 3790; x_wconf 89' lang='lat' dir='ltr'><strong>reiectum</strong></span> <span class='ocrx_word' id='word_1_337' title='bbox 486 3739 553 3788; x_wconf 90' lang='lat' dir='ltr'><strong>irato</strong></span> <span class='ocrx_word' id='word_1_338' title='bbox 579 3739 631 3788; x_wconf 86' lang='lat' dir='ltr'><strong>im·</strong></span> <span class='ocrx_word' id='word_1_339' title='bbox 667 3734 858 3808; x_wconf 74' lang='grc' dir='ltr'><strong><em>δυσχείμερόν</em></strong></span> <span class='ocrx_word' id='word_1_340' title='bbox 882 3751 915 3804; x_wconf 72' lang='grc' dir='ltr'><strong>γε</strong></span> <span class='ocrx_word' id='word_1_341' title='bbox 936 3735 1060 3804; x_wconf 76' lang='grc' dir='ltr'><em>πέλαγος</em></span> <span class='ocrx_word' id='word_1_342' title='bbox 1083 3732 1195 3809; x_wconf 76' lang='grc' dir='ltr'><em>ἀτηρᾶς</em></span> 
     </span>
     <span class='ocr_line' id='line_1_37' title="bbox 108 3808 1195 3878; baseline 0 -14"><span class='ocrx_word' id='word_1_343' title='bbox 108 3815 212 3866; x_wconf 87' lang='lat' dir='ltr'><strong>missam</strong></span> <span class='ocrx_word' id='word_1_344' title='bbox 236 3817 397 3878; x_wconf 81' lang='lat' dir='ltr'><strong>ceterosque</strong></span> <span class='ocrx_word' id='word_1_345' title='bbox 416 3813 580 3866; x_wconf 79' lang='lat' dir='ltr'><strong>calamitates</strong></span> <span class='ocrx_word' id='word_1_346' title='bbox 597 3826 630 3864; x_wconf 84' lang='lat' dir='ltr'><strong>ex</strong></span> <span class='ocrx_word' id='word_1_347' title='bbox 667 3808 740 3878; x_wconf 78' lang='grc' dir='ltr'><strong><em>δύης</em></strong></span> <span class='ocrx_word' id='word_1_348' title='bbox 757 3810 888 3876; x_wconf 76' lang='lat' dir='ltr'><strong>(Aeschyl.</strong></span> <span class='ocrx_word' id='word_1_349' title='bbox 903 3814 991 3863; x_wconf 87' lang='lat' dir='ltr'><strong>Prom.</strong></span> <span class='ocrx_word' id='word_1_350' title='bbox 1004 3813 1083 3876; x_wconf 69' lang='lat' dir='ltr'><strong>lib),</strong></span> <span class='ocrx_word' id='word_1_351' title='bbox 1101 3815 1195 3878; x_wconf 89' lang='lat' dir='ltr'><strong>oppri-</strong></span> 
     </span>
     <span class='ocr_line' id='line_1_38' title="bbox 109 3887 1192 3952; baseline 0.002 -15"><span class='ocrx_word' id='word_1_352' title='bbox 109 3901 195 3951; x_wconf 76' lang='lat' dir='ltr'><strong>regum</strong></span> <span class='ocrx_word' id='word_1_353' title='bbox 213 3889 251 3938; x_wconf 84' lang='lat' dir='ltr'><strong>ire</strong></span> <span class='ocrx_word' id='word_1_354' title='bbox 271 3891 352 3940; x_wconf 82' lang='lat' dir='ltr'><strong>ortus.</strong></span> <span class='ocrx_word' id='word_1_355' title='bbox 668 3900 893 3950; x_wconf 89' lang='lat' dir='ltr'><strong>merenunquam</strong></span> <span class='ocrx_word' id='word_1_356' title='bbox 909 3890 1079 3952; x_wconf 84' lang='lat' dir='ltr'><strong>potuerunt.»</strong></span> <span class='ocrx_word' id='word_1_357' title='bbox 1105 3888 1153 3938; x_wconf 89' lang='lat' dir='ltr'><strong>Od.</strong></span> <span class='ocrx_word' id='word_1_358' title='bbox 1166 3887 1192 3951; x_wconf 79' lang='lat' dir='ltr'><strong>i,</strong></span> 
     </span>
    </p>

    <p class='ocr_par' dir='ltr' id='par_1_12' title="bbox 109 3960 1195 4323">
     <span class='ocr_line' id='line_1_39' title="bbox 138 3960 1195 4028; baseline 0.001 -17"><span class='ocrx_word' id='word_1_359' title='bbox 138 3963 224 4012; x_wconf 71' lang='grc' dir='ltr'><strong>Π-Ξθ.</strong></span> <span class='ocrx_word' id='word_1_360' title='bbox 252 3963 357 4028; x_wconf 70' lang='lat' dir='ltr'><strong>Amne]</strong></span> <span class='ocrx_word' id='word_1_361' title='bbox 382 3963 521 4027; x_wconf 84' lang='lat' dir='ltr'><strong>Antiquior</strong></span> <span class='ocrx_word' id='word_1_362' title='bbox 545 3963 631 4013; x_wconf 85' lang='lat' dir='ltr'><strong>torma</strong></span> <span class='ocrx_word' id='word_1_363' title='bbox 668 3961 700 4023; x_wconf 84' lang='lat' dir='ltr'><strong>l,</strong></span> <span class='ocrx_word' id='word_1_364' title='bbox 719 3962 765 4011; x_wconf 79' lang='lat'><strong>65:</strong></span> <span class='ocrx_word' id='word_1_365' title='bbox 794 3960 887 4012; x_wconf 59' lang='grc' dir='ltr'><strong>Μανία</strong></span> <span class='ocrx_word' id='word_1_366' title='bbox 899 3963 1040 4025; x_wconf 65' lang='lat' dir='ltr'><strong>munero:</strong></span> <span class='ocrx_word' id='word_1_367' title='bbox 1063 3963 1195 4024; x_wconf 69' lang='lat' dir='ltr'><strong>pulchrior</strong></span> 
     </span>
     <span class='ocr_line' id='line_1_40' title="bbox 109 4031 1194 4101; baseline 0.004 -18"><span class='ocrx_word' id='word_1_368' title='bbox 109 4037 146 4084; x_wconf 88' lang='lat' dir='ltr'><strong>est</strong></span> <span class='ocrx_word' id='word_1_369' title='bbox 160 4049 277 4098; x_wconf 71' lang='lat' dir='ltr'><strong>maen,</strong></span> <span class='ocrx_word' id='word_1_370' title='bbox 297 4051 359 4088; x_wconf 83' lang='lat' dir='ltr'><strong>nem</strong></span> <span class='ocrx_word' id='word_1_371' title='bbox 377 4035 459 4088; x_wconf 80' lang='lat' dir='ltr'><strong>alteru</strong></span> <span class='ocrx_word' id='word_1_372' title='bbox 472 4037 544 4101; x_wconf 85' lang='lat' dir='ltr'><strong>upud</strong></span> <span class='ocrx_word' id='word_1_373' title='bbox 557 4035 632 4087; x_wconf 86' lang='lat' dir='ltr'><strong>Pleu·</strong></span> <span class='ocrx_word' id='word_1_374' title='bbox 668 4037 744 4087; x_wconf 75' lang='lat' dir='ltr'><strong>eniel.</strong></span> <span class='ocrx_word' id='word_1_375' title='bbox 773 4034 847 4085; x_wconf 87' lang='lat' dir='ltr'><strong>Pind.</strong></span> <span class='ocrx_word' id='word_1_376' title='bbox 861 4036 937 4099; x_wconf 81' lang='lat' dir='ltr'><strong>Pyth.</strong></span> <span class='ocrx_word' id='word_1_377' title='bbox 951 4037 979 4096; x_wconf 77' lang='lat'><strong>2,</strong></span> <span class='ocrx_word' id='word_1_378' title='bbox 997 4037 1044 4086; x_wconf 85' lang='lat'><strong>8⁰:</strong></span> <span class='ocrx_word' id='word_1_379' title='bbox 1068 4031 1194 4098; x_wconf 73' lang='grc' dir='ltr'><strong><em>ἀβάπτι-</em></strong></span> 
     </span>
     <span class='ocr_line' id='line_1_41' title="bbox 110 4103 1192 4181; baseline 0.002 -22"><span class='ocrx_word' id='word_1_380' title='bbox 110 4119 160 4166; x_wconf 76' lang='lat' dir='ltr'><strong>lum</strong></span> <span class='ocrx_word' id='word_1_381' title='bbox 188 4123 241 4160; x_wconf 90' lang='lat' dir='ltr'><strong>non</strong></span> <span class='ocrx_word' id='word_1_382' title='bbox 271 4113 412 4176; x_wconf 87' lang='lat' dir='ltr'><strong>reperitur.</strong></span> <span class='ocrx_word' id='word_1_383' title='bbox 454 4112 541 4175; x_wconf 80' lang='lat' dir='ltr'><strong>Reisig</strong></span> <span class='ocrx_word' id='word_1_384' title='bbox 573 4113 630 4162; x_wconf 80' lang='lat' dir='ltr'><strong>Lot.</strong></span> <span class='ocrx_word' id='word_1_385' title='bbox 670 4107 741 4172; x_wconf 78' lang='grc' dir='ltr'><strong><em>στός</em></strong></span> <span class='ocrx_word' id='word_1_386' title='bbox 757 4109 829 4174; x_wconf 79' lang='grc' dir='ltr'><em>εἰμι,</em></span> <span class='ocrx_word' id='word_1_387' title='bbox 847 4105 954 4172; x_wconf 78' lang='grc' dir='ltr'><strong><em>φελλὸς</em></strong></span> <span class='ocrx_word' id='word_1_388' title='bbox 964 4103 1004 4173; x_wconf 78' lang='grc' dir='ltr'><strong>ὣς</strong></span> <span class='ocrx_word' id='word_1_389' title='bbox 1016 4104 1088 4181; x_wconf 78' lang='grc' dir='ltr'><strong>ὑπὲρ</strong></span> <span class='ocrx_word' id='word_1_390' title='bbox 1099 4103 1192 4181; x_wconf 69' lang='grc' dir='ltr'><strong><em>ἕρκος,</em></strong></span> 
     </span>
     <span class='ocr_line' id='line_1_42' title="bbox 109 4176 1193 4250; baseline 0 -16"><span class='ocrx_word' id='word_1_391' title='bbox 109 4182 232 4244; x_wconf 76' lang='lat' dir='ltr'><strong>Sprnciru</strong></span> <span class='ocrx_word' id='word_1_392' title='bbox 244 4197 270 4248; x_wconf 94' lang='lat' dir='ltr'><strong>p.</strong></span> <span class='ocrx_word' id='word_1_393' title='bbox 281 4186 339 4236; x_wconf 71' lang='lat' dir='ltr'><strong>nil.</strong></span> <span class='ocrx_word' id='word_1_394' title='bbox 359 4184 466 4236; x_wconf 80' lang='lat' dir='ltr'><strong>sedhic</strong></span> <span class='ocrx_word' id='word_1_395' title='bbox 479 4188 632 4236; x_wconf 89' lang='lat' dir='ltr'><strong>certecon-</strong></span> <span class='ocrx_word' id='word_1_396' title='bbox 669 4176 774 4250; x_wconf 79' lang='grc' dir='ltr'><strong><em>ἅλμας.</em></strong></span> <span class='ocrx_word' id='word_1_397' title='bbox 799 4181 914 4235; x_wconf 88' lang='lat' dir='ltr'><strong>Achilles</strong></span> <span class='ocrx_word' id='word_1_398' title='bbox 930 4185 987 4234; x_wconf 84' lang='lat' dir='ltr'><strong>Tui.</strong></span> <span class='ocrx_word' id='word_1_399' title='bbox 1004 4184 1028 4235; x_wconf 85' lang='grc'><strong>3.</strong></span> <span class='ocrx_word' id='word_1_400' title='bbox 1046 4198 1074 4249; x_wconf 80' lang='grc' dir='ltr'><strong>ρ.</strong></span> <span class='ocrx_word' id='word_1_401' title='bbox 1091 4186 1132 4235; x_wconf 83' lang='grc'><strong>68.</strong></span> <span class='ocrx_word' id='word_1_402' title='bbox 1150 4185 1193 4234; x_wconf 88' lang='lat' dir='ltr'><strong>la-</strong></span> 
     </span>
     <span class='ocr_line' id='line_1_43' title="bbox 110 4254 1192 4323; baseline 0.003 -16"><span class='ocrx_word' id='word_1_403' title='bbox 110 4259 145 4307; x_wconf 85' lang='lat' dir='ltr'><strong>tre</strong></span> <span class='ocrx_word' id='word_1_404' title='bbox 153 4261 267 4322; x_wconf 87' lang='lat' dir='ltr'><strong>optimos</strong></span> <span class='ocrx_word' id='word_1_405' title='bbox 276 4259 360 4310; x_wconf 90' lang='lat' dir='ltr'><strong>Codd.</strong></span> <span class='ocrx_word' id='word_1_406' title='bbox 371 4260 467 4311; x_wconf 88' lang='lat' dir='ltr'><strong>intrudi</strong></span> <span class='ocrx_word' id='word_1_407' title='bbox 480 4274 495 4310; x_wconf 88' lang='lat' dir='ltr'><strong>a</strong></span> <span class='ocrx_word' id='word_1_408' title='bbox 507 4258 625 4312; x_wconf 89' lang='lat' dir='ltr'><strong>Bentleio</strong></span> <span class='ocrx_word' id='word_1_409' title='bbox 670 4259 750 4311; x_wconf 89' lang='lat' dir='ltr'><strong>cobs:</strong></span> <span class='ocrx_word' id='word_1_410' title='bbox 764 4254 868 4323; x_wconf 75' lang='grc' dir='ltr'><strong><em>πλήθει</em></strong></span> <span class='ocrx_word' id='word_1_411' title='bbox 876 4255 1074 4323; x_wconf 74' lang='grc' dir='ltr'><strong>βαπτισθῆναι</strong></span> <span class='ocrx_word' id='word_1_412' title='bbox 1084 4255 1192 4310; x_wconf 76' lang='grc' dir='ltr'><strong>κακῶν.</strong></span> 
     </span>
    </p>
   </div>
   <div class='ocr_carea' id='block_1_8' title="bbox 0 0 1468 4892">
    <p class='ocr_par' dir='ltr' id='par_1_13' title="bbox 0 0 1468 4892">
     <span class='ocr_line' id='line_1_44' title="bbox 0 0 1468 4892; baseline 0 2"><span class='ocrx_word' id='word_1_413' title='bbox 0 0 1468 4892; x_wconf 95' lang='lat' dir='ltr'><strong> </strong></span> 
     </span>
    </p>
   </div>
  </div>
 </body>
</html>
