2925 4892
511 395 573 446 nm.
590 396 624 446 u.
658 395 727 447 sar.
745 395 777 446 n.
1127 395 1185 464 224

144 577 322 648 Rancidum
343 599 458 666 aprum
481 577 603 665 antiqui
625 576 816 656 laudabant,
840 577 1003 665 nunquia
1025 595 1125 645 nasus

143 700 206 766 illis
227 699 336 765 nullus
358 709 443 776 erat,
466 698 526 765 sed
548 699 648 765 credo
669 697 731 765 hac
753 707 877 777 mente,
901 698 991 787 quod
1005 699 1126 788 hospes
1147 702 1190 766 90

141 821 277 887 Tardius
300 819 477 887 adveniens
498 820 644 886 vitiatum
667 819 869 886 commodius
893 841 992 908 quam

141 944 305 1029 integrum
320 940 406 1007 edan
419 939 570 1007 dominus
584 951 800 1008 consumeret.
832 942 901 1008 ilos
915 943 1037 1010 utinam
1049 940 1133 1010 inter

141 1065 267 1129 Heroas
288 1071 401 1128 natum
422 1059 517 1128 tellus
538 1080 591 1126 me
613 1062 718 1149 prima
739 1061 879 1130 tulissetl

142 1186 206 1250 llas
228 1182 354 1271 aliquid
374 1182 494 1259 lamae,
518 1201 604 1268 quae
626 1182 770 1249 carmine
792 1183 912 1270 gratior
933 1202 1046 1251 aurem

141 1306 292 1392 Occupet
313 1303 503 1370 humanam:
526 1301 667 1389 grandes
688 1301 814 1369 rhombi
835 1303 1032 1392 patinaeque
1147 1307 1189 1370 95

141 1425 271 1492 Grande
293 1426 400 1492 ierunt
421 1445 486 1491 una
507 1443 582 1491 cum
603 1423 723 1491 damno
745 1423 908 1504 dedecus3
931 1424 1016 1492 adde

161 1623 202 1673 et.
220 1623 325 1672 vitiaret
340 1633 476 1686 superscr.
497 1623 615 1672 44444444
630 1621 662 1681 S,
678 1622 780 1671 44444444
797 1633 820 1671 c.
847 1622 888 1684 (Ul
904 1633 968 1682 nos,
987 1621 1045 1686 hp.)
1066 1651 1093 1660 —
1112 1625 1153 1675 95.

134 1699 240 1760 04444444
257 1710 300 1761 cp,
316 1710 359 1761 pr.
378 1699 409 1758 S,
426 1713 464 1763 yn
481 1709 560 1748 «cum
577 1695 635 1746 aliie
652 1696 802 1759 quinqua·
831 1695 946 1746 Pollieril
962 1695 1097 1760 plerique,
1119 1698 1154 1760 C,

134 1770 283 1821 Benlleiue:
303 1771 414 1833 Occupat
430 1769 463 1834 1),
482 1783 554 1822 corr.
572 1772 602 1832 8,
620 1785 675 1834 νφ,
692 1784 742 1822 sex
758 1771 889 1832 Pollieril,
908 1771 1007 1822 lillis.

100 1939 405 2003 hospitisupervcuiens‚
424 1940 539 2003 quoiam
547 1937 625 1989 caedi
662 1935 733 1989 mele
749 1937 879 2002 punctum
896 1939 999 2002 ponunt
1014 1940 1076 2003 pcat
1092 1953 1117 1989 v.
1126 1939 1189 2003 pta-

99 2011 624 2077 ctcoquiporcuenoquit.»-vitiottm]
662 2017 707 2062 cet.
729 2038 754 2050 -
775 2013 830 2062 1444
846 2011 943 2073 aliquid
966 2013 1060 2078 [44444]
1086 2016 1188 2066 Seneca

100 2086 363 2149 carracetulum.
394 2087 541 2151 opponitur
557 2085 626 2136 lete·
662 2084 837 2147 4441144444,
857 2087 901 2137 lc:
919 2087 1190 2150 mamaccas-

97 2175 183 2223 Μ,
212 2163 373 2211 «recentem
395 2159 525 2224 44144»
552 2173 622 2211 non:
662 2161 718 2211 4444
734 2161 811 2210 441444
825 2160 995 2223 [4444441444.
1022 2163 1104 2216 Tacit.
1117 2165 1186 2214 Anu.

100 2237 225 2286 «144444»
245 2259 273 2270 -
292 2235 501 2298 clav-floreae]
520 2235 624 2286 Festive
663 2235 692 2294 4,
716 2235 745 2284 l:
773 2234 859 2286 Dabat
879 2241 903 2286 et
924 2237 1010 2300 444444
1034 2243 1063 2287 ut
1086 2243 1189 2288 4444444

99 2311 134 2360 sic
149 2312 231 2360 vocat
248 2310 372 2373 antiques
387 2311 504 2361 rusticos
527 2311 626 2362 liema-
661 2308 799 2369 4144444444
812 2310 896 2371 potius
906 2323 924 2359 4
934 2324 963 2361 re
976 2311 1079 2374 publica
1093 2313 1189 2362 4141444-

98 2397 154 2444 nos,
173 2384 287 2447 utvirg.
302 2385 395 2436 floret.
408 2384 449 2434 eo.
463 2384 497 2434 de
509 2384 621 2436 Simulo:
661 2387 712 2432 aar.
731 2383 807 2434 Coul.
818 2383 884 2448 Epp.
895 2385 919 2445 2,
934 2386 958 2446 4,
972 2387 1028 2436 lili.
1045 2413 1072 2422 -
1086 2400 1189 2449 quae·-

97 2459 164 2522 Erpo
180 2459 264 2508 414444
283 2459 387 2509 44444444
403 2471 475 2521 open
495 2459 542 2508 eibi
560 2472 625 2522 pro-
662 2457 777 2523 Occupel]
790 2458 842 2508 Cir.
856 2459 1006 2522 Virg.Aca.
1020 2461 1048 2522 3,
1067 2461 1130 2512 eol:
1149 2475 1189 2512 rc·

96 2534 167 2582 44444
181 2535 265 2584 laos.
286 2559 315 2570 —·
332 2533 425 2583 444144-
432 2533 528 2597 pmcn]
545 2533 626 2584 l'imi·
660 2533 806 2594 4444414444
823 2540 928 2595 erepat
944 2547 1027 2584 44444.
1060 2537 1090 2585 ln
1107 2548 1188 2599 prose

97 2606 155 2659 dius
178 2609 276 2670 llcyne
299 2609 327 2657 et
350 2608 468 2671 Wagner
491 2607 528 2657 ad
551 2608 622 2670 14ης,
661 2619 701 2656 or.
714 2607 806 2656 4444444
821 2609 856 2656 orl
872 2621 961 2668 44444,
980 2610 1008 2658 44
1018 2607 1188 2659 4444444444-

96 2683 159 2732 len.
179 2683 209 2742 4,
234 2681 259 2730 4.
287 2679 420 2743 explicant
444 2681 621 2745 «antiquitus,
661 2678 748 2730 solute
765 2678 837 2743 apud
854 2680 956 2731 livium
978 2681 1023 2743 44,
1047 2681 1092 2730 6l:
1117 2683 1190 2744 [4444
1272 2725 1281 2732 .

97 2753 184 2804 olim·
201 2753 337 2804 Facillime
354 2757 397 2805 esi
407 2755 556 2818 hyperbole
573 2769 623 2820 pro
662 2753 821 2816 (41444444,
847 2753 959 2818 4144444)
982 2755 1082 2805 44444144.
1118 2757 1189 2807 Con·

95 2831 179 2890 prim
194 2828 301 2878 moran
315 2833 406 2880 444444.
445 2829 498 2880 Cir.
518 2831 571 2880 Sat.
591 2832 621 2891 4,
659 2828 807 2880 iuncliuum
824 2828 869 2879 hic
885 2827 1011 2892 praetuli,
1039 2841 1100 2879 cum
1118 2831 1189 2894 opti-

96 2902 124 2965 3,
141 2905 184 2955 99.
207 2906 237 2954 44
258 2901 419 2954 Claudianus
441 2904 468 2954 ia
487 2903 573 2955 144414.
592 2905 621 2964 4,
660 2916 705 2954 me
730 2903 770 2952 sic
796 2900 954 2966 explicetur,
982 2906 1094 2968 «utpote
1119 2917 1189 2967 quae

97 2979 157 3028 loli:
188 2978 274 3028 Talem
294 2979 427 3042 4449444444
449 2979 578 3028 mm
601 2979 625 3027 4·
661 2979 813 3042 occupem
841 2975 869 3026 id
898 2979 956 3037 eet,
986 2978 1086 3040 «ideo,
1115 2979 1188 3043 quod

95 3053 179 3113 prim
211 3051 320 3114 44444444,
355 3053 496 3102 Pirithoum
525 3053 624 3118 {werel
661 3053 800 3115 occupat.»
829 3053 881 3102 Per
890 3051 1062 3104 indicativum
1073 3053 1104 3104 ct
1113 3053 1188 3105 locus

99 3125 620 3191 nam.-tuliaa]conl.sat.t,t,ta
661 3125 825 3186 commuuis;
852 3139 903 3176 nec
920 3127 984 3178 44444
1008 3129 1083 3180 recle
1103 3130 1190 3180 inler-

661 3203 781 3264 prelalur
795 3197 930 3252 Bentleius
948 3202 1082 3264 (ceterum
1098 3201 1190 3253 lectic-
1267 3247 1271 3264 ,

126 3274 217 3326 94-96.
236 3275 280 3324 «Si
290 3274 379 3326 lamae
390 3273 490 3339 aliquid
502 3274 624 3326 4444444-
661 3287 723 3326 nem
739 3279 844 3338 4444444
859 3275 1037 3338 praelerensl:
1058 3277 1125 3328 «Das
1140 3275 1190 3328 ali·

98 3347 160 3400 dum
176 3361 239 3399 csse
257 3349 395 3400 4444444444
412 3349 476 3413 (qua
487 3349 522 3401 de
533 3362 563 3398 re
575 3349 624 3399 mi·
661 3347 726 3410 quid
743 3349 844 3410 lamae,
864 3361 933 3410 quae
949 3347 1021 3398 hona
1041 3353 1069 3399 et
1093 3351 1189 3400 iucun-

99 3425 165 3474 nime
184 3421 300 3486 dubito),
326 3424 395 3473 scito
419 3421 552 3474 luxuriem
575 3421 624 3472 libi
662 3422 771 3474 dissime
783 3425 848 3473 siti»
860 3422 1042 3484 sanmmenim
1054 3434 1116 3472 esse
1127 3435 1187 3473 voc.

99 3496 214 3549 mecm
239 3495 381 3547 allamram
407 3509 494 3548 cese.»
538 3497 622 3558 Scito,
662 3495 797 3556 medium
815 3509 911 3546 verum
927 3493 1016 3545 bonae
1034 3495 1121 3546 lamae
1139 3510 1189 3546 no·

98 3572 130 3621 ric
144 3577 320 3635 msaepe
336 3572 373 3621 444
384 3572 544 3634 cogitatione
556 3584 624 3636 sup·
661 3572 698 3621 tio
714 3572 785 3621 inest
803 3571 830 3620 in
845 3583 889 3620 w.
913 3569 968 3618 Dae
988 3568 1094 3631 aliquid.
1123 3571 1190 3620 1441·-

10 3666 11 3677 *
98 3645 223 3709 piendum
249 3649 305 3704 est3
334 3645 362 3695 44
387 3645 461 3708 quod
488 3645 624 3696 interdum
661 3646 776 3710 phyrion
794 3644 828 3694 44
845 3644 872 3693 14.
886 3641 914 3692 1.;
934 3643 1189 3698 «Η44444444144444

98 3721 255 3785 interpretes
280 3717 383 3779 44441444,
410 3721 441 3770 44
464 3718 539 3771 ovid.
559 3721 623 3771 liet.
662 3720 761 3770 dhisse
778 3717 899 3768 traditur.
935 3718 1055 3778 iseuim,
1075 3720 1190 3770 cumvi-

101 3795 309 3856 lt,leo:1lovo
324 3799 396 3844 44444
409 3793 495 3856 fallax
510 3794 627 3844 44444444
662 3795 746 3846 disset
784 3791 984 3842 adolescentem
1023 3789 1190 3844 luxuriosum

98 3869 186 3931 444444
202 3873 308 3932 mant,
332 3867 400 3930 quod
415 3881 486 3918 rcccr
500 3869 626 3931 14444444-
662 3865 859 3919 acroamalihus
877 3865 1009 3927 deditum,
1034 3866 1082 3914 ait:
1109 3867 1190 3918 14444-

99 3943 137 3992 der
151 3944 196 3993 tibi
212 3944 259 4004 sit,
287 3943 332 4004 qui
347 3955 451 3994 car-cm
465 3943 542 4005 [44444
558 3943 625 3992 Gon-
662 3955 723 3993 rum
739 3943 781 4004 te,
799 3939 970 4001 adolescens,
989 3940 1036 4003 qui
1052 3953 1190 4004 nunquam

99 4017 172 4068 444444
187 4023 275 4069 centos
290 4022 329 4077 et,
346 4030 406 4067 aen
420 4017 494 4078 44444,
512 4030 626 4079 aequora
662 4015 760 4066 audisti
777 4027 913 4066 summum
925 4025 1063 4074 acroama,
1082 4013 1190 4065 laudem

96 4091 189 4151 purat:
216 4093 279 4155 (hoc
304 4092 447 4155 cogilalozl
474 4091 626 4144 0444444444
664 4091 773 4140 luaml·
804 4087 867 4139 ollii
894 4087 922 4138 id
952 4087 1072 4138 44444444
1099 4087 1190 4139 Xeno-

101 4168 177 4217 nioei
193 4172 328 4218 4444444444
342 4179 457 4228 aequore
476 4167 557 4225 44444,
582 4167 627 4218 Nil
663 4165 764 4230 phouli.
799 4162 865 4215 Vide
882 4164 941 4213 lntt.
961 4162 996 4214 ad
1012 4163 1093 4213 ilem.
1108 4162 1138 4222 2,
1159 4162 1188 4220 4,

101 4234 265 4292 mosem
284 4246 319 4291 eet
346 4244 410 4304 cet„
436 4238 484 4292 ubi
504 4238 627 4305 plerique
663 4239 722 4290 44.»
751 4238 943 4292 Wrrcmlurm
960 4235 995 4288 44
1011 4234 1123 4288 44414414.
1146 4233 1188 4286 Fr.
