2925 4892
251 335 314 402 396
613 332 744 386 nouum
759 327 980 420 eristumiiuu

294 495 436 560 Antenor
457 473 569 558 censet
589 489 665 558 belli
688 485 880 577 praecidere
901 503 1043 552 ceusem.

295 613 381 696 Quid
402 612 515 681 Paris?
541 612 581 680 Ut
601 610 711 679 salvus
733 617 847 696 regnet
866 607 1018 694 vivetque
1039 603 1169 680 beatus,
1302 603 1342 666 io

297 736 375 824 Cogi
397 753 497 823 posse
519 742 624 822 neget.
667 734 784 799 Nestor
804 748 1002 818 componere
1023 725 1096 794 lites

295 859 381 924 luter
402 853 536 924 Peliden
558 853 685 922 festinet
706 862 740 920 et
760 853 843 918 inter
863 850 1012 928 Atriden3

295 979 387 1046 llunc
408 997 514 1054 emor,
539 977 586 1042 ire
608 972 742 1062 quidem
763 972 976 1040 communiter
998 968 1062 1035 urit
1081 979 1267 1058 utrumque.

296 1098 464 1188 Quidquid
486 1096 624 1164 delirant
644 1115 756 1182 reges,
780 1093 963 1182 plectuntur
983 1090 1104 1159 Achiui.

297 1219 478 1298 Sedldone,
503 1217 602 1295 dolis,
627 1215 754 1284 scelere
775 1225 873 1304 etque
895 1212 1028 1282 libidine
1050 1223 1084 1281 et
1104 1213 1151 1279 ira
1303 1211 1343 1277 l5

219 1519 222 1528 ,
324 1460 364 1511 ιο.
390 1457 455 1522 eae
469 1431 561 1507 rami
580 1455 610 1504 ur
624 1453 832 1518 oscopuctro:
852 1451 1016 1514 ceam,
1033 1451 1101 1512 orn,
1112 1447 1244 1516 oyem,
1262 1461 1310 1500 sex

287 1533 417 1594 Poitierii,
435 1529 569 1582 Bentleius
586 1529 613 1579 ei
629 1529 664 1580 ii.
684 1554 712 1564 -
732 1527 773 1576 ii.
786 1525 863 1589 Inter]
878 1526 979 1577 Primae
987 1523 1098 1577 Bentleii
1109 1525 1264 1576 coniectura
1276 1523 1311 1575 ed

288 1609 341 1659 Sei.
360 1609 385 1670 i,
403 1607 428 1668 7,
447 1605 487 1657 44.
509 1631 536 1642 -
554 1601 852 1655 Peieiriem--Aireideo
867 1600 924 1664 (sic)
942 1601 971 1651 i..

288 1815 357 1866 eit.
369 1813 479 1864 Antenor
490 1810 553 1876 eei]
567 1809 605 1861 Gi.
617 1809 694 1861 liom.
704 1805 778 1858 illud.
817 1805 937 1870 proprie:
962 1805 1039 1869 «ipse
1064 1817 1144 1856 suum
1169 1805 1280 1855 exitium
1301 1808 1344 1856 te·

256 1905 287 1956 η,
305 1888 535 1952 Βιιιᾳιιὼίιιι,
555 1887 585 1935 i:
603 1883 712 1944 dacem,
731 1880 781 1932 Ae-
818 1893 893 1931 mere
910 1882 992 1944 utque
1009 1879 1157 1930 inconsulto
1174 1877 1253 1931 soluti
1270 1883 1345 1931 unie-

255 1975 318 2015 oeae
332 1960 629 2026 Antenorique-quia
640 1958 782 2022 paeurea
817 1955 917 2020 ponii.»
945 1955 984 2006 Ci.
1004 1953 1171 2006 Funklreeuel
1188 1957 1341 2020 laiseins.

255 2037 398 2098 deedaepue
416 2036 523 2086 Helenae
547 2047 643 2096 seraper
667 2037 782 2082 auctores
817 2030 943 2080 iterum
963 2029 1036 2080 itio.
1049 2043 1076 2094 p.
1089 2030 1148 2081 7⁰2.
1177 2031 1271 2081 'l'otam
1292 2029 1344 2082 loci

255 2113 371 2176 peccat,
396 2123 467 2160 oenoe
481 2109 522 2158 ius
538 2107 593 2158 tetii
608 2106 712 2156 Achivos
723 2105 781 2154 olis-
817 2105 871 2154 vim
889 2117 921 2155 ec
943 2104 1114 2154 testivitatem
1135 2105 1344 2167 imminuerunt,

255 2185 357 2236 ιιιιιιιιιι
380 2183 509 2248 (consini).
533 2209 560 2219 -
582 2185 688 2232 cauet-
700 2193 782 2242 proe-
819 2181 847 2229 et
863 2180 908 2242 qui
920 2178 1110 2230 distinxerunt:
1129 2180 1346 2242 rouidi’aririu-

255 2259 345 2321 eidere]
374 2259 457 2309 Huius
485 2255 690 2306 constructionis
717 2267 780 2319 per·
818 2255 868 2313 cit,
888 2258 917 2303 ut
934 2253 1006 2316 (quo)
1023 2253 1109 2302 ratum
1123 2259 1210 2318 repaet
1225 2255 1346 2316 vivatque

257 2331 339 2385 mulie
352 2329 474 2395 exemplu
486 2330 645 2395 praesertim
663 2343 696 2379 ex
708 2329 781 2380 livio
818 2325 924 2377 maiar?
940 2327 1001 2390 Cupi
1013 2340 1086 2388 posse
1096 2332 1172 2390 erepat
1182 2327 1217 2378 od
1229 2328 1348 2379 redden-

257 2410 284 2460 ei
302 2404 446 2460 Columella
469 2403 574 2468 collegii
594 2403 727 2454 Druireuh.
747 2403 780 2454 ed
819 2401 881 2453 dem
894 2400 1064 2460 mulieremp·
1083 2404 1111 2451 et
1121 2400 1256 2453 Bentleius
1268 2415 1348 2466 prue-

257 2483 396 2543 lium,
410 2480 439 2531 i:
460 2478 782 2544 (boneregiuirertaioate
818 2477 921 2527 terens:
942 2477 1108 2538 (iaedi'orie,
1126 2479 1228 2538 nicei,
1247 2476 1275 2527 id
1288 2481 1344 2529 eet:

256 2561 412 2608 caurauni.
437 2553 623 2619 «Repetendus
634 2555 676 2604 esi
686 2555 729 2604 hic
740 2553 781 2604 lo-
819 2551 913 2611 «Quod
931 2551 969 2614 (ut
985 2549 1047 2601 belli
1064 2563 1174 2602 causum
1186 2553 1345 2616 praecidet),

257 2631 356 2696 queudi
373 2643 438 2682 usus
455 2643 470 2679 ιι
490 2629 609 2690 Graecis,
629 2629 674 2691 qui
690 2627 781 2679 verbis
818 2629 897 2690 neget
913 2639 944 2676 se
965 2639 1046 2690 posse
1067 2625 1120 2676 ulie
1139 2627 1268 2678 mercede
1285 2631 1347 2693 cogi

257 2699 406 2772 ἡγεῖσθαι,
419 2701 549 2766 οἴεσθαι,
562 2701 659 2752 δοκεῖν
669 2700 781 2765 aliisque
818 2703 865 2750 oui
881 2699 984 2759 induei;
1004 2702 1084 2752 etiem
1095 2703 1126 2751 ut
1137 2699 1276 2764 (burburez
1293 2715 1348 2767 po-

257 2780 285 2831 id
301 2793 385 2844 genus
402 2781 551 2840 notionem¹
571 2790 640 2841 quae
658 2791 673 2828 e
690 2780 782 2827 nostre
819 2777 885 2836 sito,
908 2775 944 2838 ut)
967 2774 1056 2826 sulvus
1077 2779 1187 2840 regnet»
1208 2779 1272 2838 eet..
1291 2790 1347 2841 que

257 2853 367 2918 quidem
384 2852 516 2917 cogitandi
538 2854 640 2902 ratione
659 2853 712 2902 est:
736 2863 782 2900 ae-
819 2850 845 2900 iu
858 2848 1033 2913 explicetione
1043 2851 1347 2915 pmeiereueeaniiiuo

257 2941 335 2992 paren
352 2941 449 2989 sepas
465 2927 592 2987 iudicare,
610 2924 781 2976 subiiciunt.»
819 2925 942 2990 precurio
958 2926 1112 2976 assumitur.
1127 2953 1156 2963 -
1169 2939 1243 2990 porse
1258 2928 1347 2993 nepot]

257 3003 348 3053 Ouum.
369 3027 397 3036 -
405 2999 560 3064 praecidere]
577 3001 608 3048 ιιι
623 3001 719 3049 neutue
730 3013 783 3049 un·
819 2999 921 3050 Eodem
932 3001 1129 3051 constructione
1141 3001 1254 3065 (graecu)
1264 3004 1349 3053 omis-

258 3087 338 3126 corue
350 3073 441 3124 lunem
452 3074 553 3134 securi,
571 3073 701 3135 lroppen.
724 3074 779 3125 Cic.
820 3087 851 3124 so
867 3076 1026 3140 pronomine
1037 3087 1062 3125 re
1073 3075 1143 3139 Virg.
1156 3080 1223 3126 Aen.
1235 3077 1265 3136 ³,
1279 3077 1344 3127 iot:

257 3147 569 3209 verr.uce.5,33,88:
587 3149 783 3210 Priueeprcieo-
818 3150 873 3212 ipre
896 3150 962 3201 diere
985 3155 1130 3212 aerumque
1152 3157 1228 3216 nepai
1248 3152 1347 3201 mecer-

257 3235 340 3274 mertet
349 3222 377 3271 io
388 3221 542 3284 quadriremi
554 3222 717 3286 Gemumpiea
726 3237 783 3273 ma-
818 3237 878 3275 aere
893 3226 971 3275 coeio.
986 3253 1015 3265 -
1027 3226 1117 3275 Nestor
1130 3227 1193 3290 cet]
1211 3226 1250 3276 Ci.
1264 3227 1345 3277 llum.

258 3296 401 3360 imerici,
418 3295 475 3346 ueta
489 3296 559 3360 fieri,
574 3297 690 3358 praecidi
706 3311 783 3349 coeo-
819 3298 892 3350 lliud.
910 3315 943 3360 α,
960 3298 1081 3362 eetsqq.
1110 3298 1213 3364 Duplex
1224 3300 1301 3359 iuter,
1319 3304 1347 3352 in

256 3385 302 3424 rar
316 3371 458 3434 imperauit.
472 3395 500 3406 -
512 3371 577 3432 (laid
586 3371 684 3434 Portet]
698 3374 783 3433 «Quid
819 3387 873 3437 quo
889 3374 933 3424 hic
949 3386 1057 3437 quoque
1072 3373 1184 3424 offendit
1198 3374 1345 3435 Bentleius,

258 3448 350 3498 contro
368 3445 429 3497 leoli
445 3445 553 3496 Parisii
579 3446 684 3496 Terent.
697 3448 779 3499 Andr.
819 3450 849 3498 ut
864 3449 917 3498 sut.
932 3450 961 3508 4,
980 3449 1008 3509 7,
1028 3448 1080 3509 44,
1098 3460 1132 3498 ex
1148 3450 1346 3502 consuetudine

259 3524 287 3583 4,
306 3523 336 3582 4,
355 3521 402 3572 ii:
432 3521 498 3583 Quiri
517 3520 678 3582 Pamphilae?
703 3523 782 3585 qma?
819 3523 861 3574 esi
886 3523 977 3572 Lutluu
1004 3519 1048 3572 vel
1075 3521 1148 3586 opud
1175 3523 1345 3576 Ciceronem.

257 3594 401 3658 ενιιιιοιιιιιι
411 3595 486 3656 dedii,
496 3596 616 3646 eoeaaoii.
629 3597 783 3661 Respondet
819 3595 889 3648 leel.
902 3598 949 3647 ee:
969 3597 1035 3659 oreta
1050 3597 1147 3647 intersit
1157 3597 1224 3647 inter
1236 3601 1347 3661 popula-

258 3668 302 3720 l.l.
317 3683 342 3719 v.
355 3669 415 3720 ³62:
436 3663 573 3740 ιἈντικρι)
588 3668 612 3719 d'
629 3665 779 3738 ἀπόφημι,
817 3685 886 3734 rem,
909 3672 936 3721 id
951 3676 1001 3733 esi,
1024 3677 1203 3722 mammem
1221 3675 1245 3722 ei
1267 3675 1346 3725 iecerrr

258 3746 381 3810 γυναῖκα
401 3742 455 3808 μιν
472 3738 526 3796 οὐκ
548 3738 708 3810 ἀποδώσω,
732 3747 782 3798 sed
818 3747 910 3809 ciuem,
928 3751 952 3796 et
967 3748 1214 3808 intercomtaateru,
1231 3759 1346 3799 women

259 3830 324 3882 opes
350 3831 412 3868 cum
437 3815 478 3868 ille
504 3823 680 3884 asportatae·
711 3822 781 3874 Κατ’
818 3827 842 3872 et
857 3835 971 3885 prooem

259 3892 405 3963 eipeveiar
422 3893 479 3943 eius
495 3906 655 3959 responsum
673 3899 707 3949 itu
719 3911 783 3948 con·
852 3898 936 3947 43-46.
953 3898 1034 3961 liae]
1045 3900 1285 3961 Agamemnonem,
1298 3901 1345 3967 qui

259 3967 338 4018 vertit
348 3981 380 4017 ec
391 3968 414 4017 si
431 3966 553 4018 dixisset:
574 3971 719 4034 «Equidem
731 3987 782 4037 ego
818 3975 928 4036 propter
939 3971 1116 4034 Chryseidem
1128 3973 1230 4037 (quem,
1248 3974 1343 4036 iuquit,

260 4041 330 4094 nullu
348 4041 372 4092 vi
395 4043 452 4105 cogi
473 4055 597 4106 possum,
625 4047 654 4096 ui
673 4049 781 4112 optione
818 4047 867 4097 xci
884 4043 1142 4119 Κλυταιμνήστρης
1158 4045 1345 4120 προβέβουλα

259 4117 323 4169 milri
341 4117 403 4167 dete
418 4129 484 4180 pree
502 4117 608 4168 interitu
627 4119 722 4184 eligam
740 4124 781 4171 vi·
817 4121 847 4172 ii.
859 4137 895 4183 a,
909 4122 975 4185 443.)
987 4123 1038 4173 sibi
1050 4121 1201 4174 Colchuniis
1212 4135 1344 4188 responso

256 4195 312 4243 iem
329 4192 437 4244 beatem
449 4204 615 4258 regnumque
628 4208 781 4256 securump
818 4199 938 4261 ereptum
947 4198 1029 4248 iratus
1038 4197 1185 4249 Briseidem
1196 4196 1230 4248 eb
1242 4197 1343 4250 Achille
