2925 4892
497 414 558 464 nie.
577 414 608 464 rr.
627 412 725 466 salsa.
745 415 775 465 11.
1118 410 1179 477 677

135 569 258 655 Exiguo
281 577 438 656 gratoque
460 568 576 635 lruaris
598 579 744 656 tempore
766 569 891 656 raptim.

132 690 311 778 Pauperies
333 687 499 754 immunda
518 688 630 755 domus
651 688 764 775 procul
786 688 883 755 absit:
908 710 986 776 ego,
1010 700 1117 755 utrum

132 812 222 877 Nave
244 810 330 876 lerar
351 829 467 896 magna
489 830 530 875 an
553 830 667 896 parva,
690 810 777 876 ferar
799 830 882 876 unus
904 821 937 876 et
958 810 1054 877 idem.
1116 811 1179 875 200

131 933 202 997 Non
224 929 350 1018 agimur
372 928 503 996 tumidis
525 928 603 995 velis
625 928 777 1018 aquilone
799 930 960 1010 seeundo;

132 1054 203 1117 Non
225 1062 331 1118 umen
351 1050 498 1117 adversis
519 1058 658 1117 aetatem
678 1049 828 1118 ducimus
849 1052 982 1126 austris,

131 1171 274 1248 Viribus,
297 1172 442 1259 ingenio,
464 1170 590 1258 specie,
613 1172 746 1249 virtute,
770 1171 858 1249 loco,
881 1193 918 1240 re

132 1292 274 1359 Extremi
297 1293 490 1379 primorum,
513 1292 666 1359 extremis
687 1312 794 1379 usqne
815 1294 951 1381 priores.

122 1489 304 1540 manneio
316 1489 408 1551 promet
424 1490 568 1549 (44444444,
586 1489 718 1539 &ammeio
731 1490 806 1539 modo
822 1494 851 1539 ut
866 1492 958 1553 444444
974 1492 1035 1555 leep
1052 1492 1143 1556 Progr.

123 1562 287 1627 Gnelpberb.
305 1562 379 1613 44444.
390 1576 418 1627 p.
431 1563 447 1613 9
458 1576 534 1627 444.,
552 1563 683 1613 44444444
696 1565 758 1613 miii
770 1566 861 1626 procul
871 1565 997 1627 Dilntzer,
1015 1566 1146 1615 4444444444

120 1638 212 1701 procul
222 1650 317 1699 precor
331 1635 442 1687 Bentleii
457 1638 583 1701 suspicio.
609 1636 677 1688 l'alsi
694 1638 757 1702 qnid
773 1638 886 1689 subesse
903 1640 989 1703 arguit
1005 1640 1085 1689 etiam
1102 1653 1146 1688 ra-

122 1727 187 1764 sura
202 1710 268 1763 Cod.
281 1711 308 1762 d.
328 1739 356 1749 -
374 1711 432 1762 202.
451 1712 527 1762 444444
542 1710 585 1762 4444
603 1712 674 1776 apud
691 1713 738 1763 Ge.
752 1711 909 1763 Fabricium.

91 1902 153 1940 enm
170 1902 241 1953 puer
257 1902 367 1940 essesn
388 1888 617 1951 quemadmodum
654 1889 752 1939 tentiae
770 1891 798 1939 et
813 1890 915 1953 potins,
938 1892 999 1940 uta
1018 1892 1104 1941 semet
1121 1892 1178 1955 ipso

90 1976 156 2015 sane
165 1961 380 2026 estapudPlaut.
392 1963 465 2013 4444.
478 1963 503 2024 3,
516 1962 541 2023 3,
554 1963 615 2014 4444
654 1975 736 2025 msam
753 1976 769 2011 a
786 1964 858 2013 444444
872 1966 976 2014 remota
988 1968 1095 2015 maneat
1111 1978 1180 2029 puu-

90 2042 119 2086 ut
133 2042 266 2087 444444444
281 2050 306 2086 aa
319 2048 385 2098 puer
400 2036 468 2085 44444.
653 2039 744 2099 pertas
773 2036 925 2097 immunde,
952 2041 1045 2101 optare
1071 2038 1178 2089 debent.

122 2111 258 2160 4994442.
284 2110 425 2175 melisa]
446 2108 513 2160 liihil
529 2112 616 2174 impe·
654 2112 710 2159 lam
727 2124 789 2161 enm
806 2110 885 2160 444444
899 2124 1011 2175 prorsus
1022 2113 1122 2163 incerta
1136 2115 1178 2173 sit,

90 2184 142 2245 dit,
170 2196 227 2247 quo
249 2184 337 2233 minus
357 2184 500 2248 pauperies
523 2184 616 2248 (probe
653 2186 728 2247 patet
750 2188 857 2249 praeter
879 2181 984 2236 ceteras
1006 2187 1179 2237 reiiclendam

89 2256 279 2320 distinguenda
299 2258 334 2306 ab
354 2260 488 2321 egestate,
514 2258 615 2320 inopia,
654 2270 715 2309 esse
731 2260 865 2323 Doerlngli
882 2260 1094 2312 distinctionem:
1115 2264 1181 2311 Pnu-

90 2331 276 2393 mendicitate)
300 2331 465 2388 mandacii:
491 2333 616 2396 quocirca
651 2333 747 2393 pem,
773 2333 904 2384 immundo
925 2336 1012 2385 domm
1033 2338 1178 2399 (nominat.)

90 2406 167 2456 addit
181 2406 324 2467 4444444444,
352 2406 479 2457 «sordida
501 2420 533 2455 44
553 2419 618 2470 pro-
654 2409 707 2456 oet.
728 2434 756 2445 -·
774 2407 1030 2471 Navs]«a11egoria;
1055 2410 1108 2460 boo
1123 2413 1176 2460 est:

88 2483 185 2545 pterea
202 2478 316 2529 molesta
332 2480 435 2530 etmihi
447 2484 475 2531 et
486 2479 552 2541 allis,
571 2482 616 2543 qui
653 2483 744 2530 utrum
762 2494 793 2531 ex
811 2483 913 2545 magnis
933 2482 1063 2533 reditibus
1079 2484 1177 2545 vivam,

88 2566 201 2604 mecum
219 2557 391 2604 versantur.»
419 2554 544 2619 Calpurn.
560 2554 615 2605 Enl.
654 2556 1003 2618 anparvis.»couu.Cnoo.
1017 2558 1180 2620 -Noangi-

89 2630 114 2689 l,
127 2628 176 2679 8⁰:
194 2628 256 2677 44444
271 2629 339 2678 sodes
353 2630 619 2691 Pultnquapuupertua
652 2628 720 2689 aaa]
738 2630 892 2679 concitatius
909 2630 961 2679 boe
979 2642 1060 2693 quam
1071 2629 1179 2692 volgare

87 2702 281 2764 --0444444444
308 2702 365 2753 lam
376 2704 477 2765 444444,
495 2702 617 2766 utplen'-
654 2702 692 2751 «sl
703 2714 756 2751 non
768 2703 898 2764 agimur.»
917 2702 969 2753 Clr.
984 2704 1177 2767 Epp.l,l,33.

88 2790 143 2841 qne
163 2775 250 2827 codd.
269 2776 381 2839 babent,
399 2782 472 2833 esset
488 2790 553 2829 casu
569 2791 618 2841 ge-
655 2775 684 2835 l,
703 2776 734 2835 44,
753 2776 793 2824 29.
818 2802 845 2812 -·
872 2776 974 2826 44444444
988 2778 1049 2827 uelis
1064 2778 1181 2837 44444444

88 2852 174 2901 uitivo
199 2864 232 2900 ac
246 2853 382 2914 puerperiae
397 2854 485 2902 4444444
501 2853 618 2917 positum
653 2848 769 2912 44444444]
783 2850 821 2899 Cl.
835 2849 918 2911 0444,
932 2850 972 2913 to,
985 2851 1030 2901 434
1045 2851 1180 2901 Concobar

87 2939 138 2989 pro
165 2928 323 2989 paupertate
348 2926 504 2976 domestica.
542 2925 618 2987 Quod
653 2928 726 2973 vento
742 2924 848 2973 44444444
863 2926 969 2975 mauide
988 2926 1098 2989 turpido
1112 2926 1177 2977 4444.

88 2999 132 3050 4444
150 2999 254 3050 habent
267 3000 357 3062 procul
372 3001 472 3062 4444444,
490 2999 532 3050 elii
543 3002 619 3051 donea
656 3026 684 3035 -
698 3000 755 3049 Noa
770 2998 862 3064 tumea]
881 3001 934 3050 «Ex
952 2999 1079 3064 particula
1097 3006 1180 3052 444444

84 3074 182 3138 procul
196 3074 270 3137 npud
281 3074 453 3135 Lambinnm,
472 3076 544 3124 domo
557 3087 620 3137 pro-
654 3072 743 3134 rides,
763 3086 815 3137 qua
828 3074 930 3124 milone
942 3074 1010 3127 baec
1020 3072 1107 3124 vivide
1118 3088 1181 3139 pro-

87 3151 129 3199 444
139 3160 215 3199 nnus
223 3148 290 3198 Cod.
300 3150 378 3209 Fene,
388 3147 619 3212 plureslmmaedu
654 3145 706 3196 lata
723 3149 855 3198 sententia
872 3149 1054 3212 coniungenda
1073 3150 1107 3200 sit
1118 3162 1180 3201 cum

84 3222 182 3286 procul
202 3222 292 3284 444444
310 3222 480 3286 {repetitione
497 3223 618 3274 adverbii
654 3222 805 3285 insequenti
823 3224 959 3288 apoduein
977 3226 1048 3275 Dnn.
1065 3252 1092 3261 -
1112 3230 1181 3275 4444

88 3296 215 3362 prolecto
239 3297 318 3347 nimis
343 3298 475 3347 concitata
502 3298 530 3347 in
555 3300 618 3349 voto
655 3297 841 3358 laudarense]
859 3299 985 3347 Nonest:
1004 3298 1181 3361 «4444444434-

88 3374 146 3422 tam
165 3368 307 3433 4444444444
318 3371 346 3421 et
355 3370 482 3434 placido),
500 3371 577 3432 44444,
590 3376 620 3423 nt
654 3382 747 3430 muse
771 3372 809 3420 444
826 3370 887 3420 olim
909 3369 1029 3435 plerique
1047 3373 1180 3436 interpre-

88 3458 154 3495 cum
164 3445 463 3508 lleineklopntemiam
474 3446 619 3510 antiquitus
655 3446 705 3494 tari
721 3443 860 3504 solebant;
888 3446 949 3495 sed:
977 3447 1079 3495 elotum
1096 3447 1179 3496 vitam

88 3518 225 3569 excidisse
247 3518 360 3569 verbum
383 3519 418 3569 ab
435 3520 477 3570 bis
493 3520 618 3571 omnibus
655 3517 727 3569 lente
739 3533 771 3569 ac
782 3520 1024 3583 maesteogimus.»
1043 3519 1178 3584 Siclipod.

87 3594 241 3653 diversum,
253 3594 381 3657 varieque
393 3592 545 3658 suppletum
557 3607 618 3645 esse
657 3593 701 3655 47,
720 3593 766 3642 63:
792 3594 926 3657 Ingrato
948 3593 1039 3643 misero
1055 3595 1109 3643 4444
1125 3595 1180 3643 du-

87 3682 103 3718 4
120 3668 321 3731 grammaticis,
347 3669 378 3717 ut
397 3669 497 3719 lactum
513 3669 620 3721 videtur
655 3668 756 3716 44444
771 3673 808 3716 444
819 3670 870 3718 cet.
889 3666 929 3717 Ad
941 3668 1083 3730 imaginem
1095 3668 1180 3731 ipsam

87 3740 138 3792 (ld.
151 3740 185 3800 4,
198 3741 227 3801 6,
239 3742 284 3791 tr:
303 3742 449 3804 Scapulam
462 3744 546 3806 captis
555 3756 619 3807 pre·
656 3740 689 3790 44.
699 3742 812 3791 Bassam
825 3740 964 3791 44444441.
975 3740 1027 3790 Pal.
1039 3742 1070 3790 44.
1084 3754 1110 3804 p.
1120 3741 1179 3791 3⁴⁰:

86 3817 126 3865 444
152 3817 220 3874 444.,
246 3818 275 3864 44
296 3814 359 3865 Plat.
382 3815 481 3867 Phaed.
505 3817 563 3867 444.
582 3819 616 3868 B:
655 3811 908 3880 Μή44μ4χ44ματι
921 3811 1026 3877 πόντος
1035 3807 1102 3881 ἄγοι
1113 3814 1181 3885 θρα-

86 3886 170 3940 θεῶν
185 3882 237 3953 ἕδη
253 3904 284 3939 ea
300 3890 351 3941 eat
361 3888 425 3961 tepet
435 3903 497 3941 cum
508 3891 620 3943 excidis-
655 3884 725 3950 σός,
749 3886 816 3939 coti
833 3885 961 3956 γαλήνης
974 3882 1073 3959 Ἀργῆς
1089 3882 1181 3953 ἤσπα-

88 3967 132 4013 444
148 3956 203 4028 ἕδη
221 3966 255 4025 (v.
268 3965 349 4014 444444,
363 3966 467 4015 comm.
481 3967 538 4015 crit.
552 3968 572 4016 1.
589 3980 616 4031 p.
656 3960 756 4029 σάμην
772 3958 826 4028 τὴν
842 3962 1065 4030 παλινηνεμίην·
1079 3992 1093 4002 -
1104 3992 1119 4002 -
1131 3978 1182 4013 κα-

87 4037 176 4100 4994,
200 4035 243 4086 elii
259 4036 451 4101 suppleverunt
466 4032 558 4104 ἄλση,
575 4040 617 4091 4444
655 4035 710 4101 κάς
726 4030 846 4109 ἔχθαιρε
861 4037 1001 4101 θυέλλας·
1023 4038 1090 4089 Elei
1106 4052 1180 4101 τινες

87 4112 206 4175 τεμένη.
233 4110 338 4161 Etenim
354 4112 470 4164 otiosum
481 4115 524 4164 est
533 4114 618 4163 ude·
656 4118 755 4183 πρηεῖς
781 4116 830 4163 sut
857 4110 960 4173 βιότου
986 4115 1119 4185 Ζέφυροι.
1150 4136 1176 4147 ·-

87 4197 160 4242 πως
182 4198 234 4234 nee
251 4196 414 4249 magnopere
431 4185 519 4250 placet
534 4188 616 4249 domo,
654 4189 716 4252 4444]
735 4187 907 4239 «condicione
923 4190 1031 4240 externa
1049 4188 1117 4239 inter
1134 4186 1180 4236 bo-

89 4270 153 4307 cum
175 4259 229 4308 boe
250 4271 358 4322 qnoque
376 4258 439 4311 nibil
457 4260 539 4311 addat
554 4273 619 4312 sen·
655 4264 757 4325 mines,
776 4262 873 4327 flung.»
