2925 4892
531 366 590 417 iiii.
609 367 629 415 i.
665 367 732 417 ssi.
753 366 782 417 x.

155 527 233 590 Post
254 522 396 589 mediam
417 532 547 589 noctem
568 522 675 597 visus,
698 542 773 589 cum
795 524 920 590 somnia
941 544 1035 590 vera:

155 647 192 709 ln
213 644 329 710 silvam
351 664 415 709 non
438 642 524 730 ligna
544 643 630 710 ieras
652 644 797 710 insanius
819 665 858 711 ae
879 644 906 711 si

153 767 288 853 Magnas
312 766 511 832 Graecorum
532 763 625 831 malis
647 764 783 853 implere
806 776 962 833 catervas.
1162 768 1203 831 35

154 886 318 974 lurgidus
339 886 474 974 Alpinus
496 886 618 973 iugulat
639 886 718 952 dum
739 887 925 965 Memnona,
949 887 1094 977 dumque

152 1007 296 1094 Defingit
317 1006 419 1075 Rheni
440 1006 563 1074 luteum
584 1016 696 1095 eaput,
720 1006 802 1075 baec
824 1029 886 1096 ego
908 1008 1000 1087 ludo,

142 1215 217 1340 paiz.
236 1216 310 1337 raianot
322 1220 419 1339 storum
434 1216 461 1264 S.
482 1242 510 1251 -
529 1213 570 1265 oi.
589 1214 677 1278 imputo
693 1227 720 1278 p.
736 1242 763 1251 -
784 1216 824 1266 37.
839 1216 956 1281 Dimrplt
973 1217 1057 1269 Codd.
1071 1216 1171 1282 aliquot

213 1304 263 1339 ern
281 1302 296 1339 e
337 1328 343 1338 .

110 1476 182 1534 9,3,
196 1476 245 1535 2.),
261 1468 638 1539 ἸχθῦςειξἝλλήσποντον.
677 1478 769 1529 vivens
795 1477 964 1541 designetur:
995 1479 1071 1529 cuius
1096 1481 1202 1542 generis

110 1552 274 1612 (Nosmtesz
296 1550 397 1599 Ναυα-
411 1551 439 1598 io
453 1550 500 1600 dea
514 1550 560 1600 See
576 1562 598 1600 s.
611 1551 638 1600 tn
677 1564 761 1601 unum
778 1556 807 1601 et
823 1551 936 1602 alterum
953 1552 1045 1603 itidem
1063 1556 1087 1603 in
1100 1554 1141 1604 bis
1154 1555 1202 1603 Sn-

109 1626 154 1673 den
176 1624 259 1673 sstem
279 1636 303 1672 s.
323 1623 351 1672 io
373 1624 420 1673 das
443 1624 514 1674 lieet
540 1630 637 1688 tropen
678 1625 734 1675 liris
755 1640 815 1676 esse
836 1630 937 1690 potest,
965 1628 999 1675 ita
1017 1630 1106 1678 tamen
1125 1640 1202 1678 com-

108 1699 243 1747 lin'tanni:
259 1697 640 1763 mdiapcoatstolieioeastte.)
676 1703 815 1763 peratum,
846 1702 875 1749 ut
899 1702 985 1764 quivis
1010 1700 1053 1750 illo
1081 1706 1202 1766 tempore

112 1800 136 1807 -
152 1772 274 1821 mites
293 1772 334 1833 ae]
351 1771 410 1822 vid,
430 1771 466 1821 nd
485 1773 538 1822 Sat.
560 1774 589 1833 i,
608 1774 638 1834 6,
677 1772 753 1823 lacile
771 1777 942 1837 agnosceret,
964 1786 1046 1837 quem
1070 1777 1200 1831 notasset.

108 1844 640 1909 iao.-imptere]·s1maiisaugerem-
676 1849 733 1899 sive
763 1852 969 1911 cognomentum
999 1852 1056 1899 erat
1083 1850 1117 1899 ab
1146 1849 1203 1899 aliis

107 1918 310 1969 numerabilem
321 1922 484 1969 Graecorum
499 1921 639 1983 poetarum
676 1924 730 1973 lam
745 1924 882 1973 inventum
895 1928 975 1987 atque
988 1925 1126 1985 usitatum,
1146 1925 1202 1974 sive

108 1992 217 2043 turbam
241 1994 366 2056 interque
382 1993 434 2043 hos
457 1995 483 2042 te
500 1993 640 2043 intrudens
676 1996 712 2045 eb
730 1996 838 2047 Horatio
856 1998 914 2061 ipso
931 1998 1031 2049 homini
1049 1999 1138 2049 deriso
1162 2000 1203 2047 in-

109 2067 323 2126 eemreiereire,
337 2070 476 2130 tamqnam
488 2068 588 2118 nemini
597 2066 639 2117 alii
677 2070 771 2120 ditum.
807 2070 860 2121 Cir.
878 2070 912 2121 ad
930 2073 982 2121 Sat.
1003 2073 1033 2134 i,
1059 2072 1087 2132 i,
1110 2072 1151 2122 ns.
1173 2100 1200 2107 -

109 2142 160 2191 iam
176 2140 259 2191 locus
279 2140 384 2190 iuturus
406 2142 466 2192 sit.»
498 2142 553 2192 Cir.
567 2142 637 2205 virg.
676 2144 776 2207 iopritoi
793 2144 853 2193 dmn
868 2145 1011 2207 liernoono]
1028 2144 1153 2209 ambigue
1165 2144 1203 2195 di-

110 2220 174 2265 Aen.
188 2216 219 2276 6,
239 2214 306 2265 dle:
324 2214 429 2277 applodo
444 2228 585 2266 cuneum.
678 2221 760 2268 ctum.
792 2219 872 2268 uriam
890 2218 940 2269 suh
957 2232 989 2269 ea
1002 2222 1106 2283 specie,
1126 2220 1202 2283 quasi

677 2292 762 2353 meat,
782 2291 846 2342 dnm
864 2292 1005 2355 describit,
1024 2295 1203 2358 quemadmo-

142 2364 185 2413 36.
204 2362 248 2413 37.
269 2362 394 2427 Turpidus
403 2362 508 2426 Alpinae
517 2363 641 2427 cet.]l.e-
677 2366 742 2417 dum
772 2365 918 2429 iuguletur,
949 2367 1056 2431 intelligi
1083 2366 1138 2417 volt
1166 2366 1201 2417 ab

110 2438 170 2501 pide
192 2439 233 2488 sic
254 2439 369 2488 vocatur
388 2439 422 2487 ii.
446 2438 539 2488 Furius
560 2438 640 2488 Bibe·
676 2442 735 2505 ipso
752 2440 840 2504 potius
857 2440 979 2504 iugulari,
997 2442 1063 2492 dum
1075 2441 1143 2491 male
1156 2441 1204 2491 de-

110 2512 185 2563 culus
202 2513 412 2571 Cremonensis,
432 2515 509 2563 natus
526 2526 551 2563 a.
568 2527 598 2563 u.
614 2527 638 2563 c.
677 2516 808 2579 scripsit.»
837 2518 930 2565 Poma.
952 2544 979 2552 -
992 2516 1110 2581 Definpit]
1124 2528 1203 2578 rope·

110 2588 177 2646 tsi..
196 2588 245 2650 qui
257 2600 283 2635 a.
296 2600 324 2635 u.
337 2599 361 2636 c.
374 2586 431 2636 723,
445 2600 530 2637 annos
541 2588 638 2638 lxxii.
676 2603 739 2640 rose
757 2591 785 2639 et
794 2586 961 2654 κακοζήλως
972 2590 1083 2651 lormat,
1102 2590 1203 2640 descri-

109 2661 285 2720 nnmerabat3
313 2673 377 2710 nam
402 2661 551 2712 etiamtum
576 2674 640 2712 eum
677 2664 742 2713 bit.»
763 2690 791 2699 -
809 2664 886 2713 litent
902 2665 996 2713 iutmm
1012 2664 1097 2727 caput]
1115 2664 1143 2712 in
1159 2662 1203 2711 iil-

109 2736 135 2784 in
151 2737 222 2785 vivis
239 2735 324 2785 misse
341 2733 480 2799 probabile
498 2740 547 2786 est.
576 2738 638 2787 Tac.
676 2734 766 2786 baculi
789 2738 940 2787 narratione
963 2735 1025 2786 belli
1051 2734 1138 2785 Gallici
1161 2736 1204 2784 vi-

109 2815 176 2860 Ann.
199 2809 231 2869 l,
258 2809 305 2860 ti:
335 2810 457 2859 Carmine
480 2810 593 2860 ltidooad
618 2816 642 2860 et
678 2810 758 2861 detur
779 2811 859 2860 etiam
881 2810 962 2861 luisse
980 2810 1083 2873 turgida
1101 2810 1204 2859 descri-

110 2883 202 2933 Cotnlti
217 2884 318 2946 referto
332 2884 488 2933 commite
504 2884 642 2935 &aarum
677 2886 733 2951 ptio
750 2886 840 2947 eapitis
855 2886 946 2947 limiti,
971 2896 1041 2948 quae
1058 2897 1100 2933 vv.
1120 2882 1204 2948 tripli-

111 2958 238 3021 tantur.
283 2957 368 3018 Quid,
394 2959 418 3007 si
434 2959 515 3008 etiem
531 2962 643 3023 propter
679 2972 740 3011 cem
774 2959 917 3010 admittunt
948 2959 1202 3023 interpretationem.

2 3030 8 3050 ⁹
109 3032 179 3082 bane
196 3031 371 3081 dicacitatem
388 3044 452 3082 eum
472 3031 516 3081 hic
536 3031 643 3083 vellicet
679 3032 800 3097 Plerique
826 3036 936 3098 propter
960 3032 1066 3096 Alpium
1088 3033 1204 3083 mentio-
1240 3074 1246 3081 .

110 3108 208 3170 poeta?
226 3107 372 3155 Praeterea
390 3108 643 3170 composueratle-
678 3121 742 3158 nem
759 3110 879 3172 proxime
896 3108 1106 3173 praecedentem
1126 3106 1205 3157 intel-

113 3179 274 3245 tbiopidem,
303 3192 336 3229 ex
353 3181 586 3241 areomarensi,
612 3184 643 3231 nt
679 3180 761 3247 ligant
779 3182 895 3233 delente
912 3183 949 3245 (ut
964 3196 1006 3247 ap.
1021 3183 1092 3245 Virg.
1107 3183 1201 3245 Georg.

112 3254 322 3318 probabilem,
340 3253 461 3315 ductam,
480 3254 507 3304 in
523 3256 644 3318 queue-
679 3256 708 3319 i,
726 3256 784 3307 3⁴9,
807 3256 887 3307 Penei
910 3256 969 3307 lons
993 3256 1088 3305 dieitur
1103 3268 1205 3305 samen
1274 3317 1280 3322 .

113 3330 233 3390 monis,
254 3328 359 3378 Tithoni
370 3331 398 3377 et
408 3331 526 3378 Aurorae
539 3327 593 3390 iiiii,
607 3326 642 3377 eb
679 3336 755 3393 cupiit
771 3330 873 3393 amau),
892 3331 937 3394 qui
949 3330 1059 3393 quidem
1071 3328 1130 3379 lons
1141 3332 1203 3378 ante

114 3402 211 3453 emilie
253 3402 386 3452 interiecti
425 3403 527 3466 primae
567 3404 645 3453 erant
679 3406 798 3456 Raetiam
831 3406 937 3468 captam
968 3403 1116 3466 incognitus
1147 3405 1207 3453 erat

114 3481 212 3541 partes.
255 3476 332 3526 ldem
357 3478 556 3546 πραγματείαν
579 3475 643 3527 belli
679 3480 816 3540 Romanis,
835 3478 883 3528 sed
902 3490 967 3528 sane
979 3478 1142 3540 φαντασίας
1153 3492 1205 3542 ope

115 3552 200 3602 Gallici
222 3564 239 3601 a
262 3550 379 3601 Caesare
397 3552 464 3613 gesti
481 3564 643 3615 composue-
680 3553 796 3604 describi
814 3554 927 3616 poterat.
963 3552 1029 3603 Fieri
1049 3554 1138 3602 tanmn
1156 3564 1206 3616 po·

115 3630 168 3687 rat,
193 3630 222 3677 in
248 3639 303 3689 qna
325 3624 466 3689 legebatur
487 3640 583 3677 versus
599 3625 642 3677 ille
678 3630 747 3688 test,
765 3631 795 3678 ut
811 3626 943 3677 versiculo
961 3625 1004 3677 illo
1022 3626 1206 3677 tantummodo

116 3701 260 3752 flendus:
293 3700 407 3763 lippitm
433 3701 550 3751 aiom
576 3714 644 3751 cono
680 3702 798 3753 hiemem
817 3700 962 3764 designarit
978 3714 1065 3764 neque
1078 3700 1207 3764 exspatia-

114 3778 168 3827 aive
182 3776 301 3838 conspuit
314 3776 389 3838 Alpes
407 3775 467 3838 (Set.
480 3776 510 3836 2,
528 3777 559 3837 a,
578 3774 641 3837 ii),
679 3780 723 3826 tus
745 3776 779 3827 sit
800 3776 826 3826 in
847 3774 976 3840 Alpastris
999 3778 1100 3825 tractus
1116 3787 1206 3823 τοπο-

115 3854 223 3915 propter
234 3860 320 3913 quern
333 3850 424 3913 ipsum
438 3849 532 3900 festive
543 3851 588 3900 bic
598 3863 645 3899 vo-
679 3848 797 3911 declar,
816 3862 943 3900 neccaro
960 3848 1025 3899 lutei
1042 3851 1105 3899 sunt
1121 3848 1208 3898 llumi·

116 3928 188 3975 eatur
208 3924 329 3986 Alpinus,
350 3924 404 3973 der
423 3923 641 3986 dipendiclter.
681 3936 745 3975 num
763 3923 858 3974 fontes.
894 3922 942 3973 Alii
960 3923 994 3973 de
1012 3923 1093 3982 ostio,
1119 3924 1149 3971 ut
1166 3922 1207 3971 est

116 3999 187 4049 coni.
206 3997 347 4049 weichert
367 3996 402 4047 de
418 3998 453 4049 ni.
472 3998 548 4048 Furio
567 3997 645 4048 Biba-
681 3996 753 4061 apud
769 3998 867 4047 Lucan.
880 3997 910 4059 i,
929 3998 976 4047 si:
995 3996 1096 4047 thdct
1111 3996 1143 4044 ab
1159 4008 1207 4045 aa·

117 4071 173 4122 culo
189 4073 218 4122 in
236 4074 311 4121 Poet.
329 4073 385 4121 Lat.
399 4085 427 4135 p.
440 4070 481 4121 33.
517 4073 643 4123 Ceterum
680 4077 760 4122 tremo
781 4074 862 4135 novos
881 4070 1002 4133 Aqodooe
1024 4071 1119 4120 &eoos
1140 4067 1207 4117 Albis

116 4144 477 4208 probenotandumcertum
491 4146 646 4197 hoeexem-
681 4151 704 4196 et
720 4147 869 4210 indomitam
884 4146 961 4196 libeni
978 4150 1062 4207 ceput.
1097 4140 1207 4192 Aliide-

3 4241 6 4259 ·
117 4218 189 4282 plum
204 4220 323 4271 nominis
335 4219 404 4281 rico,
421 4232 476 4283 qno
487 4220 570 4271 homo
581 4224 644 4271 tnnc
681 4221 762 4285 nique
780 4232 875 4286 parum
893 4218 1067 4284 probabiliter
1077 4218 1111 4268 de
1124 4216 1206 4267 libeni
