2925 4892
523 375 581 424 ΗΒ.
601 375 631 424 ll.
668 375 764 425 aelst.
783 376 802 424 l.

164 529 266 593 Fortis
289 527 458 592 Alexandri
483 527 602 594 voltum
624 529 814 594 simulantia.
858 529 982 607 Quodsi

162 648 319 714 iudicium
342 647 460 714 subtile
481 648 629 714 videndis
651 647 773 714 artibus
795 647 873 714 illud

162 767 209 833 Ad
232 768 333 834 libros
356 779 388 834 et
409 768 451 834 ad
473 769 555 836 baec
576 770 740 834 Musarum
761 767 847 834 dona
868 789 1020 847 vocares,

161 889 319 956 Boeotum
342 891 374 954 in
396 890 656 957 crassoiurares
678 897 756 956 a'ere
777 899 895 956 netum.

161 1014 198 1075 At
221 1031 328 1098 neque
352 1010 551 1077 dedecorant
571 1019 627 1076 tua
648 1009 690 1076 de
714 1031 751 1075 se
773 1010 893 1077 iudicia
918 1022 1016 1098 atque
1143 1013 1205 1078 bib

162 1131 311 1205 Munera,
335 1151 420 1217 quae
444 1130 544 1196 multa
565 1129 671 1196 dantis
693 1151 768 1196 oum
790 1129 886 1197 laude
909 1131 1050 1198 tulerunt

162 1249 275 1317 Dileoti
299 1250 353 1316 tibi
377 1249 524 1336 Virgilius
547 1251 726 1338 Variusque
749 1259 882 1338 poetae3

182 1447 241 1498 245.
260 1449 295 1496 Ac
312 1448 413 1511 primus
430 1447 566 1496 Schmidii.
596 1475 622 1483 -
650 1448 706 1498 sti.
735 1449 856 1512 Verqitim
878 1453 951 1498 recte
968 1450 986 1498 b
1003 1451 1031 1499 et
1048 1451 1173 1501 Sobmidii

150 1523 262 1586 primus.
286 1549 308 1558 -
333 1523 461 1584 Vornsqae
477 1521 514 1570 bd
533 1523 561 1571 et
577 1535 670 1572 omnes
689 1521 824 1572 Sebmidii.

119 1691 147 1738 N.
170 1688 306 1738 tet-tei.
325 1713 351 1723 -
377 1688 476 1738 ducam
492 1687 563 1752 nera]
580 1700 642 1750 pro:
682 1687 724 1736 Or.
742 1688 781 1738 to.
799 1701 827 1752 p.
839 1687 897 1737 306.
910 1689 955 1738 lL:
973 1685 1043 1750 τοὺς
1059 1686 1206 1753 Βοιωτοὺς

119 1763 248 1812 «duceret
272 1775 305 1812 ex
331 1773 393 1810 aere
419 1760 559 1811 Alexandri
585 1760 644 1810 elli-
682 1755 895 1831 κάνθρώπων
910 1756 1141 1825 ἀμωεστάτους.

118 1837 215 1898 giem.»
243 1837 308 1886 Nem
327 1836 352 1886 in
370 1835 466 1886 ceteris
483 1833 548 1886 locis
559 1834 605 1884 nbi
617 1847 642 1883 v.
714 1834 837 1885 illl-m.
862 1835 895 1884 At
909 1835 1060 1898 moreest]
1079 1838 1132 1886 «Tu
1144 1853 1206 1889 eon-

118 1913 208 1960 dncera
233 1922 282 1974 pro
310 1909 457 1969 «tornare,
496 1909 643 1972 attingere»
682 1911 721 1958 tra
754 1909 940 1962 tantummodo
973 1912 1206 1973 praestantissimis

118 1987 263 2048 usurpatur
284 1984 361 2046 (virg.
382 1987 447 2033 Aen.
464 1985 493 2044 Ἰ,
510 1982 573 2033 634ε
596 1983 646 2032 Ant
681 1984 766 2047 poetis
791 1983 891 2033 laves.»
922 1983 1030 2034 Sueten.
1048 1986 1137 2036 Oetav.
1155 1988 1203 2038 89:

117 2058 567 2120 lmesoereaalentudunmtnrymto.
578 2057 645 2106 biar-
680 2057 785 2120 Ingenia
799 2057 875 2107 result
891 2058 931 2106 aad
946 2057 1059 2107 meilen
1074 2061 1155 2109 modis
1168 2063 1206 2125 [o-

118 2131 645 2195 tial.a,it:1narrnpttanonrmnrn
680 2131 724 2180 vit.
752 2131 1206 2195 decimoteadbenieneetpattaa-

116 2221 197 2258 monn
217 2208 293 2256 ducto
314 2207 453 2272 Lacerta),
472 2205 536 2256 illud
553 2207 643 2255 tamen
682 2210 720 2254 ter
736 2205 847 2266 mabit,
873 2219 919 2254 nee
937 2209 1035 2256 mum
1050 2209 1168 2258 sunnine
1183 2213 1207 2258 οι

118 2283 263 2333 discrimen
280 2283 415 2342 serretur,
434 2281 558 2343 utforane
569 2281 645 2330 duco-
680 2280 799 2330 bumana
814 2281 856 2329 aad
871 2285 896 2329 et
910 2281 1037 2330 motiones
1049 2286 1073 2331 et
1083 2282 1203 2346 dtutoyoa.

118 2359 160 2404 tur
177 2369 210 2405 em
226 2360 346 2418 ermeno,
373 2369 432 2405 nere
448 2357 511 2416 eet„
530 2367 597 2416 non,
615 2355 645 2403 ut
682 2353 901 2415 compositumne
916 2355 1015 2417 altnae
1033 2357 1063 2405 de
1078 2369 1105 2405 re
1118 2358 1169 2405 nisi
1183 2361 1206 2406 et

117 2429 176 2490 hie,
195 2430 370 2492 ducaturipsa
378 2430 524 2480 mommolo
534 2429 644 2491 fominus
680 2429 746 2478 aerio
761 2434 785 2478 et
800 2441 819 2477 o
831 2431 1053 2490 praestantissimis
1069 2431 1207 2492 offendeba-

117 2505 245 2567 otiqnorm
264 2518 314 2554 nen
330 2506 420 2554 tamen
441 2505 582 2569 propterea
601 2517 645 2552 en-
680 2507 731 2552 tnr.
760 2504 840 2552 ilecto
858 2502 1019 2552 Lambinus:
1038 2518 1107 2553 «non
1124 2505 1206 2554 dede·

92 2607 94 2612 *
118 2581 186 2630 deret
202 2579 385 2642 recipiendum
407 2580 462 2639 est,
489 2591 542 2642 quo
558 2575 643 2627 verbo
682 2577 776 2626 corant
791 2579 837 2624 tua
851 2576 1044 2637 deseiudioie,
1057 2577 1128 2639 quie,
1141 2591 1206 2640 que·

118 2653 152 2703 de
178 2655 266 2704 aereis
289 2653 382 2703 statuis
402 2651 547 2714 (nunqnam
566 2666 644 2712 σφυ-
681 2649 720 2700 les
747 2663 794 2700 eos
820 2662 880 2699 esse
906 2649 1042 2708 iudicasti,
1069 2649 1135 2699 tales
1158 2661 1206 2701 ees

118 2725 269 2798 ρηλάτοις,
288 2727 336 2778 sed
353 2739 461 2790 semper
477 2723 643 2789 xussutntg)
682 2737 743 2775 esse
769 2723 935 2774 consuetudo
960 2725 1029 2772 vitae
1054 2725 1082 2772 et
1102 2723 1206 2774 disset

119 2804 156 2852 uti
168 2803 278 2852 omnino
290 2814 342 2852 non
354 2800 459 2864 poterat
470 2800 601 2849 Horatius.
614 2825 641 2836 -
681 2811 776 2849 eorum
793 2799 890 2862 scripta
908 2796 1130 2860 eomprobarunt,
1156 2809 1206 2846 ne-

118 2877 201 2928 Fnrtia
224 2875 371 2939 Alexandri]
400 2875 485 2924 «ruina
505 2887 611 2937 naamon
627 2887 645 2922 n
682 2886 735 2936 que
760 2872 842 2922 iidem
865 2884 992 2931 munera,
1019 2883 1089 2935 quae
1112 2869 1162 2920 abs
1178 2873 1205 2920 te

68 3005 70 3014 ,
120 2951 242 3000 ibt-ories
258 2949 350 3012 manto
363 2951 508 3010 pareatum
523 2951 557 2996 est
568 2959 645 3007 morte
682 2948 857 3011 acceperuut,
871 2945 1047 3005 dedecorant,
1060 2945 1122 3008 quie
1134 2945 1206 3008 apud

118 3027 152 3075 ud
169 3027 228 3074 litua
243 3023 477 3087 incomitimerisa
496 3022 597 3071 Sennea
610 3020 644 3070 de
682 3023 776 3086 dignos
793 3023 855 3072 sunt
871 3019 1026 3070 collocata.»
1042 3047 1069 3057 -
1088 3021 1204 3084 dinem]

119 3099 210 3150 Benel.
223 3100 250 3158 5,
261 3099 286 3158 6,
301 3099 324 3146 i.
341 3125 367 3134 -
381 3095 534 3159 semlanttn]
549 3107 644 3144 auerru—
683 3099 740 3147 Nnn
751 3096 848 3160 liquet,
866 3097 957 3145 utrum
968 3107 1064 3146 verum
1074 3095 1122 3155 sit,
1140 3107 1206 3144 nee·

119 3177 176 3224 rate
195 3171 395 3236 exprimentium
414 3171 443 3219 ut
453 3171 483 3220 Α.
497 3171 525 3218 P.
540 3169 585 3219 ts:
599 3183 645 3218 en·
683 3185 730 3233 ne,
749 3169 813 3221 illud
829 3169 902 3234 quod
918 3170 1000 3219 tradit
1013 3171 1119 3220 comm.
1138 3171 1206 3219 Cru-

115 3245 390 3311 praasum-aimulore.
406 3271 433 3280 —
451 3243 562 3292 emendis
579 3243 645 3292 orti·
682 3248 754 3310 quii:
774 3247 855 3306 «Quia
872 3246 925 3293 iem
942 3245 984 3294 his
1000 3242 1109 3305 singulis
1125 3243 1207 3293 dona

118 3322 170 3386 boa]
190 3321 237 3370 «in
254 3317 429 3368 diiudicandis
446 3318 542 3366 artium
560 3318 646 3380 operi-
682 3324 759 3372 verat
774 3320 907 3380 Augustus
919 3317 1011 3367 decies
1025 3317 1205 3366 sestertium.»

119 3396 186 3456 bus,
202 3397 294 3443 utrum
305 3391 423 3456 perlecta
436 3391 488 3440 sint
499 3390 645 3453 artilexque
690 3423 712 3432 -
725 3393 807 3443 madia
816 3392 899 3441 donin
909 3403 967 3439 eren
976 3390 1059 3452 lousa]
1075 3391 1126 3438 «ita
1138 3389 1206 3441 ‹lau-

118 3470 252 3534 specism,
272 3479 353 3530 quam
370 3466 460 3516 mente
475 3467 644 3529 conceperat,
683 3471 728 3530 tis,
747 3469 778 3516 ut
787 3465 822 3516 ab
835 3463 960 3514 omnibus
971 3461 1069 3525 Virgilii
1080 3463 1205 3526 variique

119 3543 235 3607 attigerit
247 3553 360 3591 necue.»
375 3538 546 3600 -Beentnm1
563 3539 643 3600 gerit.
683 3543 777 3606 aequis
798 3538 1014 3590 aestimatoribus
1034 3538 1131 3586 merito
1148 3535 1207 3586 lau·

118 3617 199 3682 plur,
218 3629 286 3676 non,
300 3612 429 3664 utvnlunt
445 3613 548 3662 comm.
563 3613 643 3676 Cruq.
683 3617 791 3675 d0r03»
819 3615 894 3673 sire,
922 3613 954 3661 ut
979 3610 1123 3661 Lambinus
1150 3611 1203 3661 alt:

118 3695 145 3742 et
162 3689 322 3748 Lambinus,
350 3699 438 3736 aecus.
458 3687 525 3749 sing.
543 3687 598 3737 Cio.
611 3686 645 3735 de
684 3689 786 3742 «multa
802 3684 1029 3743 tuacumlaude;
1047 3684 1207 3736 munificen-

119 3767 182 3818 Fato
193 3763 219 3825 i,
237 3765 265 3812 7:
284 3759 595 3821 emmeramensem,
613 3773 647 3810 ew
682 3766 718 3816 tia
736 3764 808 3814 enim
824 3765 852 3812 et
867 3759 1046 3810 beneficentia
1062 3758 1132 3808 bene
1150 3758 1206 3809 ool-

119 3851 168 3900 nno
186 3839 314 3888 acutiores
330 3837 406 3885 etiem
418 3834 645 3896 pommeranum
682 3837 780 3897 locata,
807 3834 952 3885 bononfloa
977 3835 1005 3882 et
1029 3830 1143 3894 duriose
1165 3835 1207 3883 est

119 3927 233 3964 mmmm
249 3911 344 3970 Thebis,
362 3911 447 3971 itaque
463 3909 570 3971 amnas:
585 3907 646 3957 lbe-
680 3911 824 3975 largitori.»
860 3909 912 3960 Cir.
936 3907 1031 3958 laeobs
1050 3908 1132 3956 Leett.
1153 3907 1207 3957 Ve-

120 3988 179 4036 boai
195 3985 347 4035 stertentes.
367 3983 445 4033 Corn.
459 3984 549 4046 Nepos
560 3979 644 4032 Aloib.
683 3999 743 4037 nus.
762 3999 790 4049 p.
803 3983 861 4034 tte.
876 4009 904 4018 ·-
924 3982 1042 4045 Vtrolibet
1060 3981 1206 4044 Variusque]

121 4063 160 4110 lt:
175 4055 647 4120 Onmmiioentitmoqirflnnitotieor-
683 4057 806 4122 Virgilius
821 4059 944 4107 mortuus
960 4057 1003 4105 est
1018 4068 1043 4104 a.
1061 4068 1088 4103 u.
1108 4067 1131 4104 o.
1147 4054 1204 4104 735.

118 4135 188 4196 poris
209 4147 287 4196 qnam
310 4131 405 4195 laetali
430 4130 541 4180 acumini
566 4129 647 4177 laser-
684 4136 712 4184 et
732 4133 822 4183 Variae
844 4131 909 4180 item
932 4129 1039 4179 videtur
1059 4131 1121 4177 ante
1137 4127 1207 4176 bane

119 4209 199 4257 nent.
230 4205 269 4258 Ci.
284 4207 377 4270 Epam.
391 4206 420 4264 5,
437 4205 460 4254 2.
488 4203 538 4254 Dio
549 4202 645 4264 Chrys.
684 4205 830 4272 Epistolam
846 4205 1021 4269 onmposltem
1033 4199 1208 4256 modemob·
