<?xml version="1.0" encoding="UTF-8"?>
<!DOCTYPE html PUBLIC "-//W3C//DTD XHTML 1.0 Transitional//EN"
    "http://www.w3.org/TR/xhtml1/DTD/xhtml1-transitional.dtd">
<html xmlns="http://www.w3.org/1999/xhtml" xml:lang="en" lang="en">
 <head>
  <title>
</title>
<meta http-equiv="Content-Type" content="text/html;charset=utf-8" />
  <meta name='ocr-system' content='tesseract 3.04.00' />
  <meta name='ocr-capabilities' content='ocr_page ocr_carea ocr_par ocr_line ocrx_word'/>
</head>
<body>
  <div class='ocr_page' id='page_1' title='image "./qhoratiusflaccu03baitgoog/qhoratiusflaccu03baitgoog_0040.png"; bbox 0 0 2925 4892; ppageno 0'>
   <div class='ocr_carea' id='block_1_1' title="bbox 658 364 986 418">
    <p class='ocr_par' dir='ltr' id='par_1_1' title="bbox 658 364 986 418">
     <span class='ocr_line' id='line_1_1' title="bbox 658 364 986 418; baseline -0.009 0"><span class='ocrx_word' id='word_1_1' title='bbox 658 366 788 418; x_wconf 73' lang='lat' dir='ltr'>llOllATll</span> <span class='ocrx_word' id='word_1_2' title='bbox 804 364 986 417; x_wconf 65' lang='lat' dir='ltr'>sustulistis!</span> 
     </span>
    </p>
   </div>
   <div class='ocr_carea' id='block_1_2' title="bbox 321 520 1370 1217">
    <p class='ocr_par' dir='ltr' id='par_1_2' title="bbox 321 520 1091 609">
     <span class='ocr_line' id='line_1_2' title="bbox 321 520 1091 609; baseline -0.013 -15"><span class='ocrx_word' id='word_1_3' title='bbox 321 526 360 595; x_wconf 92' lang='lat' dir='ltr'>Ut</span> <span class='ocrx_word' id='word_1_4' title='bbox 381 522 622 591; x_wconf 73' lang='lat' dir='ltr'><strong>Nomentanus?</strong></span> <span class='ocrx_word' id='word_1_5' title='bbox 644 522 757 608; x_wconf 79' lang='lat' dir='ltr'><strong>Pergis</strong></span> <span class='ocrx_word' id='word_1_6' title='bbox 777 520 953 609; x_wconf 80' lang='lat' dir='ltr'>pugnantia</span> <span class='ocrx_word' id='word_1_7' title='bbox 978 538 1091 585; x_wconf 87' lang='lat' dir='ltr'>secum</span> 
     </span>
    </p>

    <p class='ocr_par' dir='ltr' id='par_1_3' title="bbox 324 644 1243 730">
     <span class='ocr_line' id='line_1_3' title="bbox 324 644 1243 730; baseline -0.01 -16"><span class='ocrx_word' id='word_1_8' title='bbox 324 647 495 715; x_wconf 84' lang='lat' dir='ltr'><strong>Frontibus</strong></span> <span class='ocrx_word' id='word_1_9' title='bbox 517 644 662 711; x_wconf 87' lang='lat' dir='ltr'>adversis</span> <span class='ocrx_word' id='word_1_10' title='bbox 685 663 898 730; x_wconf 87' lang='lat' dir='ltr'>componere:</span> <span class='ocrx_word' id='word_1_11' title='bbox 921 662 987 707; x_wconf 93' lang='lat' dir='ltr'>non</span> <span class='ocrx_word' id='word_1_12' title='bbox 1008 661 1085 727; x_wconf 82' lang='lat' dir='ltr'>ego,</span> <span class='ocrx_word' id='word_1_13' title='bbox 1110 660 1243 705; x_wconf 85' lang='lat' dir='ltr'>avamm</span> 
     </span>
    </p>

    <p class='ocr_par' dir='ltr' id='par_1_4' title="bbox 323 761 1231 853">
     <span class='ocr_line' id='line_1_4' title="bbox 323 761 1231 853; baseline -0.012 -16"><span class='ocrx_word' id='word_1_14' title='bbox 323 771 403 838; x_wconf 89' lang='lat' dir='ltr'>Cum</span> <span class='ocrx_word' id='word_1_15' title='bbox 424 778 499 835; x_wconf 89' lang='lat' dir='ltr'>veto</span> <span class='ocrx_word' id='word_1_16' title='bbox 521 778 552 834; x_wconf 89' lang='lat' dir='ltr'>te</span> <span class='ocrx_word' id='word_1_17' title='bbox 576 766 659 843; x_wconf 88' lang='lat' dir='ltr'>lieri,</span> <span class='ocrx_word' id='word_1_18' title='bbox 683 786 822 853; x_wconf 81' lang='lat' dir='ltr'>vappam</span> <span class='ocrx_word' id='word_1_19' title='bbox 845 762 943 830; x_wconf 89' lang='lat' dir='ltr'>iubeo</span> <span class='ocrx_word' id='word_1_20' title='bbox 965 782 1004 828; x_wconf 87' lang='lat' dir='ltr'>ac</span> <span class='ocrx_word' id='word_1_21' title='bbox 1026 761 1231 829; x_wconf 81' lang='lat' dir='ltr'>nebulonem.</span> 
     </span>
    </p>

    <p class='ocr_par' dir='ltr' id='par_1_5' title="bbox 323 882 1370 1092">
     <span class='ocr_line' id='line_1_5' title="bbox 323 882 1370 975; baseline -0.01 -18"><span class='ocrx_word' id='word_1_22' title='bbox 323 892 379 958; x_wconf 86' lang='lat' dir='ltr'>Est</span> <span class='ocrx_word' id='word_1_23' title='bbox 400 892 482 956; x_wconf 91' lang='lat' dir='ltr'>inter</span> <span class='ocrx_word' id='word_1_24' title='bbox 504 892 623 955; x_wconf 83' lang='lat' dir='ltr'>Tanain</span> <span class='ocrx_word' id='word_1_25' title='bbox 644 886 802 975; x_wconf 81' lang='lat' dir='ltr'><strong>quiddam</strong></span> <span class='ocrx_word' id='word_1_26' title='bbox 824 904 1042 972; x_wconf 81' lang='lat' dir='ltr'>socerumque</span> <span class='ocrx_word' id='word_1_27' title='bbox 1064 882 1181 950; x_wconf 87' lang='lat' dir='ltr'>Viselli.</span> <span class='ocrx_word' id='word_1_28' title='bbox 1246 910 1249 915; x_wconf 96' lang='lat'>·</span> <span class='ocrx_word' id='word_1_29' title='bbox 1307 884 1370 949; x_wconf 69' lang='lat' dir='ltr'>loe</span> 
     </span>
     <span class='ocr_line' id='line_1_6' title="bbox 323 1004 1197 1092; baseline -0.009 -13"><span class='ocrx_word' id='word_1_30' title='bbox 323 1014 379 1079; x_wconf 86' lang='lat' dir='ltr'>Est</span> <span class='ocrx_word' id='word_1_31' title='bbox 399 1011 517 1077; x_wconf 90' lang='lat' dir='ltr'>modus</span> <span class='ocrx_word' id='word_1_32' title='bbox 539 1011 571 1075; x_wconf 92' lang='lat' dir='ltr'>in</span> <span class='ocrx_word' id='word_1_33' title='bbox 593 1008 709 1082; x_wconf 90' lang='lat' dir='ltr'>rebus,</span> <span class='ocrx_word' id='word_1_34' title='bbox 734 1016 810 1072; x_wconf 91' lang='lat' dir='ltr'>sunt</span> <span class='ocrx_word' id='word_1_35' title='bbox 830 1006 909 1073; x_wconf 89' lang='lat' dir='ltr'>certi</span> <span class='ocrx_word' id='word_1_36' title='bbox 931 1004 1076 1092; x_wconf 89' lang='lat' dir='ltr'>denique</span> <span class='ocrx_word' id='word_1_37' title='bbox 1097 1004 1197 1083; x_wconf 90' lang='lat' dir='ltr'>lines,</span> 
     </span>
    </p>

    <p class='ocr_par' dir='ltr' id='par_1_6' title="bbox 324 1126 1204 1217">
     <span class='ocr_line' id='line_1_7' title="bbox 324 1126 1204 1217; baseline -0.009 -18"><span class='ocrx_word' id='word_1_38' title='bbox 324 1134 414 1213; x_wconf 89' lang='lat' dir='ltr'>Quos</span> <span class='ocrx_word' id='word_1_39' title='bbox 436 1132 520 1198; x_wconf 85' lang='lat' dir='ltr'>ultra</span> <span class='ocrx_word' id='word_1_40' title='bbox 542 1132 687 1217; x_wconf 85' lang='lat' dir='ltr'>citraque</span> <span class='ocrx_word' id='word_1_41' title='bbox 710 1127 824 1215; x_wconf 91' lang='lat' dir='ltr'>nequit</span> <span class='ocrx_word' id='word_1_42' title='bbox 844 1126 1023 1194; x_wconf 83' lang='lat' dir='ltr'>consistere</span> <span class='ocrx_word' id='word_1_43' title='bbox 1045 1137 1204 1208; x_wconf 72' lang='lat' dir='ltr'>rectum.¹</span> 
     </span>
    </p>
   </div>
   <div class='ocr_carea' id='block_1_3' title="bbox 314 1296 1335 1431">
    <p class='ocr_par' dir='ltr' id='par_1_7' title="bbox 314 1296 1335 1431">
     <span class='ocr_line' id='line_1_8' title="bbox 348 1296 1335 1367; baseline -0.007 -12"><span class='ocrx_word' id='word_1_44' title='bbox 348 1303 404 1355; x_wconf 80' lang='lat' dir='ltr'>iol.</span> <span class='ocrx_word' id='word_1_45' title='bbox 424 1304 463 1367; x_wconf 87' lang='lat' dir='ltr'>oe]</span> <span class='ocrx_word' id='word_1_46' title='bbox 481 1307 527 1353; x_wconf 84' lang='lat' dir='ltr'>out</span> <span class='ocrx_word' id='word_1_47' title='bbox 543 1302 571 1350; x_wconf 92' lang='lat' dir='ltr'>L.</span> <span class='ocrx_word' id='word_1_48' title='bbox 593 1326 620 1337; x_wconf 97' lang='lat'>—</span> <span class='ocrx_word' id='word_1_49' title='bbox 640 1300 696 1350; x_wconf 76' lang='lat'>405.</span> <span class='ocrx_word' id='word_1_50' title='bbox 718 1298 823 1348; x_wconf 82' lang='lat' dir='ltr'>Tooaim</span> <span class='ocrx_word' id='word_1_51' title='bbox 843 1296 945 1358; x_wconf 63' lang='lat' dir='ltr'>essct</span> <span class='ocrx_word' id='word_1_52' title='bbox 962 1298 1024 1360; x_wconf 85' lang='lat' dir='ltr'>(non</span> <span class='ocrx_word' id='word_1_53' title='bbox 1041 1297 1132 1362; x_wconf 84' lang='lat' dir='ltr'>Bcdp).</span> <span class='ocrx_word' id='word_1_54' title='bbox 1149 1324 1177 1333; x_wconf 98' lang='lat'>-</span> <span class='ocrx_word' id='word_1_55' title='bbox 1191 1297 1247 1347; x_wconf 83' lang='grc'>406.</span> <span class='ocrx_word' id='word_1_56' title='bbox 1266 1300 1335 1363; x_wconf 70' lang='lat' dir='ltr'>certi]</span> 
     </span>
     <span class='ocr_line' id='line_1_9' title="bbox 314 1378 436 1431; baseline -0.016 -2"><span class='ocrx_word' id='word_1_57' title='bbox 314 1380 375 1431; x_wconf 82' lang='lat' dir='ltr'>reoli</span> <span class='ocrx_word' id='word_1_58' title='bbox 392 1378 436 1428; x_wconf 87' lang='lat' dir='ltr'>bc.</span> 
     </span>
    </p>
   </div>
   <div class='ocr_carea' id='block_1_4' title="bbox 281 1522 1387 4277">
    <p class='ocr_par' dir='ltr' id='par_1_8' title="bbox 282 1522 1374 1667">
     <span class='ocr_line' id='line_1_10' title="bbox 282 1522 1374 1591; baseline -0.005 -12"><span class='ocrx_word' id='word_1_59' title='bbox 282 1527 461 1591; x_wconf 62' lang='lat' dir='ltr'>Nomentanis]</span> <span class='ocrx_word' id='word_1_60' title='bbox 488 1528 516 1577; x_wconf 88' lang='lat' dir='ltr'>L.</span> <span class='ocrx_word' id='word_1_61' title='bbox 535 1526 643 1576; x_wconf 87' lang='lat' dir='ltr'>Cassius</span> <span class='ocrx_word' id='word_1_62' title='bbox 664 1524 810 1575; x_wconf 86' lang='lat' dir='ltr'>Nomenta-</span> <span class='ocrx_word' id='word_1_63' title='bbox 845 1522 922 1571; x_wconf 82' lang='lat' dir='ltr'>etium</span> <span class='ocrx_word' id='word_1_64' title='bbox 950 1522 1093 1582; x_wconf 57' lang='lat' dir='ltr'>hominm</span> <span class='ocrx_word' id='word_1_65' title='bbox 1126 1534 1184 1571; x_wconf 73' lang='lat' dir='ltr'>esen</span> <span class='ocrx_word' id='word_1_66' title='bbox 1214 1523 1374 1586; x_wconf 68' lang='lat' dir='ltr'>depenowe</span> 
     </span>
     <span class='ocr_line' id='line_1_11' title="bbox 283 1596 954 1667; baseline -0.013 -14"><span class='ocrx_word' id='word_1_67' title='bbox 283 1615 342 1663; x_wconf 89' lang='lat' dir='ltr'>nus,</span> <span class='ocrx_word' id='word_1_68' title='bbox 360 1614 476 1667; x_wconf 87' lang='lat' dir='ltr'>persona</span> <span class='ocrx_word' id='word_1_69' title='bbox 487 1599 620 1651; x_wconf 80' lang='lat' dir='ltr'>Luciliano</span> <span class='ocrx_word' id='word_1_70' title='bbox 632 1598 693 1663; x_wconf 84' lang='lat' dir='ltr'>(vid.</span> <span class='ocrx_word' id='word_1_71' title='bbox 707 1598 810 1648; x_wconf 79' lang='lat' dir='ltr'>Becker</span> <span class='ocrx_word' id='word_1_72' title='bbox 846 1596 954 1646; x_wconf 69' lang='lat' dir='ltr'>enimse.</span> 
     </span>
    </p>

    <p class='ocr_par' dir='ltr' id='par_1_9' title="bbox 281 1670 1387 4277">
     <span class='ocr_line' id='line_1_12' title="bbox 281 1670 1374 1738; baseline -0.005 -11"><span class='ocrx_word' id='word_1_73' title='bbox 281 1678 367 1727; x_wconf 82' lang='lat' dir='ltr'>lllein.</span> <span class='ocrx_word' id='word_1_74' title='bbox 384 1678 450 1727; x_wconf 76' lang='lat' dir='ltr'>lires.</span> <span class='ocrx_word' id='word_1_75' title='bbox 467 1676 500 1725; x_wconf 89' lang='lat' dir='ltr'>N.</span> <span class='ocrx_word' id='word_1_76' title='bbox 517 1676 545 1725; x_wconf 82' lang='lat' dir='ltr'>F.</span> <span class='ocrx_word' id='word_1_77' title='bbox 563 1675 594 1725; x_wconf 81' lang='lat' dir='ltr'>V.</span> <span class='ocrx_word' id='word_1_78' title='bbox 613 1687 640 1738; x_wconf 92' lang='lat' dir='ltr'>p.</span> <span class='ocrx_word' id='word_1_79' title='bbox 660 1673 708 1723; x_wconf 84' lang='grc'>369</span> <span class='ocrx_word' id='word_1_80' title='bbox 726 1672 807 1734; x_wconf 78' lang='lat' dir='ltr'>sqq),</span> <span class='ocrx_word' id='word_1_81' title='bbox 880 1672 936 1721; x_wconf 75' lang='lat'>⁴05.</span> <span class='ocrx_word' id='word_1_82' title='bbox 956 1671 1012 1721; x_wconf 81' lang='lat' dir='ltr'>loti.</span> <span class='ocrx_word' id='word_1_83' title='bbox 1042 1670 1147 1735; x_wconf 69' lang='lat' dir='ltr'>lunate]</span> <span class='ocrx_word' id='word_1_84' title='bbox 1165 1671 1275 1722; x_wconf 82' lang='lat' dir='ltr'>«Tanais</span> <span class='ocrx_word' id='word_1_85' title='bbox 1286 1671 1374 1735; x_wconf 86' lang='lat' dir='ltr'>spado</span> 
     </span>
     <span class='ocr_line' id='line_1_13' title="bbox 283 1746 1374 1815; baseline -0.004 -14"><span class='ocrx_word' id='word_1_86' title='bbox 283 1764 346 1801; x_wconf 90' lang='lat' dir='ltr'>cum</span> <span class='ocrx_word' id='word_1_87' title='bbox 362 1748 445 1801; x_wconf 87' lang='lat' dir='ltr'>altero</span> <span class='ocrx_word' id='word_1_88' title='bbox 462 1748 505 1800; x_wconf 94' lang='lat' dir='ltr'>illo</span> <span class='ocrx_word' id='word_1_89' title='bbox 522 1748 647 1815; x_wconf 88' lang='lat' dir='ltr'>pmdigo,</span> <span class='ocrx_word' id='word_1_90' title='bbox 667 1748 770 1799; x_wconf 82' lang='lat' dir='ltr'>Maenio</span> <span class='ocrx_word' id='word_1_91' title='bbox 785 1759 807 1796; x_wconf 85' lang='lat' dir='ltr'>a.</span> <span class='ocrx_word' id='word_1_92' title='bbox 847 1746 905 1807; x_wconf 80' lang='lat' dir='ltr'>fuit,</span> <span class='ocrx_word' id='word_1_93' title='bbox 924 1748 954 1795; x_wconf 90' lang='lat' dir='ltr'>ut</span> <span class='ocrx_word' id='word_1_94' title='bbox 970 1746 1080 1809; x_wconf 90' lang='lat' dir='ltr'>quidam</span> <span class='ocrx_word' id='word_1_95' title='bbox 1101 1748 1188 1807; x_wconf 86' lang='lat' dir='ltr'>aiunt,</span> <span class='ocrx_word' id='word_1_96' title='bbox 1211 1748 1374 1797; x_wconf 79' lang='lat' dir='ltr'>Maecenatis</span> 
     </span>
     <span class='ocr_line' id='line_1_14' title="bbox 282 1820 1374 1889; baseline -0.005 -12"><span class='ocrx_word' id='word_1_97' title='bbox 282 1826 377 1887; x_wconf 70' lang='lat' dir='ltr'>Mallio,</span> <span class='ocrx_word' id='word_1_98' title='bbox 396 1827 442 1889; x_wconf 91' lang='lat' dir='ltr'>qui</span> <span class='ocrx_word' id='word_1_99' title='bbox 454 1826 507 1875; x_wconf 89' lang='lat' dir='ltr'>Sat.</span> <span class='ocrx_word' id='word_1_100' title='bbox 522 1825 594 1884; x_wconf 84' lang='lat' dir='ltr'>l,8,</span> <span class='ocrx_word' id='word_1_101' title='bbox 608 1825 647 1874; x_wconf 88' lang='lat' dir='ltr'>ll.</span> <span class='ocrx_word' id='word_1_102' title='bbox 666 1820 809 1871; x_wconf 90' lang='lat' dir='ltr'>ridiculum</span> <span class='ocrx_word' id='word_1_103' title='bbox 846 1820 975 1881; x_wconf 85' lang='lat' dir='ltr'>libertus,</span> <span class='ocrx_word' id='word_1_104' title='bbox 1002 1822 1032 1870; x_wconf 89' lang='lat' dir='ltr'>ut</span> <span class='ocrx_word' id='word_1_105' title='bbox 1056 1820 1191 1880; x_wconf 79' lang='lat' dir='ltr'>nonnulli,</span> <span class='ocrx_word' id='word_1_106' title='bbox 1218 1824 1246 1872; x_wconf 85' lang='lat' dir='ltr'>L.</span> <span class='ocrx_word' id='word_1_107' title='bbox 1264 1824 1374 1872; x_wconf 79' lang='lat' dir='ltr'>Munatii</span> 
     </span>
     <span class='ocr_line' id='line_1_15' title="bbox 282 1893 1377 1961; baseline -0.004 -10"><span class='ocrx_word' id='word_1_108' title='bbox 282 1900 412 1951; x_wconf 74' lang='lat' dir='ltr'>moutam</span> <span class='ocrx_word' id='word_1_109' title='bbox 438 1910 588 1961; x_wconf 73' lang='lat' dir='ltr'>cognomen</span> <span class='ocrx_word' id='word_1_110' title='bbox 613 1896 710 1956; x_wconf 83' lang='lat' dir='ltr'>habet,</span> <span class='ocrx_word' id='word_1_111' title='bbox 738 1893 810 1958; x_wconf 88' lang='lat' dir='ltr'>apud</span> <span class='ocrx_word' id='word_1_112' title='bbox 847 1893 949 1956; x_wconf 83' lang='lat' dir='ltr'>Planci,</span> <span class='ocrx_word' id='word_1_113' title='bbox 975 1894 1074 1946; x_wconf 85' lang='lat' dir='ltr'>Visellii</span> <span class='ocrx_word' id='word_1_114' title='bbox 1096 1898 1187 1947; x_wconf 81' lang='lat' dir='ltr'>autom</span> <span class='ocrx_word' id='word_1_115' title='bbox 1209 1910 1288 1947; x_wconf 87' lang='lat' dir='ltr'>socer</span> <span class='ocrx_word' id='word_1_116' title='bbox 1308 1896 1377 1947; x_wconf 85' lang='lat' dir='ltr'>her—</span> 
     </span>
     <span class='ocr_line' id='line_1_16' title="bbox 283 1970 1377 2040; baseline -0.002 -16"><span class='ocrx_word' id='word_1_117' title='bbox 283 1976 391 2040; x_wconf 78' lang='lat' dir='ltr'>poetcm</span> <span class='ocrx_word' id='word_1_118' title='bbox 409 1972 585 2036; x_wconf 88' lang='lat' dir='ltr'>componitur.</span> <span class='ocrx_word' id='word_1_119' title='bbox 621 1970 745 2021; x_wconf 71' lang='lat' dir='ltr'>«Cassius</span> <span class='ocrx_word' id='word_1_120' title='bbox 761 1970 811 2019; x_wconf 76' lang='lat' dir='ltr'>No</span> <span class='ocrx_word' id='word_1_121' title='bbox 847 1971 972 2019; x_wconf 82' lang='lat' dir='ltr'>niosus.»</span> <span class='ocrx_word' id='word_1_122' title='bbox 1005 1972 1128 2019; x_wconf 76' lang='lat' dir='ltr'>Posrsrs.</span> <span class='ocrx_word' id='word_1_123' title='bbox 1157 1998 1186 2009; x_wconf 94' lang='lat'>-</span> <span class='ocrx_word' id='word_1_124' title='bbox 1211 1972 1257 2020; x_wconf 78' lang='lat' dir='ltr'>Est</span> <span class='ocrx_word' id='word_1_125' title='bbox 1284 1973 1377 2022; x_wconf 68' lang='lat' dir='ltr'>modies</span> 
     </span>
     <span class='ocr_line' id='line_1_17' title="bbox 283 2044 1377 2109; baseline -0.003 -10"><span class='ocrx_word' id='word_1_126' title='bbox 283 2050 426 2099; x_wconf 85' lang='lat' dir='ltr'>mentanus</span> <span class='ocrx_word' id='word_1_127' title='bbox 448 2046 517 2096; x_wconf 89' lang='lat' dir='ltr'>adeo</span> <span class='ocrx_word' id='word_1_128' title='bbox 539 2047 596 2096; x_wconf 83' lang='lat' dir='ltr'>sinc</span> <span class='ocrx_word' id='word_1_129' title='bbox 616 2047 742 2109; x_wconf 86' lang='lat' dir='ltr'>respectu</span> <span class='ocrx_word' id='word_1_130' title='bbox 760 2044 811 2094; x_wconf 89' lang='lat' dir='ltr'>bo-</span> <span class='ocrx_word' id='word_1_131' title='bbox 848 2044 911 2107; x_wconf 79' lang='lat' dir='ltr'>cet]</span> <span class='ocrx_word' id='word_1_132' title='bbox 930 2044 1026 2092; x_wconf 82' lang='lat' dir='ltr'>Lucan.</span> <span class='ocrx_word' id='word_1_133' title='bbox 1040 2044 1070 2104; x_wconf 75' lang='lat'>2,</span> <span class='ocrx_word' id='word_1_134' title='bbox 1089 2044 1152 2094; x_wconf 83' lang='lat'><strong>380:</strong></span> <span class='ocrx_word' id='word_1_135' title='bbox 1170 2046 1232 2095; x_wconf 79' lang='lat' dir='ltr'>laec</span> <span class='ocrx_word' id='word_1_136' title='bbox 1248 2047 1307 2095; x_wconf 74' lang='lat' dir='ltr'>oceri</span> <span class='ocrx_word' id='word_1_137' title='bbox 1321 2048 1377 2097; x_wconf 77' lang='lat' dir='ltr'>int-</span> 
     </span>
     <span class='ocr_line' id='line_1_18' title="bbox 283 2118 1378 2184; baseline 0 -11"><span class='ocrx_word' id='word_1_138' title='bbox 283 2136 380 2173; x_wconf 89' lang='lat' dir='ltr'>norum</span> <span class='ocrx_word' id='word_1_139' title='bbox 392 2132 503 2173; x_wconf 87' lang='lat' dir='ltr'>suorum</span> <span class='ocrx_word' id='word_1_140' title='bbox 514 2118 654 2184; x_wconf 83' lang='lat' dir='ltr'>prodigus,</span> <span class='ocrx_word' id='word_1_141' title='bbox 672 2122 702 2169; x_wconf 90' lang='lat' dir='ltr'>ut</span> <span class='ocrx_word' id='word_1_142' title='bbox 712 2121 813 2169; x_wconf 87' lang='lat' dir='ltr'>sester-</span> <span class='ocrx_word' id='word_1_143' title='bbox 846 2124 917 2168; x_wconf 83' lang='lat' dir='ltr'>mota</span> <span class='ocrx_word' id='word_1_144' title='bbox 933 2119 1036 2169; x_wconf 60' lang='lat' dir='ltr'>&amp;maie</span> <span class='ocrx_word' id='word_1_145' title='bbox 1046 2119 1119 2168; x_wconf 79' lang='lat' dir='ltr'>Secta</span> <span class='ocrx_word' id='word_1_146' title='bbox 1129 2120 1190 2183; x_wconf 72' lang='lat' dir='ltr'>suit,</span> <span class='ocrx_word' id='word_1_147' title='bbox 1208 2134 1378 2173; x_wconf 70' lang='lat' dir='ltr'>monmo-</span> 
     </span>
     <span class='ocr_line' id='line_1_19' title="bbox 284 2190 1377 2260; baseline -0.001 -12"><span class='ocrx_word' id='word_1_148' title='bbox 284 2199 350 2248; x_wconf 78' lang='lat' dir='ltr'>tium</span> <span class='ocrx_word' id='word_1_149' title='bbox 376 2196 527 2260; x_wconf 82' lang='lat' dir='ltr'>septuagies</span> <span class='ocrx_word' id='word_1_150' title='bbox 553 2192 629 2258; x_wconf 87' lang='lat' dir='ltr'>gulae</span> <span class='ocrx_word' id='word_1_151' title='bbox 655 2208 687 2243; x_wconf 87' lang='lat' dir='ltr'>ac</span> <span class='ocrx_word' id='word_1_152' title='bbox 710 2190 811 2243; x_wconf 85' lang='lat' dir='ltr'>libidini</span> <span class='ocrx_word' id='word_1_153' title='bbox 848 2194 908 2243; x_wconf 70' lang='lat' dir='ltr'>omn</span> <span class='ocrx_word' id='word_1_154' title='bbox 922 2195 1045 2256; x_wconf 63' lang='lat' dir='ltr'>meopte</span> <span class='ocrx_word' id='word_1_155' title='bbox 1061 2198 1151 2244; x_wconf 67' lang='lat' dir='ltr'>unere.</span> <span class='ocrx_word' id='word_1_156' title='bbox 1166 2222 1194 2233; x_wconf 89' lang='lat'><em>-</em></span> <span class='ocrx_word' id='word_1_157' title='bbox 1207 2198 1320 2259; x_wconf 78' lang='lat' dir='ltr'>denique]</span> <span class='ocrx_word' id='word_1_158' title='bbox 1333 2199 1377 2247; x_wconf 88' lang='lat' dir='ltr'>Si-</span> 
     </span>
     <span class='ocr_line' id='line_1_20' title="bbox 285 2268 1378 2336; baseline 0.001 -15"><span class='ocrx_word' id='word_1_159' title='bbox 285 2270 462 2336; x_wconf 85' lang='lat' dir='ltr'>impenderet.</span> <span class='ocrx_word' id='word_1_160' title='bbox 506 2270 589 2321; x_wconf 84' lang='lat' dir='ltr'>Huius</span> <span class='ocrx_word' id='word_1_161' title='bbox 614 2280 732 2332; x_wconf 85' lang='lat' dir='ltr'>coquum</span> <span class='ocrx_word' id='word_1_162' title='bbox 758 2269 813 2317; x_wconf 88' lang='lat' dir='ltr'>Da·</span> <span class='ocrx_word' id='word_1_163' title='bbox 849 2268 957 2332; x_wconf 81' lang='lat' dir='ltr'>gnificat</span> <span class='ocrx_word' id='word_1_164' title='bbox 973 2280 1004 2317; x_wconf 89' lang='lat' dir='ltr'>se</span> <span class='ocrx_word' id='word_1_165' title='bbox 1021 2268 1214 2320; x_wconf 87' lang='lat' dir='ltr'>hacsententia</span> <span class='ocrx_word' id='word_1_166' title='bbox 1227 2272 1378 2336; x_wconf 87' lang='lat' dir='ltr'>totidispu-</span> 
     </span>
     <span class='ocr_line' id='line_1_21' title="bbox 284 2342 1375 2409; baseline 0.001 -13"><span class='ocrx_word' id='word_1_167' title='bbox 284 2358 359 2397; x_wconf 90' lang='lat' dir='ltr'>mam</span> <span class='ocrx_word' id='word_1_168' title='bbox 376 2346 483 2395; x_wconf 88' lang='lat' dir='ltr'>nomine</span> <span class='ocrx_word' id='word_1_169' title='bbox 502 2343 630 2395; x_wconf 86' lang='lat' dir='ltr'>Salustius</span> <span class='ocrx_word' id='word_1_170' title='bbox 643 2342 753 2407; x_wconf 87' lang='lat' dir='ltr'>Crispus</span> <span class='ocrx_word' id='word_1_171' title='bbox 770 2343 813 2392; x_wconf 84' lang='lat' dir='ltr'>hi-</span> <span class='ocrx_word' id='word_1_172' title='bbox 850 2344 940 2393; x_wconf 84' lang='lat' dir='ltr'>lationi</span> <span class='ocrx_word' id='word_1_173' title='bbox 958 2343 1012 2393; x_wconf 91' lang='lat' dir='ltr'>iam</span> <span class='ocrx_word' id='word_1_174' title='bbox 1028 2342 1110 2393; x_wconf 85' lang='lat' dir='ltr'>finem</span> <span class='ocrx_word' id='word_1_175' title='bbox 1127 2346 1274 2409; x_wconf 86' lang='lat' dir='ltr'>imponere.</span> <span class='ocrx_word' id='word_1_176' title='bbox 1304 2349 1375 2397; x_wconf 84' lang='lat' dir='ltr'>Nos:</span> 
     </span>
     <span class='ocr_line' id='line_1_22' title="bbox 285 2416 1379 2485; baseline -0.001 -14"><span class='ocrx_word' id='word_1_177' title='bbox 285 2422 428 2472; x_wconf 87' lang='lat' dir='ltr'>storiarum</span> <span class='ocrx_word' id='word_1_178' title='bbox 450 2420 565 2483; x_wconf 91' lang='lat' dir='ltr'>scriptor</span> <span class='ocrx_word' id='word_1_179' title='bbox 586 2418 669 2468; x_wconf 85' lang='lat' dir='ltr'>lertur</span> <span class='ocrx_word' id='word_1_180' title='bbox 693 2418 813 2467; x_wconf 87' lang='lat' dir='ltr'>centenis</span> <span class='ocrx_word' id='word_1_181' title='bbox 852 2420 914 2469; x_wconf 74' lang='lat' dir='ltr'>ellit</span> <span class='ocrx_word' id='word_1_182' title='bbox 925 2416 1015 2468; x_wconf 76' lang='lat' dir='ltr'>Ilicem</span> <span class='ocrx_word' id='word_1_183' title='bbox 1033 2418 1131 2468; x_wconf 66' lang='grc' dir='ltr'>Νυνὶ.»</span> <span class='ocrx_word' id='word_1_184' title='bbox 1144 2446 1173 2457; x_wconf 95' lang='grc'>-</span> <span class='ocrx_word' id='word_1_185' title='bbox 1186 2422 1289 2485; x_wconf 83' lang='lat' dir='ltr'>rectum]</span> <span class='ocrx_word' id='word_1_186' title='bbox 1307 2423 1379 2471; x_wconf 89' lang='lat' dir='ltr'>Scri·</span> 
     </span>
     <span class='ocr_line' id='line_1_23' title="bbox 285 2491 1378 2556; baseline -0.001 -9"><span class='ocrx_word' id='word_1_187' title='bbox 285 2494 393 2547; x_wconf 86' lang='lat' dir='ltr'>milibus</span> <span class='ocrx_word' id='word_1_188' title='bbox 405 2494 567 2545; x_wconf 89' lang='lat' dir='ltr'>conductum</span> <span class='ocrx_word' id='word_1_189' title='bbox 580 2491 732 2544; x_wconf 64' lang='lat' dir='ltr'>habuisses</span> <span class='ocrx_word' id='word_1_190' title='bbox 748 2496 811 2543; x_wconf 80' lang='lat' dir='ltr'>Aen.</span> <span class='ocrx_word' id='word_1_191' title='bbox 849 2495 912 2556; x_wconf 86' lang='lat' dir='ltr'>pter</span> <span class='ocrx_word' id='word_1_192' title='bbox 928 2491 961 2541; x_wconf 90' lang='lat' dir='ltr'>ad</span> <span class='ocrx_word' id='word_1_193' title='bbox 979 2494 1095 2542; x_wconf 81' lang='lat' dir='ltr'>Heroon.</span> <span class='ocrx_word' id='word_1_194' title='bbox 1108 2492 1139 2554; x_wconf 82' lang='lat'>3,</span> <span class='ocrx_word' id='word_1_195' title='bbox 1158 2495 1187 2555; x_wconf 77' lang='lat'>2,</span> <span class='ocrx_word' id='word_1_196' title='bbox 1206 2495 1236 2544; x_wconf 80' lang='lat'>3:</span> <span class='ocrx_word' id='word_1_197' title='bbox 1254 2497 1378 2546; x_wconf 78' lang='lat' dir='ltr'>Rectum</span> 
     </span>
     <span class='ocr_line' id='line_1_24' title="bbox 286 2566 1376 2634; baseline 0.001 -14"><span class='ocrx_word' id='word_1_198' title='bbox 286 2572 450 2621; x_wconf 82' lang='lat' dir='ltr'>elPonrnrs.</span> <span class='ocrx_word' id='word_1_199' title='bbox 475 2570 590 2631; x_wconf 83' lang='lat' dir='ltr'>Uterque</span> <span class='ocrx_word' id='word_1_200' title='bbox 602 2568 775 2631; x_wconf 87' lang='lat' dir='ltr'>igiturnepos</span> <span class='ocrx_word' id='word_1_201' title='bbox 787 2568 815 2615; x_wconf 89' lang='lat' dir='ltr'>et</span> <span class='ocrx_word' id='word_1_202' title='bbox 850 2572 901 2627; x_wconf 82' lang='lat' dir='ltr'>eet,</span> <span class='ocrx_word' id='word_1_203' title='bbox 928 2566 995 2626; x_wconf 77' lang='lat' dir='ltr'>quod</span> <span class='ocrx_word' id='word_1_204' title='bbox 1015 2580 1073 2615; x_wconf 84' lang='lat' dir='ltr'>cum</span> <span class='ocrx_word' id='word_1_205' title='bbox 1091 2568 1184 2617; x_wconf 80' lang='lat' dir='ltr'>virtute</span> <span class='ocrx_word' id='word_1_206' title='bbox 1199 2574 1224 2618; x_wconf 88' lang='lat' dir='ltr'>et</span> <span class='ocrx_word' id='word_1_207' title='bbox 1238 2570 1321 2633; x_wconf 70' lang='lat' dir='ltr'>officio</span> <span class='ocrx_word' id='word_1_208' title='bbox 1335 2573 1376 2634; x_wconf 74' lang='lat' dir='ltr'>tit.</span> 
     </span>
     <span class='ocr_line' id='line_1_25' title="bbox 286 2640 1378 2707; baseline 0.001 -12"><span class='ocrx_word' id='word_1_209' title='bbox 286 2656 385 2707; x_wconf 81' lang='lat' dir='ltr'>gsneo:</span> <span class='ocrx_word' id='word_1_210' title='bbox 404 2644 557 2693; x_wconf 87' lang='lat' dir='ltr'>nectamon</span> <span class='ocrx_word' id='word_1_211' title='bbox 571 2640 815 2707; x_wconf 89' lang='lat' dir='ltr'>propteroalegen·</span> <span class='ocrx_word' id='word_1_212' title='bbox 884 2642 941 2691; x_wconf 74' lang='lat'>4⁰8.</span> <span class='ocrx_word' id='word_1_213' title='bbox 961 2641 1018 2691; x_wconf 75' lang='grc'><strong>409.</strong></span> <span class='ocrx_word' id='word_1_214' title='bbox 1046 2642 1116 2706; x_wconf 78' lang='lat' dir='ltr'>illue]</span> <span class='ocrx_word' id='word_1_215' title='bbox 1134 2644 1254 2695; x_wconf 87' lang='lat' dir='ltr'>imitatur</span> <span class='ocrx_word' id='word_1_216' title='bbox 1270 2656 1378 2696; x_wconf 88' lang='lat' dir='ltr'>morem</span> 
     </span>
     <span class='ocr_line' id='line_1_26' title="bbox 286 2715 1378 2781; baseline 0 -12"><span class='ocrx_word' id='word_1_217' title='bbox 286 2718 352 2769; x_wconf 88' lang='lat' dir='ltr'>dum</span> <span class='ocrx_word' id='word_1_218' title='bbox 370 2730 433 2768; x_wconf 76' lang='lat' dir='ltr'>orum</span> <span class='ocrx_word' id='word_1_219' title='bbox 449 2717 546 2769; x_wconf 87' lang='lat' dir='ltr'>Wolfio</span> <span class='ocrx_word' id='word_1_220' title='bbox 559 2730 591 2767; x_wconf 87' lang='lat' dir='ltr'>ex</span> <span class='ocrx_word' id='word_1_221' title='bbox 605 2716 688 2768; x_wconf 77' lang='lat' dir='ltr'>caud.</span> <span class='ocrx_word' id='word_1_222' title='bbox 702 2715 813 2767; x_wconf 87' lang='lat' dir='ltr'>Bentleii</span> <span class='ocrx_word' id='word_1_223' title='bbox 851 2715 1084 2781; x_wconf 89' lang='lat' dir='ltr'>philosophorum,</span> <span class='ocrx_word' id='word_1_224' title='bbox 1107 2718 1153 2781; x_wconf 86' lang='lat' dir='ltr'>qui</span> <span class='ocrx_word' id='word_1_225' title='bbox 1170 2719 1197 2768; x_wconf 92' lang='lat' dir='ltr'>in</span> <span class='ocrx_word' id='word_1_226' title='bbox 1214 2715 1378 2781; x_wconf 70' lang='grc' dir='ltr'><strong><em>ἐπιδείξων</em></strong></span> 
     </span>
     <span class='ocr_line' id='line_1_27' title="bbox 286 2791 1379 2856; baseline -0.001 -11"><span class='ocrx_word' id='word_1_227' title='bbox 286 2808 319 2845; x_wconf 83' lang='lat' dir='ltr'>cc</span> <span class='ocrx_word' id='word_1_228' title='bbox 334 2795 378 2844; x_wconf 78' lang='lat' dir='ltr'>sic.</span> <span class='ocrx_word' id='word_1_229' title='bbox 413 2794 461 2843; x_wconf 85' lang='lat' dir='ltr'>Est</span> <span class='ocrx_word' id='word_1_230' title='bbox 481 2794 602 2843; x_wconf 83' lang='lat' dir='ltr'>nostrum</span> <span class='ocrx_word' id='word_1_231' title='bbox 625 2794 699 2843; x_wconf 78' lang='lat' dir='ltr'>oder</span> <span class='ocrx_word' id='word_1_232' title='bbox 719 2791 811 2841; x_wconf 79' lang='lat' dir='ltr'>cuci.</span> <span class='ocrx_word' id='word_1_233' title='bbox 851 2791 993 2842; x_wconf 86' lang='lat' dir='ltr'>moralium</span> <span class='ocrx_word' id='word_1_234' title='bbox 1012 2791 1121 2856; x_wconf 76' lang='lat' dir='ltr'>epilogis</span> <span class='ocrx_word' id='word_1_235' title='bbox 1141 2794 1203 2855; x_wconf 86' lang='lat' dir='ltr'>post</span> <span class='ocrx_word' id='word_1_236' title='bbox 1232 2794 1379 2856; x_wconf 85' lang='lat' dir='ltr'>digressio-</span> 
     </span>
     <span class='ocr_line' id='line_1_28' title="bbox 289 2865 1380 2933; baseline 0.003 -17"><span class='ocrx_word' id='word_1_237' title='bbox 289 2896 316 2907; x_wconf 96' lang='grc'>-</span> <span class='ocrx_word' id='word_1_238' title='bbox 330 2866 463 2917; x_wconf 65' lang='lat' dir='ltr'>nomicos</span> <span class='ocrx_word' id='word_1_239' title='bbox 473 2867 594 2926; x_wconf 64' lang='lat' dir='ltr'>emerso]</span> <span class='ocrx_word' id='word_1_240' title='bbox 611 2865 696 2927; x_wconf 82' lang='lat' dir='ltr'>lunge</span> <span class='ocrx_word' id='word_1_241' title='bbox 708 2877 771 2914; x_wconf 87' lang='lat' dir='ltr'>cum</span> <span class='ocrx_word' id='word_1_242' title='bbox 783 2878 809 2913; x_wconf 83' lang='lat' dir='ltr'>v.</span> <span class='ocrx_word' id='word_1_243' title='bbox 851 2880 901 2917; x_wconf 87' lang='lat' dir='ltr'>nos</span> <span class='ocrx_word' id='word_1_244' title='bbox 918 2866 1046 2929; x_wconf 85' lang='lat' dir='ltr'>variaque</span> <span class='ocrx_word' id='word_1_245' title='bbox 1058 2867 1180 2931; x_wconf 84' lang='lat' dir='ltr'>exempla</span> <span class='ocrx_word' id='word_1_246' title='bbox 1191 2880 1285 2919; x_wconf 84' lang='lat' dir='ltr'>earum</span> <span class='ocrx_word' id='word_1_247' title='bbox 1296 2874 1380 2933; x_wconf 87' lang='lat' dir='ltr'>caput</span> 
     </span>
     <span class='ocr_line' id='line_1_29' title="bbox 286 2938 1380 3005; baseline 0.002 -14"><span class='ocrx_word' id='word_1_248' title='bbox 286 2954 446 3003; x_wconf 73' lang='lat' dir='ltr'>conponere,</span> <span class='ocrx_word' id='word_1_249' title='bbox 473 2952 526 2989; x_wconf 91' lang='lat' dir='ltr'>non</span> <span class='ocrx_word' id='word_1_250' title='bbox 549 2952 611 2991; x_wconf 87' lang='lat' dir='ltr'>cum</span> <span class='ocrx_word' id='word_1_251' title='bbox 632 2952 676 2987; x_wconf 85' lang='lat' dir='ltr'>vv.</span> <span class='ocrx_word' id='word_1_252' title='bbox 691 2952 815 3002; x_wconf 71' lang='lat' dir='ltr'>paperon-</span> <span class='ocrx_word' id='word_1_253' title='bbox 852 2942 976 3005; x_wconf 87' lang='lat' dir='ltr'>repetere</span> <span class='ocrx_word' id='word_1_254' title='bbox 993 2938 1123 2991; x_wconf 88' lang='lat' dir='ltr'>solebant.</span> <span class='ocrx_word' id='word_1_255' title='bbox 1144 2943 1380 2993; x_wconf 81' lang='lat' dir='ltr'>—Nemoutaoo-</span> 
     </span>
     <span class='ocr_line' id='line_1_30' title="bbox 287 3012 1377 3081; baseline 0.001 -14"><span class='ocrx_word' id='word_1_256' title='bbox 287 3018 325 3067; x_wconf 83' lang='lat' dir='ltr'>tic</span> <span class='ocrx_word' id='word_1_257' title='bbox 339 3028 431 3065; x_wconf 78' lang='lat' dir='ltr'>secum.</span> <span class='ocrx_word' id='word_1_258' title='bbox 468 3016 540 3065; x_wconf 77' lang='lat' dir='ltr'>«Non</span> <span class='ocrx_word' id='word_1_259' title='bbox 562 3012 662 3064; x_wconf 87' lang='lat' dir='ltr'>desinis</span> <span class='ocrx_word' id='word_1_260' title='bbox 682 3013 814 3062; x_wconf 83' lang='lat' dir='ltr'>contraria</span> <span class='ocrx_word' id='word_1_261' title='bbox 851 3016 904 3080; x_wconf 78' lang='lat' dir='ltr'>nn]</span> <span class='ocrx_word' id='word_1_262' title='bbox 927 3016 1160 3067; x_wconf 87' lang='lat' dir='ltr'>Wachsmuthium</span> <span class='ocrx_word' id='word_1_263' title='bbox 1177 3017 1340 3081; x_wconf 65' lang='lat' dir='ltr'>{Asteeueum</span> <span class='ocrx_word' id='word_1_264' title='bbox 1355 3021 1377 3070; x_wconf 87' lang='lat'>1.</span> 
     </span>
     <span class='ocr_line' id='line_1_31' title="bbox 288 3086 1380 3154; baseline 0.002 -12"><span class='ocrx_word' id='word_1_265' title='bbox 288 3093 325 3142; x_wconf 85' lang='lat' dir='ltr'>ita</span> <span class='ocrx_word' id='word_1_266' title='bbox 347 3100 526 3152; x_wconf 88' lang='lat' dir='ltr'>componere,</span> <span class='ocrx_word' id='word_1_267' title='bbox 553 3089 583 3137; x_wconf 92' lang='lat' dir='ltr'>ut</span> <span class='ocrx_word' id='word_1_268' title='bbox 599 3100 614 3137; x_wconf 86' lang='lat' dir='ltr'>a</span> <span class='ocrx_word' id='word_1_269' title='bbox 632 3087 741 3151; x_wconf 85' lang='lat' dir='ltr'>regione</span> <span class='ocrx_word' id='word_1_270' title='bbox 764 3086 815 3137; x_wconf 86' lang='lat' dir='ltr'>sibi</span> <span class='ocrx_word' id='word_1_271' title='bbox 853 3103 879 3154; x_wconf 92' lang='lat' dir='ltr'>p.</span> <span class='ocrx_word' id='word_1_272' title='bbox 899 3090 976 3153; x_wconf 61' lang='lat' dir='ltr'>iot),</span> <span class='ocrx_word' id='word_1_273' title='bbox 995 3092 1122 3153; x_wconf 87' lang='lat' dir='ltr'>Langium</span> <span class='ocrx_word' id='word_1_274' title='bbox 1139 3091 1380 3144; x_wconf 84' lang='lat' dir='ltr'>etobbariumse-</span> 
     </span>
     <span class='ocr_line' id='line_1_32' title="bbox 288 3160 1378 3233; baseline 0.001 -16"><span class='ocrx_word' id='word_1_275' title='bbox 288 3166 410 3231; x_wconf 88' lang='lat' dir='ltr'>opposita</span> <span class='ocrx_word' id='word_1_276' title='bbox 427 3165 516 3215; x_wconf 73' lang='lat' dir='ltr'>sinti»</span> <span class='ocrx_word' id='word_1_277' title='bbox 534 3165 565 3214; x_wconf 91' lang='lat' dir='ltr'>ut</span> <span class='ocrx_word' id='word_1_278' title='bbox 581 3164 687 3231; x_wconf 77' lang='lat' dir='ltr'>Graeci,</span> <span class='ocrx_word' id='word_1_279' title='bbox 706 3162 739 3215; x_wconf 80' lang='grc' dir='ltr'>ἐκ</span> <span class='ocrx_word' id='word_1_280' title='bbox 753 3160 817 3213; x_wconf 77' lang='grc' dir='ltr'><em>διω-</em></span> <span class='ocrx_word' id='word_1_281' title='bbox 854 3166 931 3215; x_wconf 88' lang='lat' dir='ltr'>cutus</span> <span class='ocrx_word' id='word_1_282' title='bbox 947 3167 1037 3233; x_wconf 76' lang='lat' dir='ltr'>recepi</span> <span class='ocrx_word' id='word_1_283' title='bbox 1054 3164 1199 3217; x_wconf 89' lang='lat' dir='ltr'>lectionem</span> <span class='ocrx_word' id='word_1_284' title='bbox 1215 3167 1300 3218; x_wconf 86' lang='lat' dir='ltr'>codd.</span> <span class='ocrx_word' id='word_1_285' title='bbox 1314 3167 1378 3233; x_wconf 85' lang='lat' dir='ltr'>aliq.</span> 
     </span>
     <span class='ocr_line' id='line_1_33' title="bbox 289 3231 1379 3311; baseline 0.004 -22"><span class='ocrx_word' id='word_1_286' title='bbox 289 3243 396 3311; x_wconf 72' lang='grc' dir='ltr'><em>μέτρου</em></span> <span class='ocrx_word' id='word_1_287' title='bbox 417 3232 488 3304; x_wconf 79' lang='grc' dir='ltr'>ἡμῖν</span> <span class='ocrx_word' id='word_1_288' title='bbox 509 3236 540 3287; x_wconf 85' lang='lat' dir='ltr'>ol</span> <span class='ocrx_word' id='word_1_289' title='bbox 559 3235 620 3298; x_wconf 76' lang='grc' dir='ltr'><em>βίοι</em></span> <span class='ocrx_word' id='word_1_290' title='bbox 641 3231 815 3303; x_wconf 73' lang='grc' dir='ltr'>(ἀντίθετοι).</span> <span class='ocrx_word' id='word_1_291' title='bbox 853 3242 882 3290; x_wconf 87' lang='lat' dir='ltr'>et</span> <span class='ocrx_word' id='word_1_292' title='bbox 897 3237 964 3289; x_wconf 85' lang='lat' dir='ltr'>Edd.</span> <span class='ocrx_word' id='word_1_293' title='bbox 987 3240 1051 3290; x_wconf 88' lang='lat' dir='ltr'>vett.</span> <span class='ocrx_word' id='word_1_294' title='bbox 1071 3240 1104 3303; x_wconf 81' lang='lat' dir='ltr'>(v.</span> <span class='ocrx_word' id='word_1_295' title='bbox 1124 3242 1205 3305; x_wconf 87' lang='lat' dir='ltr'>cruq.</span> <span class='ocrx_word' id='word_1_296' title='bbox 1224 3243 1251 3292; x_wconf 88' lang='lat' dir='ltr'>et</span> <span class='ocrx_word' id='word_1_297' title='bbox 1271 3244 1379 3306; x_wconf 83' lang='lat' dir='ltr'>Feam).</span> 
     </span>
     <span class='ocr_line' id='line_1_34' title="bbox 290 3310 1381 3377; baseline 0 -9"><span class='ocrx_word' id='word_1_298' title='bbox 290 3316 397 3368; x_wconf 85' lang='lat' dir='ltr'>Luciau.</span> <span class='ocrx_word' id='word_1_299' title='bbox 423 3310 524 3377; x_wconf 90' lang='lat' dir='ltr'>Catapl.</span> <span class='ocrx_word' id='word_1_300' title='bbox 544 3312 584 3363; x_wconf 82' lang='lat' dir='ltr'>ll.</span> <span class='ocrx_word' id='word_1_301' title='bbox 606 3341 633 3349; x_wconf 95' lang='lat'><em>-</em></span> <span class='ocrx_word' id='word_1_302' title='bbox 660 3312 816 3377; x_wconf 75' lang='lat' dir='ltr'>conponere]</span> <span class='ocrx_word' id='word_1_303' title='bbox 855 3315 926 3363; x_wconf 75' lang='lat' dir='ltr'>elam</span> <span class='ocrx_word' id='word_1_304' title='bbox 950 3313 1033 3363; x_wconf 87' lang='lat' dir='ltr'>redeo</span> <span class='ocrx_word' id='word_1_305' title='bbox 1058 3313 1093 3363; x_wconf 89' lang='lat' dir='ltr'>ad</span> <span class='ocrx_word' id='word_1_306' title='bbox 1118 3318 1278 3367; x_wconf 83' lang='lat' dir='ltr'>sententiam</span> <span class='ocrx_word' id='word_1_307' title='bbox 1304 3318 1381 3369; x_wconf 87' lang='lat' dir='ltr'>initio</span> 
     </span>
     <span class='ocr_line' id='line_1_35' title="bbox 290 3387 1382 3456; baseline 0 -13"><span class='ocrx_word' id='word_1_308' title='bbox 290 3390 364 3443; x_wconf 86' lang='lat' dir='ltr'>velut</span> <span class='ocrx_word' id='word_1_309' title='bbox 386 3388 560 3454; x_wconf 87' lang='lat' dir='ltr'>gladiatorum</span> <span class='ocrx_word' id='word_1_310' title='bbox 580 3400 637 3452; x_wconf 90' lang='lat' dir='ltr'>par.</span> <span class='ocrx_word' id='word_1_311' title='bbox 657 3388 709 3437; x_wconf 85' lang='lat' dir='ltr'>Sat.</span> <span class='ocrx_word' id='word_1_312' title='bbox 729 3389 760 3448; x_wconf 87' lang='lat' dir='ltr'>l,</span> <span class='ocrx_word' id='word_1_313' title='bbox 784 3387 816 3447; x_wconf 78' lang='lat'>7,</span> <span class='ocrx_word' id='word_1_314' title='bbox 854 3389 933 3438; x_wconf 87' lang='lat' dir='ltr'>huius</span> <span class='ocrx_word' id='word_1_315' title='bbox 954 3388 1051 3438; x_wconf 82' lang='lat' dir='ltr'>satirae</span> <span class='ocrx_word' id='word_1_316' title='bbox 1076 3392 1255 3453; x_wconf 86' lang='lat' dir='ltr'>propositam,</span> <span class='ocrx_word' id='word_1_317' title='bbox 1285 3404 1301 3441; x_wconf 96' lang='lat' dir='ltr'>a</span> <span class='ocrx_word' id='word_1_318' title='bbox 1325 3406 1382 3456; x_wconf 89' lang='lat' dir='ltr'>qua</span> 
     </span>
     <span class='ocr_line' id='line_1_36' title="bbox 290 3462 1383 3528; baseline -0.002 -10"><span class='ocrx_word' id='word_1_319' title='bbox 290 3468 332 3519; x_wconf 78' lang='lat'>2⁰.</span> <span class='ocrx_word' id='word_1_320' title='bbox 353 3492 381 3503; x_wconf 94' lang='lat'>-</span> <span class='ocrx_word' id='word_1_321' title='bbox 400 3465 462 3517; x_wconf 76' lang='lat' dir='ltr'>Crem</span> <span class='ocrx_word' id='word_1_322' title='bbox 477 3468 532 3514; x_wconf 87' lang='lat' dir='ltr'>veto</span> <span class='ocrx_word' id='word_1_323' title='bbox 553 3467 576 3513; x_wconf 84' lang='lat' dir='ltr'>te</span> <span class='ocrx_word' id='word_1_324' title='bbox 597 3462 662 3528; x_wconf 67' lang='lat' dir='ltr'>fieri]</span> <span class='ocrx_word' id='word_1_325' title='bbox 680 3462 820 3514; x_wconf 86' lang='lat' dir='ltr'>Contrahil</span> <span class='ocrx_word' id='word_1_326' title='bbox 854 3463 990 3525; x_wconf 84' lang='lat' dir='ltr'>digressus</span> <span class='ocrx_word' id='word_1_327' title='bbox 1007 3476 1081 3525; x_wconf 90' lang='lat' dir='ltr'>sum,</span> <span class='ocrx_word' id='word_1_328' title='bbox 1108 3466 1138 3514; x_wconf 91' lang='lat' dir='ltr'>ut</span> <span class='ocrx_word' id='word_1_329' title='bbox 1154 3476 1216 3515; x_wconf 85' lang='lat' dir='ltr'>cum</span> <span class='ocrx_word' id='word_1_330' title='bbox 1233 3478 1314 3515; x_wconf 84' lang='lat' dir='ltr'>avaro</span> <span class='ocrx_word' id='word_1_331' title='bbox 1334 3478 1383 3516; x_wconf 84' lang='lat' dir='ltr'>se-</span> 
     </span>
     <span class='ocr_line' id='line_1_37' title="bbox 290 3536 1384 3603; baseline -0.002 -10"><span class='ocrx_word' id='word_1_332' title='bbox 290 3542 370 3593; x_wconf 85' lang='lat' dir='ltr'>haec:</span> <span class='ocrx_word' id='word_1_333' title='bbox 391 3540 464 3591; x_wconf 78' lang='lat' dir='ltr'>«Non</span> <span class='ocrx_word' id='word_1_334' title='bbox 482 3550 545 3589; x_wconf 86' lang='lat' dir='ltr'>cum</span> <span class='ocrx_word' id='word_1_335' title='bbox 557 3550 667 3589; x_wconf 86' lang='lat' dir='ltr'>avarum</span> <span class='ocrx_word' id='word_1_336' title='bbox 685 3550 736 3601; x_wconf 85' lang='lat' dir='ltr'>ago</span> <span class='ocrx_word' id='word_1_337' title='bbox 755 3538 817 3588; x_wconf 86' lang='lat' dir='ltr'>veto</span> <span class='ocrx_word' id='word_1_338' title='bbox 855 3550 946 3588; x_wconf 88' lang='lat' dir='ltr'>rerem</span> <span class='ocrx_word' id='word_1_339' title='bbox 962 3536 1135 3602; x_wconf 89' lang='lat' dir='ltr'>colloquium,</span> <span class='ocrx_word' id='word_1_340' title='bbox 1155 3553 1188 3589; x_wconf 86' lang='lat' dir='ltr'>ex</span> <span class='ocrx_word' id='word_1_341' title='bbox 1199 3552 1253 3603; x_wconf 91' lang='lat' dir='ltr'>quo</span> <span class='ocrx_word' id='word_1_342' title='bbox 1270 3540 1328 3603; x_wconf 90' lang='lat' dir='ltr'>ipso</span> <span class='ocrx_word' id='word_1_343' title='bbox 1339 3553 1384 3591; x_wconf 87' lang='lat' dir='ltr'>sa-</span> 
     </span>
     <span class='ocr_line' id='line_1_38' title="bbox 291 3610 1384 3676; baseline 0 -11"><span class='ocrx_word' id='word_1_344' title='bbox 291 3616 319 3665; x_wconf 87' lang='lat' dir='ltr'>te</span> <span class='ocrx_word' id='word_1_345' title='bbox 340 3614 413 3673; x_wconf 86' lang='lat' dir='ltr'>lieri,</span> <span class='ocrx_word' id='word_1_346' title='bbox 439 3615 582 3676; x_wconf 81' lang='lat' dir='ltr'>pmpterea</span> <span class='ocrx_word' id='word_1_347' title='bbox 604 3610 662 3662; x_wconf 88' lang='lat' dir='ltr'>fleri</span> <span class='ocrx_word' id='word_1_348' title='bbox 684 3615 711 3662; x_wconf 88' lang='lat' dir='ltr'>to</span> <span class='ocrx_word' id='word_1_349' title='bbox 737 3612 819 3663; x_wconf 86' lang='lat' dir='ltr'>iubeo</span> <span class='ocrx_word' id='word_1_350' title='bbox 856 3614 901 3673; x_wconf 89' lang='lat' dir='ltr'>tis,</span> <span class='ocrx_word' id='word_1_351' title='bbox 919 3614 950 3662; x_wconf 89' lang='lat' dir='ltr'>ut</span> <span class='ocrx_word' id='word_1_352' title='bbox 965 3613 1071 3676; x_wconf 89' lang='lat' dir='ltr'>opinor,</span> <span class='ocrx_word' id='word_1_353' title='bbox 1096 3613 1184 3664; x_wconf 89' lang='lat' dir='ltr'>elucet</span> <span class='ocrx_word' id='word_1_354' title='bbox 1203 3627 1313 3664; x_wconf 81' lang='lat' dir='ltr'>avarum</span> <span class='ocrx_word' id='word_1_355' title='bbox 1331 3628 1384 3665; x_wconf 81' lang='lat' dir='ltr'>ne-</span> 
     </span>
     <span class='ocr_line' id='line_1_39' title="bbox 291 3685 1383 3751; baseline 0.003 -14"><span class='ocrx_word' id='word_1_356' title='bbox 291 3698 436 3750; x_wconf 75' lang='lat' dir='ltr'>vappam.c</span> <span class='ocrx_word' id='word_1_357' title='bbox 457 3712 484 3721; x_wconf 97' lang='lat'><em>-</em></span> <span class='ocrx_word' id='word_1_358' title='bbox 505 3698 617 3747; x_wconf 81' lang='lat' dir='ltr'>coppam</span> <span class='ocrx_word' id='word_1_359' title='bbox 634 3711 649 3721; x_wconf 97' lang='lat'>-</span> <span class='ocrx_word' id='word_1_360' title='bbox 665 3699 696 3735; x_wconf 85' lang='lat' dir='ltr'>ac</span> <span class='ocrx_word' id='word_1_361' title='bbox 716 3687 819 3737; x_wconf 61' lang='lat' dir='ltr'>neimo-</span> <span class='ocrx_word' id='word_1_362' title='bbox 856 3687 957 3737; x_wconf 89' lang='lat' dir='ltr'>minem</span> <span class='ocrx_word' id='word_1_363' title='bbox 974 3700 1005 3737; x_wconf 88' lang='lat' dir='ltr'>se</span> <span class='ocrx_word' id='word_1_364' title='bbox 1025 3685 1156 3751; x_wconf 90' lang='lat' dir='ltr'>probare,</span> <span class='ocrx_word' id='word_1_365' title='bbox 1181 3688 1280 3749; x_wconf 89' lang='lat' dir='ltr'>idest,</span> <span class='ocrx_word' id='word_1_366' title='bbox 1305 3690 1383 3741; x_wconf 83' lang='lat' dir='ltr'>recle</span> 
     </span>
     <span class='ocr_line' id='line_1_40' title="bbox 292 3758 1385 3825; baseline 0.004 -15"><span class='ocrx_word' id='word_1_367' title='bbox 292 3760 358 3821; x_wconf 80' lang='lat' dir='ltr'>een]</span> <span class='ocrx_word' id='word_1_368' title='bbox 377 3760 430 3809; x_wconf 87' lang='lat' dir='ltr'>Sal.</span> <span class='ocrx_word' id='word_1_369' title='bbox 444 3759 473 3818; x_wconf 92' lang='lat' dir='ltr'>l,</span> <span class='ocrx_word' id='word_1_370' title='bbox 491 3758 520 3817; x_wconf 73' lang='lat'>2,</span> <span class='ocrx_word' id='word_1_371' title='bbox 540 3758 583 3807; x_wconf 71' lang='lat' dir='ltr'>ta:</span> <span class='ocrx_word' id='word_1_372' title='bbox 602 3759 821 3823; x_wconf 65' lang='lat' dir='ltr'>Mdimouppae</span> <span class='ocrx_word' id='word_1_373' title='bbox 856 3774 887 3811; x_wconf 87' lang='lat' dir='ltr'>se</span> <span class='ocrx_word' id='word_1_374' title='bbox 904 3762 995 3811; x_wconf 83' lang='lat' dir='ltr'>vivere</span> <span class='ocrx_word' id='word_1_375' title='bbox 1012 3761 1130 3812; x_wconf 85' lang='lat' dir='ltr'>iudicare</span> <span class='ocrx_word' id='word_1_376' title='bbox 1147 3762 1271 3825; x_wconf 87' lang='lat' dir='ltr'>adeoque</span> <span class='ocrx_word' id='word_1_377' title='bbox 1287 3763 1385 3814; x_wconf 85' lang='lat' dir='ltr'>condi-</span> 
     </span>
     <span class='ocr_line' id='line_1_41' title="bbox 293 3831 1387 3898; baseline 0.004 -15"><span class='ocrx_word' id='word_1_378' title='bbox 293 3834 391 3898; x_wconf 75' lang='lat' dir='ltr'>!cmcm</span> <span class='ocrx_word' id='word_1_379' title='bbox 402 3831 652 3882; x_wconf 80' lang='lat' dir='ltr'>timetccneltulonts.</span> <span class='ocrx_word' id='word_1_380' title='bbox 672 3834 821 3886; x_wconf 74' lang='lat' dir='ltr'>«sellem-</span> <span class='ocrx_word' id='word_1_381' title='bbox 857 3837 934 3887; x_wconf 77' lang='lat' dir='ltr'>cium</span> <span class='ocrx_word' id='word_1_382' title='bbox 951 3848 1001 3887; x_wconf 87' lang='lat' dir='ltr'>sua</span> <span class='ocrx_word' id='word_1_383' title='bbox 1012 3840 1168 3887; x_wconf 81' lang='lat' dir='ltr'>contentum</span> <span class='ocrx_word' id='word_1_384' title='bbox 1180 3849 1267 3887; x_wconf 79' lang='lat' dir='ltr'>esso.»</span> <span class='ocrx_word' id='word_1_385' title='bbox 1298 3838 1387 3888; x_wconf 79' lang='lat' dir='ltr'>lit-se</span> 
     </span>
     <span class='ocr_line' id='line_1_42' title="bbox 294 3906 1385 3974; baseline 0.006 -17"><span class='ocrx_word' id='word_1_386' title='bbox 294 3906 428 3957; x_wconf 75' lang='lat' dir='ltr'>merone</span> <span class='ocrx_word' id='word_1_387' title='bbox 446 3906 627 3969; x_wconf 70' lang='lat' dir='ltr'>Witstlingn</span> <span class='ocrx_word' id='word_1_388' title='bbox 654 3906 718 3957; x_wconf 86' lang='lat' dir='ltr'>Plin.</span> <span class='ocrx_word' id='word_1_389' title='bbox 738 3909 769 3958; x_wconf 85' lang='lat' dir='ltr'>H.</span> <span class='ocrx_word' id='word_1_390' title='bbox 788 3912 819 3959; x_wconf 79' lang='lat' dir='ltr'>N.</span> <span class='ocrx_word' id='word_1_391' title='bbox 853 3910 942 3973; x_wconf 78' lang='lat' dir='ltr'>pretet</span> <span class='ocrx_word' id='word_1_392' title='bbox 963 3923 1012 3974; x_wconf 86' lang='lat' dir='ltr'>pm</span> <span class='ocrx_word' id='word_1_393' title='bbox 1034 3923 1125 3962; x_wconf 88' lang='lat' dir='ltr'>accus.</span> <span class='ocrx_word' id='word_1_394' title='bbox 1144 3925 1207 3962; x_wconf 89' lang='lat' dir='ltr'>cum</span> <span class='ocrx_word' id='word_1_395' title='bbox 1226 3912 1331 3974; x_wconf 83' lang='lat' dir='ltr'>infinit,</span> <span class='ocrx_word' id='word_1_396' title='bbox 1352 3917 1385 3964; x_wconf 88' lang='lat' dir='ltr'>ut</span> 
     </span>
     <span class='ocr_line' id='line_1_43' title="bbox 297 3979 1384 4051; baseline 0.006 -20"><span class='ocrx_word' id='word_1_397' title='bbox 297 3979 341 4041; x_wconf 89' lang='lat' dir='ltr'>ll,</span> <span class='ocrx_word' id='word_1_398' title='bbox 362 3980 409 4041; x_wconf 73' lang='lat'>20,</span> <span class='ocrx_word' id='word_1_399' title='bbox 429 3980 476 4029; x_wconf 70' lang='lat'>25:</span> <span class='ocrx_word' id='word_1_400' title='bbox 506 3980 597 4029; x_wconf 77' lang='lat' dir='ltr'>Vitium</span> <span class='ocrx_word' id='word_1_401' title='bbox 617 3986 698 4031; x_wconf 81' lang='lat' dir='ltr'>musto</span> <span class='ocrx_word' id='word_1_402' title='bbox 719 3983 821 4046; x_wconf 71' lang='lat' dir='ltr'>quiim-</span> <span class='ocrx_word' id='word_1_403' title='bbox 858 3985 998 4046; x_wconf 79' lang='lat' dir='ltr'>Sat.l,³,</span> <span class='ocrx_word' id='word_1_404' title='bbox 1017 3985 1079 4036; x_wconf 74' lang='lat' dir='ltr'>llo:</span> <span class='ocrx_word' id='word_1_405' title='bbox 1097 3987 1384 4051; x_wconf 77' lang='lat' dir='ltr'>Necoiecetrctioltoc,</span> 
     </span>
     <span class='ocr_line' id='line_1_44' title="bbox 296 4054 1385 4122; baseline 0.006 -17"><span class='ocrx_word' id='word_1_406' title='bbox 296 4056 357 4105; x_wconf 78' lang='lat' dir='ltr'>dom</span> <span class='ocrx_word' id='word_1_407' title='bbox 372 4055 399 4104; x_wconf 84' lang='lat' dir='ltr'>in</span> <span class='ocrx_word' id='word_1_408' title='bbox 416 4054 476 4105; x_wconf 86' lang='lat' dir='ltr'>locis</span> <span class='ocrx_word' id='word_1_409' title='bbox 493 4055 586 4105; x_wconf 68' lang='lat' dir='ltr'>immeo</span> <span class='ocrx_word' id='word_1_410' title='bbox 604 4060 690 4118; x_wconf 83' lang='lat' dir='ltr'>sponte</span> <span class='ocrx_word' id='word_1_411' title='bbox 709 4057 820 4121; x_wconf 72' lang='lat' dir='ltr'>fervere,</span> <span class='ocrx_word' id='word_1_412' title='bbox 857 4060 1004 4109; x_wconf 68' lang='lat' dir='ltr'>mutilem</span> <span class='ocrx_word' id='word_1_413' title='bbox 1026 4064 1055 4109; x_wconf 77' lang='lat' dir='ltr'>et</span> <span class='ocrx_word' id='word_1_414' title='bbox 1077 4066 1162 4122; x_wconf 87' lang='lat' dir='ltr'>peccet</span> <span class='ocrx_word' id='word_1_415' title='bbox 1187 4064 1238 4111; x_wconf 87' lang='lat' dir='ltr'>cet.</span> <span class='ocrx_word' id='word_1_416' title='bbox 1265 4062 1320 4112; x_wconf 87' lang='lat' dir='ltr'>Cic.</span> <span class='ocrx_word' id='word_1_417' title='bbox 1349 4062 1385 4112; x_wconf 87' lang='lat' dir='ltr'>de</span> 
     </span>
     <span class='ocr_line' id='line_1_45' title="bbox 297 4129 1387 4196; baseline 0.011 -18"><span class='ocrx_word' id='word_1_418' title='bbox 297 4129 510 4191; x_wconf 81' lang='lat' dir='ltr'>quaculomllale</span> <span class='ocrx_word' id='word_1_419' title='bbox 526 4130 620 4193; x_wconf 76' lang='lat' dir='ltr'>deperit</span> <span class='ocrx_word' id='word_1_420' title='bbox 639 4144 717 4193; x_wconf 84' lang='lat' dir='ltr'>sopor</span> <span class='ocrx_word' id='word_1_421' title='bbox 740 4146 821 4196; x_wconf 87' lang='lat' dir='ltr'>oap-</span> <span class='ocrx_word' id='word_1_422' title='bbox 858 4134 931 4185; x_wconf 71' lang='lat' dir='ltr'>Fiun.</span> <span class='ocrx_word' id='word_1_423' title='bbox 948 4137 978 4195; x_wconf 80' lang='lat' dir='ltr'>o,</span> <span class='ocrx_word' id='word_1_424' title='bbox 997 4136 1043 4196; x_wconf 72' lang='lat'>26,</span> <span class='ocrx_word' id='word_1_425' title='bbox 1064 4136 1110 4187; x_wconf 79' lang='lat'>78:</span> <span class='ocrx_word' id='word_1_426' title='bbox 1139 4138 1161 4187; x_wconf 79' lang='lat' dir='ltr'>si</span> <span class='ocrx_word' id='word_1_427' title='bbox 1185 4137 1276 4188; x_wconf 82' lang='lat' dir='ltr'>Stoicis</span> <span class='ocrx_word' id='word_1_428' title='bbox 1295 4152 1387 4190; x_wconf 79' lang='lat' dir='ltr'>conce-</span> 
     </span>
     <span class='ocr_line' id='line_1_46' title="bbox 296 4204 1384 4277; baseline 0.008 -23"><span class='ocrx_word' id='word_1_429' title='bbox 296 4217 414 4268; x_wconf 80' lang='lat' dir='ltr'>pceque</span> <span class='ocrx_word' id='word_1_430' title='bbox 438 4204 529 4268; x_wconf 78' lang='lat' dir='ltr'>ccctpu</span> <span class='ocrx_word' id='word_1_431' title='bbox 547 4218 648 4267; x_wconf 72' lang='lat' dir='ltr'>omen,</span> <span class='ocrx_word' id='word_1_432' title='bbox 670 4207 822 4269; x_wconf 75' lang='lat' dir='ltr'>probrosam</span> <span class='ocrx_word' id='word_1_433' title='bbox 858 4210 905 4271; x_wconf 76' lang='lat' dir='ltr'>cie,</span> <span class='ocrx_word' id='word_1_434' title='bbox 922 4212 1194 4275; x_wconf 74' lang='lat' dir='ltr'>utoirtuc--emcict</span> <span class='ocrx_word' id='word_1_435' title='bbox 1221 4213 1302 4263; x_wconf 88' lang='lat' dir='ltr'>Corn.</span> <span class='ocrx_word' id='word_1_436' title='bbox 1314 4214 1384 4277; x_wconf 82' lang='lat' dir='ltr'>Nep.</span> 
     </span>
    </p>
   </div>
   <div class='ocr_carea' id='block_1_5' title="bbox 0 0 1491 4892">
    <p class='ocr_par' dir='ltr' id='par_1_10' title="bbox 0 0 1491 4892">
     <span class='ocr_line' id='line_1_47' title="bbox 0 0 1491 4892; baseline 0 0"><span class='ocrx_word' id='word_1_437' title='bbox 0 0 1491 4892; x_wconf 95' lang='lat' dir='ltr'> </span> 
     </span>
    </p>
   </div>
  </div>
 </body>
</html>
