2925 4892
637 372 767 423 llOllrlTll
783 372 963 423 sanunnunt

298 533 431 597 Postera
453 529 507 595 lan
529 530 631 596 oritur
652 527 752 593 multo
775 526 974 615 gratissima3
998 545 1137 611 namque

299 650 420 718 Plotius
442 662 475 718 et
495 650 609 721 Varius
631 649 806 715 Sinuessae
829 646 1046 733 virgiliusque

302 774 499 849 Occurrunt,
524 772 663 846 animae,
687 768 802 857 quales
825 788 932 854 neque
956 765 1161 833 candidiores

300 896 398 961 Terra
421 892 490 960 tulit
511 913 620 979 neque
643 891 717 978 quis
740 909 791 956 mc
814 888 855 955 sit
877 888 1056 954 devinctior
1078 886 1166 953 alter.

299 1016 328 1082 0
351 1014 407 1102 qui
432 1012 621 1099 complexus
645 1022 678 1078 et
700 1009 819 1098 gaudia
842 1020 962 1097 quanta
983 1008 1125 1074 lueruntl

300 1135 350 1202 Nil
374 1156 437 1222 ego
460 1131 651 1201 contulerim
674 1130 815 1199 iucundo
838 1150 938 1197 sanus
961 1128 1074 1195 amieo.

326 1370 367 1421 to.
389 1370 470 1419 Vana
485 1368 539 1419 bed
556 1370 584 1417 et
598 1369 707 1431 praeter
723 1378 807 1416 unum
822 1366 845 1414 1.
865 1376 960 1415 omnes
978 1364 1103 1415 Pettierii.
1123 1364 1162 1427 (Ut
1180 1377 1240 1425 nes,
1259 1366 1316 1430 Sp.)

257 1557 350 1609 Plotiae
366 1555 429 1619 cet]
447 1556 499 1604 Sat.
520 1554 546 1613 t,
567 1554 611 1612 to,
629 1552 673 1602 et:
692 1551 785 1601 Plotieu
821 1549 954 1601 Urbanam
972 1548 1103 1600 coloniam
1120 1562 1215 1601 rursus
1230 1551 1272 1600 111.
1290 1550 1350 1600 mil.

258 1636 282 1681 et
311 1630 417 1691 Verius,
445 1630 578 1679 stammas
608 1624 781 1688 Virptiiusqee.
820 1636 891 1688 pass.
911 1623 1055 1674 distantem
1072 1636 1087 1673 a
1105 1626 1186 1674 Pente
1199 1626 1351 1689 Campano,

259 1705 306 1755 Est
321 1706 413 1754 autem
423 1703 515 1752 Plotiae
525 1703 559 1753 11.
572 1700 670 1751 Plotius
685 1700 782 1759 Tucca,
821 1697 869 1748 scd
886 1699 994 1762 proprie
1012 1698 1115 1762 accipie
1132 1697 1166 1747 de
1183 1696 1245 1748 villa
1257 1697 1349 1761 aliqua

259 1778 367 1828 criticus
392 1778 480 1841 petius
506 1788 588 1839 quam
612 1775 709 1838 poeta,
739 1772 785 1837 qul
822 1772 926 1823 modica
935 1773 1008 1837 ponti
1017 1770 1052 1822 llli
1060 1772 1194 1836 proxima,
1208 1774 1235 1822 in
1246 1785 1299 1836 qua
1310 1774 1353 1822 Si-

259 1856 353 1916 postea
376 1865 429 1901 uua
454 1862 516 1900 oum
538 1851 566 1899 1..
585 1849 665 1897 Vario
685 1848 785 1909 tragice
821 1848 991 1897 nuessaante
1003 1846 1267 1910 vesperamprelecti
1282 1859 1352 1911 pcr-

260 1938 292 1975 ex
300 1926 409 1987 Augusti
420 1922 548 1974 mandatu
558 1920 655 1985 Virgilii
666 1920 784 1971 Aeneida
822 1921 970 1969 necterent.
997 1918 1119 1970 Nonnulli
1131 1920 1247 1969 ommam
1263 1923 1290 1971 et
1302 1920 1354 1969 uil-

260 1998 353 2048 edidit.
371 2000 411 2047 De
431 1998 522 2055 Varie,
547 1995 581 2045 de
599 2008 653 2059 quo
670 1994 786 2045 diximus
821 1993 953 2047 lentullo.
966 1993 1001 2043 de
1013 1992 1080 2043 villis
1091 1994 1204 2058 puhlicis
1216 1996 1354 2058 interpre-

261 2071 295 2121 ad
312 2070 360 2121 Od.
380 2072 407 2129 t,
430 2071 459 2129 6,
478 2071 514 2130 1.,
534 2067 715 2119 consulendus
732 2069 785 2117 iam
823 2070 924 2129 tantm,
949 2069 976 2117 in
994 2081 1062 2132 quas
1079 2068 1221 2119 devertere
1237 2072 1355 2133 possent

260 2143 391 2208 imprimis
402 2142 527 2194 Wclclter
539 2144 691 2207 Trepoedteu
701 2143 744 2191 111.
757 2155 784 2205 p.
822 2142 1006 2205 magistratus,
1025 2141 1104 2207 legati
1121 2144 1172 2194 cet.
1191 2144 1242 2193 iter
1258 2140 1353 2207 alique

261 2218 335 2269 ttae.
354 2221 434 2280 atque
452 2217 556 2267 deeius
572 2217 687 2279 Thyeste
700 2217 787 2279 Bergk
823 2215 963 2267 habentes.
993 2218 1070 2281 Apud
1082 2219 1226 2282 scriptores
1237 2217 1354 2281 quidem

260 2292 375 2343 Zeitselr.
387 2292 407 2355 s.
418 2292 447 2341 Δ.
462 2290 535 2341 tete.
548 2304 575 2354 p.
588 2290 630 2341 8t.
645 2291 712 2340 lunii
723 2290 786 2339 Phl—
823 2292 927 2340 constal
943 2290 978 2341 de
995 2304 1047 2341 una
1064 2292 1201 2343 dumtaxat
1216 2290 1276 2343 uilla
1295 2306 1354 2356 pu-

261 2366 360 2429 tergun
371 2366 458 2415 aetate
470 2364 574 2428 (quarte
585 2377 612 2428 p.
625 2364 688 2415 Chr.
701 2377 728 2414 a.
742 2376 787 2415 se-
823 2363 892 2416 bllea
903 2370 979 2416 cetra
991 2366 1091 2429 Urbem,
1110 2368 1137 2416 tn
1153 2380 1242 2430 cerupo
1251 2368 1354 2418 aterne

262 2440 330 2504 culo)
343 2441 514 2505 superstitem
525 2439 606 2491 luisse
618 2440 690 2489 Varii
701 2439 786 2502 Thye-
823 2444 943 2490 ectreme.
975 2440 1066 2503 (Varro
1078 2442 1107 2491 R.
1120 2442 1149 2491 n.
1163 2441 1191 2501 3,
1209 2442 1238 2501 2,
1258 2440 1268 2488 l
1284 2452 1352 2504 sqq.

261 2518 333 2567 stam
349 2514 601 2576 decuitWaguerus
612 2514 639 2562 in
650 2513 745 2563 Cenum
758 2514 788 2563 dc
825 2514 880 2563 Liv.
899 2512 945 2575 ³³,
969 2513 1019 2577 at.)
1047 2515 1216 2579 Quamquam
1237 2516 1356 2578 prepter

261 2585 784 2652 mammaemaolaanegnncalp.
824 2587 1004 2651 parochorum
1028 2589 1208 2649 mentionem,
1236 2588 1280 2650 qui
1306 2588 1355 2639 vel

262 2666 314 2716 Pis.
332 2664 394 2714 226:
412 2664 544 2712 dioecesos
561 2662 788 2725 tropiceqaetien-
824 2662 850 2711 iu
877 2660 921 2711 tali
946 2660 1006 2711 villa
1031 2662 1088 2726 ipsa
1105 2660 1148 2713 uel
1173 2660 1268 2713 sallem
1282 2674 1355 2725 pre-

262 2744 312 2789 tem
324 2738 425 2800 pratpite
440 2741 510 2801 postu
525 2737 608 2787 mevit
621 2736 746 2801 Variana.)
758 2764 784 2772 -
824 2737 894 2785 nime
913 2734 1032 2785 habiture
1050 2736 1202 2799 debebant,
1221 2734 1283 2786 illud
1293 2750 1355 2789 neu

262 2814 380 2863 stenem
396 2814 438 2860 est
454 2809 577 2860 ultimum
593 2811 619 2860 in
637 2811 720 2874 Appia
741 2812 788 2860 La·
823 2822 933 2874 prorsus
946 2808 1121 2874 improbabile
1130 2823 1181 2861 nee
1193 2812 1281 2861 tamen
1290 2824 1356 2861 cen-

263 2888 292 2936 tii
307 2885 451 2948 oppidum,
469 2884 557 2933 livill.
570 2885 604 2933 nt.
617 2885 646 2933 P.
659 2884 787 2934 distensa
824 2885 881 2933 tum
899 2885 949 2934 est.
970 2911 997 2919 -
1013 2884 1127 2949 parenti]
1146 2880 1282 2955 πάροχοι,
1301 2884 1355 2935 he-

263 2958 386 3017 Formiis,
413 2956 493 3005 hodie
518 2956 626 3019 Bcpnoti
652 2956 785 3019 (walch),
824 2957 923 3017 mines,
948 2956 994 3020 qui
1010 2956 1117 3021 publice
1138 2960 1247 3023 sumptu
1263 2960 1355 3021 magi-

263 3044 347 3096 propo
365 3030 510 3079 Minturnas
522 3028 668 3094 (lacense).
684 3044 789 3092 -qun-
824 3029 952 3080 stratibus
967 3043 999 3081 ae
1014 3030 1108 3095 legatis
1124 3032 1174 3082 iter
1191 3031 1354 3083 iacientibus

263 3106 305 3166 ies]
318 3103 415 3154 eadem
426 3104 634 3164 constructione,
653 3117 707 3167 qua
721 3118 787 3156 usus
824 3104 1009 3155 ministrabant
1019 3118 1052 3155 ca
1063 3104 1193 3168 utensilia,
1209 3119 1278 3169 quae
1289 3106 1353 3157 sine

264 3176 399 3242 estEpod.
412 3178 441 3238 o,
457 3177 509 3237 til,
528 3190 577 3241 pre
590 3179 709 3230 «animae
721 3178 787 3229 tales
824 3180 940 3229 maxima
957 3179 1078 3230 molestia
1100 3178 1134 3229 ab
1160 3180 1223 3244 ipsis
1247 3182 1355 3244 portari

264 3253 378 3317 quibus»
396 3252 446 3301 cet.
467 3276 496 3287 —
510 3250 574 3315 tulit]
593 3251 725 3316 «protulit,
744 3265 788 3316 ge·
823 3266 876 3302 nen
894 3255 1026 3317 poterant,
1044 3251 1165 3316 utligna,
1185 3253 1280 3316 salem,
1293 3254 1355 3305 iee-

263 3329 346 3387 nuit,»
363 3328 393 3377 ut
409 3324 457 3375 od.
476 3325 507 3384 3,
525 3327 555 3387 6,
573 3325 615 3377 to.
634 3328 704 3391 Virg.
719 3331 785 3377 Aen.
824 3338 897 3376 num.
933 3327 1063 3389 Coptcrior
1086 3331 1165 3380 vocat
1190 3327 1352 3391 Porphyrie.

265 3404 311 3462 ii,
337 3401 402 3451 tto:
431 3401 460 3450 Si
484 3401 534 3449 duo
559 3406 697 3462 praetereo
725 3402 788 3452 teies
825 3398 878 3449 Cir.
897 3400 1027 3464 imprimis
1050 3401 1104 3451 Cic.
1127 3402 1161 3451 ad
1181 3402 1231 3451 lttt.
1250 3403 1280 3463 5,
1306 3403 1352 3453 16.

262 3478 340 3527 Idaea
356 3476 450 3525 aduret
466 3475 545 3524 Terre
560 3475 691 3526 virescet.
707 3503 733 3511 -
748 3490 788 3525 sc-
826 3503 853 3512 -
880 3474 943 3525 Hine
968 3474 1033 3539 eet]
1061 3476 1146 3525 ulline
1170 3477 1278 3540 postero
1302 3476 1353 3528 die

263 3551 318 3614 aas]
337 3550 480 3613 «quamdiu
499 3562 565 3600 sana
586 3552 677 3600 mente
699 3563 786 3602 sum.»
823 3547 934 3613 preteeti
949 3561 1011 3599 cum
1023 3562 1157 3611 essemus,
1176 3554 1293 3611 ωηιροη,
1306 3562 1355 3599 sa-

264 3628 357 3675 Poaaa.
824 3623 857 3673 tls
880 3624 1037 3685 tempestive
1055 3622 1268 3687 (baileiten),
1295 3623 1356 3673 Ca-

297 3695 381 3746 teto.
400 3697 529 3759 Campano
537 3698 616 3761 pontt]
629 3701 699 3749 Pons
711 3701 789 3750 Cam·
824 3708 918 3761 paam,
938 3709 1007 3760 quae
1024 3709 1040 3746 a
1057 3699 1140 3747 Penta
1158 3698 1293 3761 Campano
1306 3697 1357 3749 di-

265 3783 350 3834 panus
378 3770 465 3831 (hodie
490 3776 566 3832 pente
593 3772 712 3835 &maed
740 3774 789 3824 Sa·
824 3770 912 3821 stabat
934 3770 1063 3822 11111111.
1087 3774 1126 3834 Ρ.,
1149 3773 1357 3837 pervenimus„

263 3843 325 3893 voni
341 3842 445 3893 flumini
461 3844 601 3908 impositus
617 3846 659 3895 lll.
678 3847 711 3897 ll.
731 3848 787 3897 P.a
824 3846 927 3895 Veteris
950 3846 1041 3895 autem
1064 3846 1169 3910 Capuae
1193 3846 1260 3897 situs
1276 3850 1356 3911 erat,

264 3918 398 3967 Sinuessa.
437 3918 488 3981 (Sic
509 3919 626 3969 correxit
646 3920 788 3971 Remanei-
823 3919 870 3969 ubi
888 3932 958 3970 nune
975 3921 1018 3969 est
1034 3921 1108 3970 vicus
1125 3920 1208 3971 Seram
1222 3920 1313 3970 llario
1327 3924 1358 3971 dt

264 3989 329 4048 lius;
357 3992 382 4039 in
405 3992 463 4041 ltin.
488 3990 616 4043 llierosel.
639 3994 680 4044 est
700 3996 734 4045 11.
758 3996 785 4045 P.
824 3995 911 4057 Cepee
937 3996 988 4057 (sic
1015 3992 1144 4058 Walclrl,
1168 3996 1210 4045 lll.
1232 3996 1265 4046 ll.
1286 3996 1314 4043 P.
1338 4010 1356 4047 a

265 4066 306 4115 lli.
333 4078 387 4115 neu
412 4067 505 4115 centra
531 4065 636 4117 dicente
662 4065 787 4118 Walelre-
823 4068 958 4133 praesenti
980 4068 1048 4118 urbe
1070 4068 1179 4120 distans.
1205 4094 1234 4105 -
1255 4069 1357 4121 Lutwn

265 4140 375 4203 uaerio.)
407 4140 496 4191 Vitiata
516 4143 607 4193 autem
627 4142 670 4192 vix
687 4142 787 4205 signill-
825 4170 838 4179 -
856 4170 870 4179 -
887 4142 1030 4207 muron]
1048 4144 1117 4193 Seite
1135 4143 1357 4195 Diinizeraduo-

265 4228 326 4266 care
344 4217 440 4281 petest,
466 4219 497 4267 ut
522 4213 575 4267 velt
599 4216 786 4279 Romanellius,
825 4220 875 4279 tat,
894 4217 935 4269 his
952 4216 1042 4269 verbis
1055 4218 1192 4283 aptissime
1204 4218 1255 4270 hoc
1267 4218 1355 4281 sigui-
