2925 4892
296 383 359 450 644
464 343 473 354 ’
656 381 786 433 44044444
802 378 1023 430 ensromnmr

340 542 495 608 Crescere
518 557 571 604 res
593 546 720 624 posset,
745 534 845 600 minui
866 531 1022 599 damnosa
1043 529 1152 597 libido.

339 661 470 728 Mutavit
491 668 630 725 mentem
652 655 791 745 populus
812 653 894 721 levis
916 663 949 720 et
969 652 1053 720 calet
1072 671 1137 717 uno

339 781 507 852 Scribendi
529 778 651 858 studi0;
674 777 768 864 pueri
789 787 965 864 patresque
987 774 1093 840 severi

339 903 466 970 Fronde
488 921 598 969 comas
621 900 716 966 vincti
738 906 877 964 coenant
898 904 931 962 et
952 894 1096 962 carmina
1118 892 1244 960 dictant
1311 890 1359 955 444

339 1025 413 1112 lpse
435 1043 510 1110 ego,
534 1021 590 1109 qui
612 1019 717 1086 nullos
740 1039 793 1085 me
814 1017 951 1084 adfirmo
972 1016 1117 1084 scribere
1138 1035 1266 1090 versus,

361 1193 419 1242 ter.
434 1191 513 1254 possit
528 1191 554 1239 s.
577 1215 605 1228 -
627 1187 719 1251 libido]
743 1187 860 1249 uoluptas
878 1197 949 1236 unus
970 1185 1140 1245 Bersmauni,
1164 1184 1252 1247 crepido
1273 1195 1332 1232 nnus

331 1269 415 1326 reae,
434 1263 541 1328 egloss.
554 1262 597 1313 vel
614 1276 647 1312 ex
664 1261 811 1313 arbitrantis
827 1259 1026 1310 variationibus.
1041 1286 1069 1296 —
1089 1258 1145 1308 44444.
1160 1259 1235 1321 puori
1248 1258 1336 1319 bslicp,

331 1353 427 1390 omnes
444 1339 573 1399 Pottierii,
593 1338 719 1400 quattuor
735 1336 862 1386 Schmidii
879 1338 907 1385 et
923 1335 983 1384 LtF:
998 1334 1122 1395 puerique
1138 1331 1261 1384 schmidii
1272 1331 1338 1395 quia·

331 1419 388 1476 tus,
407 1414 441 1476 C,
460 1411 593 1464 bentleius
611 1413 639 1461 el
655 1412 688 1463 44.
717 1436 745 1445 -
774 1411 830 1459 444.
847 1421 888 1458 nte
904 1421 958 1457 om.
977 1407 1062 1457 Ccdd.
1081 1406 1158 1470 aliq,
1182 1409 1212 1455 ut
1233 1407 1336 1467 «fragm.

300 1552 383 1604 civilis
400 1551 512 1603 studiosi
529 1550 563 1600 ad
575 1551 690 1601 maiores
701 1550 767 1599 natu
778 1562 827 1613 ap-
863 1547 1026 1610 omuinoque
1046 1544 1113 1596 lueri
1131 1545 1258 1610 cupiditas
1272 1544 1309 1593 rin
1322 1539 1362 1590 alio

299 1627 456 1694 plleessent‚
475 1625 509 1674 ab
528 1626 569 1677 bis
581 1624 742 1688 acceperint,
762 1635 827 1686 quo-
863 1623 985 1685 tempore
1011 1621 1097 1670 maior
1118 1624 1184 1670 erat.
1220 1621 1309 1669 verum
1322 1616 1363 1664 boc

299 1701 380 1753 modo
397 1713 456 1751 rem
474 1699 630 1751 familiarem
643 1701 769 1750 continuo
781 1711 828 1746 au-
863 1695 941 1757 dicit,
964 1698 1027 1759 post
1042 1708 1140 1759 pacem
1157 1694 1192 1745 ab
1208 1695 1315 1756 Auguste
1328 1703 1363 1739 re

299 1779 394 1840 gerent
418 1788 507 1838 neque
530 1789 595 1826 vero
617 1774 704 1825 omnis
720 1773 827 1836 genen's
864 1771 982 1822 4444444444
999 1769 1082 1820 multo
1098 1769 1190 1835 plures
1202 1781 1278 1832 quam
1292 1768 1362 1821 44444.

299 1849 440 1900 libidinibus
464 1862 496 1900 nc
516 1848 618 1900 luxurie
642 1847 825 1911 dilapidarent.
864 1846 1020 1895 nominatim
1043 1858 1093 1910 per
1114 1846 1232 1896 funestas
1251 1842 1302 1894 illas
1320 1843 1365 1888 tur·

301 1923 340 1975 Cl.
353 1925 384 1974 Α.
398 1926 425 1973 P.
439 1923 487 1973 ³25
500 1935 559 1986 sqq.
582 1949 609 1959 -
628 1923 758 1982 damnosa]
785 1919 825 1970 Cl.
864 1920 914 1969 bas
923 1919 1022 1980 civiles,
1035 1921 1129 1983 poesin
1140 1911 1365 1983 [quamquambaud

300 1999 367 2062 Epp.
380 2000 391 2046 4
404 2035 410 2057 ,
424 1998 468 2058 48,
481 1997 527 2046 st:
546 1998 670 2046 damnoso
689 1998 776 2046 Vesus.
797 2019 825 2031 -
865 2009 925 2045 raro
934 1996 1023 2058 pingui
1032 1995 1160 2057 Minerva)
1169 2005 1298 2044 exercere.
1310 1987 1364 2051 (tou

300 2072 410 2122 44444444
421 2070 482 2135 eet]
500 2072 586 2120 Animi
598 2073 662 2121 tuuc
677 2070 739 2120 lessi
751 2071 829 2119 erent
865 2068 1032 2120 difficultates
1043 2070 1122 2120 nimis
1134 2067 1293 2132 exaggeravit
1301 2063 1365 2114 send

301 2143 440 2194 discordiis
452 2145 581 2194 intestinis
594 2143 763 2207 libenterque
776 2143 829 2192 iru-
865 2144 932 2194 tzius
950 2144 976 2192 in
993 2143 1106 2208 Opuscc.
1128 2157 1157 2208 p.
1174 2144 1240 2206 248.)
1260 2167 1285 2178 -
1308 2135 1364 2199 ute]

301 2217 416 2270 ebantur
441 2230 508 2281 pece
534 2217 568 2267 ab
594 2221 711 2281 Augusto
729 2217 829 2268 contir—
865 2219 950 2282 Prope
967 2219 997 2267 ut
1007 2216 1153 2268 Abderitae
1165 2217 1233 2281 apud
1245 2216 1365 2266 Lucienum

302 2294 387 2354 mata,
414 2292 449 2341 ita
467 2293 571 2353 tamen,
598 2295 627 2340 ut
646 2291 723 2354 longe
741 2292 829 2341 minor
866 2291 1016 2341 deconscr.
1029 2292 1147 2342 bist.t.:
1166 2291 1308 2374 πυρέττειν
1314 2286 1365 2350 (φα-

302 2367 401 2418 citium
421 2378 484 2430 pars
502 2378 582 2429 quam
604 2367 697 2416 vetere
723 2379 753 2415 re
778 2379 829 2428 pu·
865 2366 913 2415 clv
936 2361 1106 2435 ilssdpptrogi
1131 2363 1270 2431 πανδημεὶ
1291 2354 1365 2410 ἄπαν-

238 2431 244 2448 ’
302 2440 371 2492 blica
388 2443 435 2491 aut
450 2440 522 2490 domi
540 2440 696 2490 muneribus
708 2437 829 2489 civilibus
865 2455 937 2503 τας-
940 2437 1121 2510 -λιιιαρετιῷ
1135 2437 1288 2512 πυρετῷ-η
1265 2430 1366 2485 adsur-

303 2518 331 2568 et
356 2514 507 2578 eloquentia
534 2517 580 2565 aut
602 2513 709 2565 militiae
734 2512 828 2564 heilica
865 2531 911 2579 τες
919 2531 974 2586 yae
982 2505 1365 2585 egepayperampmromo

302 2593 400 2641 virtute
418 2589 590 2653 gloriamsibi
605 2588 830 2654 parnreetvellet
865 2592 916 2641 sol
935 2588 1056 2655 ἰαμβεῖα
1072 2589 1258 2657 ἐφθέγγοντο.
1277 2585 1311 2637 cl.
1322 2585 1364 2633 Sat.
1425 2596 1426 2631 ι

304 2667 332 2716 el
349 2667 454 2750 posset3
473 2666 613 2728 praeterea
629 2665 746 2714 Graecae
763 2663 831 2713 litte·
866 2665 980 2728 2,e‚:8c
997 2665 1104 2714 44444444
1115 2660 1366 2726 uettoesopeuitior

304 2751 349 2789 rae
375 2740 401 2789 444
427 2737 484 2789 dies
511 2739 596 2801 magis
617 2738 827 2790 innotescebant.
866 2739 915 2789 Aut
930 2739 982 2789 olio
997 2739 1087 2789 meotis
1101 2739 1189 2789 morbo
1205 2740 1273 2789 ceto.

305 2816 361 2863 lam
377 2815 489 2877 propter
505 2813 678 2866 haecomnia
695 2812 829 2876 permulti,

304 2899 339 2936 ne
365 2887 446 2936 vitam
472 2887 526 2936 otio
550 2889 684 2948 tererent,
719 2888 830 2951 poeticis
900 2887 1018 2938 tostis.
1035 2888 1117 2952 puori]
1137 2882 1365 2950 «nummorum

305 2959 399 3010 studiis
416 2971 477 3008 sese
495 2959 641 3022 dederunt,
665 2973 754 3023 eoque
772 2973 831 3010 ma·
867 2965 910 3012 est
920 2963 948 3011 et
957 2961 1146 3012 modulatius.»
1163 2964 1252 3013 444444.
1272 2955 1366 3013 morto
1425 3008 1426 3031 ,

304 3032 358 3093 gis,
386 3031 459 3094 quod
475 3034 622 3094 Augustum
646 3036 673 3083 et
690 3034 832 3084 444444444-
866 3031 1366 3090 mmdeocomnnetetenwolfflwti
1425 3042 1426 3045 ’

306 3107 360 3154 tem
386 3104 427 3154 bis
453 3105 542 3154 lavere
566 3105 706 3165 videbunt3
732 3120 787 3170 quo
804 3110 831 3158 444
866 3111 1015 3174 wopoiuof,
1033 3111 1273 3170 otmzobeoonton,
1289 3103 1366 3155 444444

307 3176 411 3228 lervore
428 3178 547 3228 omnium
564 3179 640 3230 aliter
657 3180 771 3230 virileni
785 3195 833 3246 po-
869 3187 1013 3250 petresque
1030 3185 1117 3235 severi
1134 3185 1252 3247 cinerosi
1264 3180 1366 3230 4444444

306 3251 388 3311 teret,
408 3263 490 3314 quam
506 3254 537 3300 ut
547 3252 628 3302 multa
641 3257 765 3318 poemata
777 3269 831 3306 non
868 3260 925 3323 dipe
948 3258 1098 3322 Steiperrrnp
1121 3259 1195 3322 liegt,
1220 3258 1259 3306 die
1278 3251 1366 3303 4444444

306 3323 393 3376 solum
410 3324 567 3388 mediocria,
595 3328 745 3380 sedetiam
762 3329 831 3380 mole
868 3331 967 3394 doppeit
980 3337 1103 3395 9444444444
1119 3331 1293 3395 queuertorcs
1301 3324 1364 3389 petr.»

306 3400 462 3465 prodirent,
499 3413 531 3451 ec
560 3400 680 3467 plerique
706 3405 831 3456 servilem
868 3408 985 3457 Gnrrrcus
1002 3406 1028 3456 in
1045 3407 1109 3470 Aitp.
1128 3407 1252 3470 Solarlztp¹
1270 3399 1364 3459 48444)

307 3477 470 3526 Graecorum
496 3477 667 3528 imitationem
694 3492 831 3543 nunquam
870 3481 991 3531 4494-
1009 3480 1096 3544 sceeri]
1115 3483 1181 3545 «qui
1197 3481 1298 3545 propter
1311 3474 1365 3522 4444

307 3550 507 3612 egrederentur.
538 3553 611 3602 lianc
628 3553 744 3603 subitam
755 3555 833 3616 igitur
868 3559 925 3605 tem
936 3556 1025 3605 severi
1037 3567 1098 3606 esse
1110 3555 1248 3614 deberent,
1260 3549 1304 3616 ipsi
1313 3559 1365 3610 ‘1¹¹⁰'

307 3623 472 3685 ingeniorum
493 3638 524 3675 ac
541 3625 690 3676 studiorum
708 3629 833 3676 mutatio-
869 3641 922 3692 que
949 3630 1025 3692 nugis
1047 3628 1260 3692 indulgent.»-
1234 3615 1364 3678 nob-l

308 3708 371 3746 nem
384 3697 471 3760 lepide
483 3693 620 3761 dendet
613 3714 696 3750 ironia
707 3701 734 3751 444
746 3704 833 3751 semet
868 3702 953 3764 lauri,
978 3702 1078 3764 olivae,
1114 3703 1230 3754 hederae
1250 3699 1364 3764 4444444444]

307 3771 395 3836 ipsum
413 3784 519 3834 quoque
536 3773 610 3825 vaire
624 3788 697 3826 usus
725 3777 812 3826 Sane
805 3789 832 3826 ιιι
869 3777 991 3828 habitum
999 3779 1137 3828 sumentes
1149 3791 1197 3842 pro
1208 3774 1280 3826 solita
1287 3775 1364 3821 comt*

307 3857 350 3892 vv.
363 3845 496 3894 4444444444-
504 3844 831 3921 -dlctaotestrirtepticlri
869 3865 903 3901 cx
923 3852 998 3915 apic,
1025 3855 1130 3915 myrto,
1164 3851 1232 3901 rosis
1254 3857 1364 3898 nexa

307 3919 368 3968 κατ’
379 3919 537 3990 sipontum
549 3925 832 3976 etenimeodemtem-
869 3925 973 3990 4444444444]
992 3925 1081 3976 Varie
1087 3925 1233 3991 explicant:
1251 3923 1301 3983 li«
1289 3924 1364 3966 44044·

307 4005 372 4056 porc
384 3995 576 4056 negotiatores
594 3997 759 4048 feneratores
766 4013 833 4064 ‚·pu
869 4003 986 4086 ponunt3
995 4017 1008 4045 s
1035 4011 1097 4050 cum
1119 4001 1190 4050 enim
1207 3994 1304 4059 ingenui
1318 3995 1365 4038 4444

305 4066 401 4118 blicani
418 4071 528 4133 propter
545 4073 637 4132 poesin
653 4073 763 4123 minime
775 4087 833 4122 ces·
870 4075 919 4138 ipsi
940 4074 1103 4135 scriberent,
1130 4073 1178 4124 sed
1202 4081 1280 4136 prope
1295 4069 1365 4114 omne

306 4140 415 4202 subant,
434 4143 483 4193 sed
501 4145 604 4207 negotiu
617 4158 663 4195 sua
677 4159 763 4210 aeque
775 4150 834 4198 stu
869 4151 1077 4200 servisamunu
1090 4149 1229 4205 dictarent,
1246 4139 1365 4194 invenisse

307 4216 380 4268 diosc
405 4221 486 4282 atque
511 4222 589 4271 antea
616 4221 833 4285 exsequebantur
870 4222 1011 4287 paulatim,
1037 4225 1067 4272 ut
1092 4237 1117 4272 v.
1137 4223 1229 4272 diem
1254 4207 1366 4276 mpetu
