2925 4892
275 346 338 411 906
746 346 894 455 inomni

417 506 508 557 «lium
526 518 575 570 ego
593 517 644 557 non
663 502 774 557 credun
789 505 923 555 Venusina
941 503 1019 565 dignu
1035 502 1185 555 lucerna?-

276 642 410 729 Fuitquo
440 650 533 707 natus
561 652 652 729 patre
674 640 839 717 libertino,
875 642 968 709 cuins
990 642 1038 708 rei
1062 641 1278 707 testimoninm
1302 640 1365 706 hoc

275 764 306 827 in
328 762 479 848 Epistolis
502 763 654 829 eximium
676 782 752 829 esse
772 760 940 828 videmus:

439 924 499 973 «Me
517 920 638 973 libertino
656 926 749 973 uatum
767 923 842 986 patre
860 923 930 971 etin
947 922 1020 972 tenui
1038 935 1067 971 re

436 1016 547 1066 Maiores
564 1028 666 1079 pennas
683 1014 746 1065 nido
764 1012 916 1065 extendisse
933 1012 1065 1077 loqueris,

438 1110 469 1163 itt
485 1110 616 1173 quantum
632 1109 724 1172 generi
741 1107 851 1170 demas,
869 1106 1011 1159 virtutibus
1027 1106 1160 1168 addest.»

273 1249 400 1313 Statura
416 1246 474 1312 luit
491 1244 597 1321 brevi,
618 1246 721 1312 obeso
738 1264 876 1332 corpore
888 1253 922 1310 et
933 1243 1035 1309 oculis
1045 1242 1152 1331 lippis.
1179 1244 1262 1309 ilinc
1276 1244 1364 1330 ipse:

437 1406 579 1471 «Corporis
596 1406 697 1468 exigui,
715 1417 893 1470 praecanam,
913 1402 1014 1453 solibus
1030 1405 1134 1467 aptum,

434 1498 515 1549 Irasci
533 1497 663 1558 celerem,
682 1498 773 1547 tumen
790 1500 820 1547 ut
835 1493 972 1561 placabilis
988 1489 1128 1556 enemim

272 1640 310 1704 Et
329 1640 417 1725 ipse:

439 1789 522 1838 illurn
540 1785 646 1852 vigilare
663 1784 764 1837 malum
781 1785 870 1837 crudis
888 1788 915 1835 et
931 1784 1024 1836 ludere
1041 1784 1168 1850 lippisqn

272 1936 364 2003 llunc
393 1945 485 2023 pater
514 1934 545 1999 in
568 1943 679 2001 tenera
701 1941 805 1999 aetate
828 1934 960 1999 Romam
982 1932 1069 1997 misit
1088 1931 1121 1995 in
1141 1930 1257 1998 ludum
1280 1933 1365 2001 litte·

272 2078 390 2125 rarum
427 2054 568 2133 Deinde,
592 2075 666 2121 cum
689 2054 754 2121 iam
769 2052 883 2120 litteris
896 2052 1084 2121 liberalibus
1099 2053 1249 2119 eruditus
1264 2064 1364 2128 esset,

270 2175 410 2243 Athenas
441 2174 664 2263 philosophiae
694 2195 794 2243 censa
822 2194 859 2242 se
881 2174 1027 2253 contulit;
1058 2184 1185 2241 etcum
1208 2174 1365 2242 doctissi-

270 2318 342 2363 mus
364 2296 535 2371 evasisset,
564 2294 809 2361 familiaritatem
836 2295 875 2359 M.
896 2295 985 2361 Bruti
1019 2295 1175 2370 occisoris
1208 2296 1364 2363 Caesaris

270 2417 408 2505 adeptus
442 2426 493 2484 est
531 2416 700 2503 lactisque
737 2413 780 2482 ab
808 2413 863 2481 illo
896 2415 1043 2482 tribunus
1076 2415 1211 2505 militum
1248 2429 1363 2484 contra

270 2540 413 2609 Marcum
427 2538 597 2607 Antonium
619 2548 652 2605 et
669 2538 856 2624 Augustum.
893 2535 958 2603 Sed
979 2537 1064 2603 victo
1085 2539 1184 2604 Bruto
1206 2558 1251 2605 ex
1272 2538 1362 2607 hello

271 2660 405 2747 aufugit,
429 2660 500 2749 ipso
523 2658 650 2726 dicente
672 2658 704 2723 in
726 2656 827 2724 Odis:

434 2812 551 2861 «Tecum
569 2809 702 2874 Philippos
719 2810 747 2859 et
763 2807 881 2859 celerem
897 2808 986 2872 lugam

434 2904 520 2965 Sensi,
539 2902 630 2954 relicta
648 2915 701 2955 non
718 2901 788 2953 hene
805 2897 981 2967 parmulal..

270 3040 302 3097 ct
325 3030 462 3098 ibidem:

434 3180 504 3231 «Sed
523 3194 567 3231 mo
583 3194 633 3245 per
649 3178 755 3232 hostem
773 3180 830 3247 (sic)
847 3183 993 3235 Mercurius
1010 3184 1084 3236 celer

433 3276 521 3326 Denso
537 3276 680 3338 paventem
698 3274 804 3326 sustulit
819 3276 932 3338 serent

270 3412 329 3479 Cui
352 3410 470 3479 deinde
492 3413 654 3499 Augustus
677 3412 870 3479 Maecenatis
892 3414 992 3501 gratia
1015 3412 1153 3479 indulsit.
1188 3413 1268 3481 ldeo
1292 3416 1356 3480 llo

269 3534 367 3599 ratius
399 3533 430 3597 in
452 3531 601 3600 omnibus
624 3533 778 3620 operibus
800 3535 975 3601 Maecenati
996 3532 1223 3601 venerabiliter
1243 3556 1356 3603 assur-

268 3654 321 3737 git.
353 3656 387 3718 ln
411 3653 634 3721 Carminibus:

432 3807 606 3867 «Maecenas,
627 3808 711 3858 atavis
729 3808 800 3858 edite
817 3808 940 3872 regibus,

430 3899 450 3946 0
468 3900 495 3947 et
511 3898 674 3961 praesidinm
692 3901 719 3950 et
736 3899 813 3950 dulce
830 3900 913 3952 decus
931 3896 1072 3963 menmh.»

333 4120 348 4183 ¹)
367 4120 431 4184 Epp.
452 4121 476 4181 t,
494 4121 535 4179 20.
554 4120 586 4170 20
603 4133 662 4185 sqq.
683 4148 709 4159 —
729 4119 747 4184 h
765 4122 830 4187 Epp.
850 4124 872 4183 l,
892 4124 933 4183 20,
951 4123 984 4174 tt
1000 4137 1042 4188 sq.
1067 4152 1094 4160 -
1117 4126 1206 4187 visat.
1226 4127 1250 4185 l,
1267 4127 1293 4186 h,
1306 4124 1344 4175 lt.

268 4198 1119 4270 -¹)2‚i‚9sq.-lt2‚7,ttsq.-⁶l0d.t,l,tsq.
