2925 4892
506 363 565 414 LlB.
585 364 615 412 ll.
650 365 749 415 aelst.
768 368 787 416 l.

143 515 238 596 Quod
261 515 383 604 legeret
404 527 590 606 tereretque
611 519 727 586 viritim
751 519 901 607 publicus
921 525 1025 590 usus?

141 637 179 706 Ut
200 637 341 724 primum
361 638 476 726 positis
498 641 611 726 nugari
634 641 769 708 Graecia
790 641 883 708 bellis

141 758 256 846 Coepit
277 769 310 825 et
331 759 363 824 in
386 758 497 826 vitium
519 760 644 826 fortuna
667 760 769 828 labier
791 781 909 850 aequa,

137 880 230 946 Nunc
253 879 443 946 athletarum
465 881 593 958 studiis,
617 902 702 948 nunc
725 883 802 948 arsit
824 903 998 969 equorum,
1148 890 1189 952 95

138 1003 310 1069 hlarmuris
332 1010 387 1068 aut
409 1001 518 1068 eboris
540 1001 648 1070 labros
671 1013 726 1070 aut
748 1004 834 1070 aeris
855 1006 986 1082 amavit,

162 1172 205 1222 92.
226 1172 374 1234 «Quiritem
391 1174 466 1222 notat
488 1171 593 1224 Fulvius
610 1173 718 1226 Ursinus
736 1177 763 1226 in
780 1189 834 1238 mg.
853 1177 900 1226 Ed.
918 1175 977 1228 Ald.
996 1179 1068 1229 tata.
1087 1180 1153 1231 stul.

129 1244 324 1382 ggffigjjlln'
343 1247 389 1310 qui
406 1247 516 1311 recepit.
539 1245 653 1308 (Habent
668 1249 764 1300 mittin
780 1249 871 1312 bSEc‚
890 1264 985 1302 omnes
1001 1255 1117 1305 Pottierii
1128 1259 1157 1306 et

99 1459 247 1524 profluens,
282 1473 357 1510 mare
392 1462 503 1526 eiusque
537 1460 621 1512 litora.
661 1465 730 1514 acet
746 1477 947 1528 supervacanea
958 1465 1127 1522 videbantur.
1150 1470 1188 1518 Si-

99 1535 177 1584 Gaius
193 1535 224 1594 ἓ,
243 1535 287 1584 tt:
315 1547 380 1594 qaue
398 1536 457 1599 (res)
476 1535 624 1598 publicae
661 1538 870 1600 gnificateutem
881 1552 987 1590 murum
999 1541 1185 1604 mutationem,

98 1613 167 1670 mot,
184 1609 280 1658 nudius
295 1610 322 1658 in
333 1609 403 1659 honis
413 1623 463 1660 esse
473 1611 623 1670 meduntam
662 1624 731 1674 quae
754 1611 881 1677 paulatim
904 1613 966 1664 ludo
984 1627 1000 1664 a
1021 1615 1122 1666 Pericle
1139 1630 1187 1667 ue-

98 1683 175 1745 ipalus
190 1683 258 1733 enen
272 1684 443 1734 mammetis
458 1697 509 1734 ease
520 1686 625 1734 credun
661 1698 713 1749 que
732 1685 765 1734 ad
787 1684 937 1750 Philippum
954 1687 1128 1739 Macedonem
1146 1691 1188 1740 le-

98 1763 147 1806 tur.
178 1758 217 1806 lta
241 1759 268 1808 et
291 1761 413 1822 poemata
435 1757 541 1822 publico
564 1760 623 1810 usui
661 1762 703 1810 cta
721 1762 776 1819 est,
799 1773 862 1810 eum
880 1773 895 1809 a
912 1762 1001 1824 prisce
1018 1762 1186 1826 simplicitate

97 1830 260 1892 inserviunt,
284 1833 412 1896 quoniam
429 1832 554 1884 omuibus
576 1847 623 1884 ue·
661 1835 688 1883 et
708 1831 743 1882 ab
767 1832 809 1884 ille
830 1832 1041 1903 μεγαλοψυχίᾳ
1064 1835 1187 1899 (libenter

97 1919 150 1969 que
168 1906 200 1955 iis
219 1903 344 1956 delectari
362 1905 432 1957 licet.
660 1906 839 1970 Aeschyleam
856 1909 996 1971 dixerim),
1016 1923 1098 1974 quem
1115 1911 1185 1962 bella

129 1978 222 2030 aaut.
235 1981 352 2045 Graecia]
366 1983 438 2032 ilaec
446 1984 535 2034 omnia
546 1995 623 2048 prae·
660 1983 766 2032 Persica
784 1983 816 2033 iis
832 1982 1001 2044 instillarent,
1020 1985 1186 2049 pedetentim

97 2053 176 2117 cipue
193 2053 228 2104 de
244 2055 450 2108 Atheniensibus
460 2056 550 2107 velere
563 2071 623 2108 ma·
660 2057 820 2107 recedentes
836 2057 920 2108 elluse
938 2071 968 2108 se
981 2058 1113 2110 dederent
1123 2073 1188 2110 cuu-

96 2129 224 2180 nileslum
241 2131 290 2180 est.
311 2157 338 2166 —
354 2129 449 2194 positis]
468 2131 538 2194 virg.
554 2133 620 2180 Aen.
660 2134 763 2181 clarum
792 2133 889 2182 artium
917 2130 1064 2193 illecebris,
1098 2132 1185 2185 donee

96 2205 124 2265 4,
143 2203 207 2253 29⁴:
233 2203 328 2266 Δονονα
344 2211 398 2254 tum
416 2206 530 2268 positis
549 2206 622 2255 mite-
660 2205 800 2256 discordiis
811 2204 940 2256 debilitati
956 2209 1038 2270 atque
1053 2208 1081 2257 in
1098 2208 1186 2260 molli·

95 2283 163 2328 soem
178 2279 279 2328 meursio
296 2279 389 2330 bellis,
411 2307 438 2316 -
454 2281 557 2344 napum]
577 2293 621 2330 «se
658 2280 724 2330 hein
745 2281 811 2343 lapsi
833 2280 942 2330 tandem
963 2282 990 2330 iu
1008 2281 1185 2335 Macedonum

96 2351 161 2402 dare
179 2351 319 2402 adomnia
339 2353 428 2417 poesis
448 2367 560 2416 genera,
588 2354 622 2406 ad
659 2356 820 2418 potestatem
839 2357 1028 2417 pervenerunt.
1049 2381 1079 2392 -
1096 2356 1185 2421 mter]

95 2427 230 2491 picturae,
249 2426 416 2492 sculpturae,
438 2429 557 2480 musicae
578 2441 623 2478 ar·
660 2428 713 2478 Clr.
727 2430 780 2477 Sat.
794 2428 824 2489 4,
841 2430 870 2486 t,
889 2429 929 2478 35.

94 2505 149 2561 tes,
169 2501 204 2550 ad
222 2499 298 2552 ludos
316 2503 526 2564 gymnasticosp
551 2516 622 2566 quae
693 2502 799 2552 stt-toa.
817 2503 977 2566 amatorum]
995 2503 1049 2554 Clr.
1065 2505 1121 2554 Liv.
1138 2505 1183 2564 33,

95 2575 185 2627 omnia
203 2588 266 2625 curn
283 2577 457 2628 atrocissimis
479 2576 528 2628 illis
545 2576 621 2628 bellis
659 2576 703 2625 aa:
722 2576 863 2636 Spectmi
878 2577 1185 2640 debonestamenti·

95 2651 249 2714 comparata
267 2651 363 2714 partim
381 2651 549 2713 ingeniorum
560 2654 623 2703 sunt
660 2649 804 2712 (Graecae),
823 2663 873 2710 qun
888 2650 1030 2698 certum
1045 2653 1125 2700 annis
1138 2665 1184 2715 pe·

93 2723 185 2785 lusus,
198 2725 294 2788 partim
307 2726 404 2774 virium
415 2723 533 2774 ludicrae
546 2739 622 2775 exer·
658 2725 725 2774 aab
742 2724 837 2773 artium
852 2723 994 2784 obicitque
1007 2728 1030 2772 et
1042 2725 1184 2785 pernicite-

94 2799 345 2862 annonamque
355 2800 442 2862 igitur,
460 2800 517 2851 sine
530 2813 622 2863 repre-
658 2799 689 2848 tis
710 2799 835 2848 mouetur.
864 2798 968 2847 denter
989 2797 1041 2848 hoe
1064 2799 1183 2850 studium

93 2875 232 2924 hensionis
256 2873 458 2937 significatione.
489 2901 516 2910 -
546 2872 620 2936 bedu]
659 2877 740 2936 atque
761 2870 920 2922 athletarum
946 2873 1092 2934 nequitiam
1113 2876 1184 2926 vitu·

94 2949 211 2998 maxime
229 2951 291 3012 post
307 2949 455 3012 composita
471 2946 540 2997 bella
560 2949 622 2997 Per·
658 2951 735 3012 perat
750 2946 889 3011 Euripides
906 2946 933 2996 iu
949 2945 1072 3009 Autolyci
1093 2948 1134 2998 Fr.
1152 2952 1181 2998 t:

93 3024 157 3074 sitta.
187 3021 296 3073 Aristot.
309 3021 385 3074 Petit,
398 3022 428 3083 8,
447 3023 478 3084 6,
497 3021 524 3071 6;
543 3020 621 3080 Σχο-
658 3020 763 3073 Κακῶν
787 3017 843 3090 γὰρ
868 3015 960 3071 ὄντων
983 3023 1094 3092 μορίων
1118 3023 1184 3074 καθ’

93 3091 302 3167 mandemus
321 3093 473 3163 γενόμενοι
497 3090 545 3146 διὰ
569 3090 621 3157 τὰς
654 3091 777 3148 Ἑλλάδα
788 3089 878 3146 Οὐδὲν
889 3092 994 3146 κάκιόν
1005 3095 1083 3147 ἐστιν
1094 3091 1184 3164 ἀθλη-

94 3165 234 3244 sinopici<
265 3172 315 3222 καὶ
347 3167 621 3241 μεγαλοψυχότεροι
657 3169 714 3222 τῶν
734 3173 836 3238 γένους
852 3169 912 3220 κτλ.
945 3171 1181 3234 dehitthani,

93 3244 166 3320 πρὸς
182 3242 299 3318 ἀρετήν,
317 3240 359 3298 ἔτι
374 3261 405 3298 ts
422 3243 560 3318 πρότερον
571 3247 621 3296 καὶ
658 3245 699 3297 st.
713 3259 740 3310 p.
754 3246 794 3296 49.
806 3249 852 3296 Α.;
872 3241 930 3307 Τὰς
945 3241 1114 3308 βαναύσους
1135 3248 1183 3298 τέο

92 3318 167 3388 μετὰ
181 3319 220 3372 τὰ
235 3317 350 3388 Μηδικὰ
369 3320 621 3392 φρονηματισθέν-
657 3335 730 3382 χνας
763 3312 897 3384 Ἕλληνες
936 3311 1078 3401 ὕστογον
1117 3323 1182 3408 crept

92 3411 138 3460 τος
154 3397 189 3448 ἐκ
205 3393 264 3446 τῶν
280 3391 370 3468 ἔργων
386 3391 483 3461 πάσης
494 3389 621 3465 ἥπτοντο
658 3395 794 3446 uiatores
810 3388 922 3458 μᾶλλον
933 3391 1087 3442 caenovio
1099 3387 1120 3458 ἢ
1129 3407 1182 3457 τας

91 3468 271 3538 μαθήσεως,
300 3465 385 3523 οὐδὲν
407 3468 618 3540 διακρίνοντες,
657 3465 732 3519 κατὰ
742 3465 873 3518 παιδείαν
881 3467 1034 3533 γινομένας
1042 3464 1180 3529 ἐπινοίας.

92 3541 153 3598 ἀλλ’
180 3543 395 3611 ἐπιζητοῦντες·
422 3541 468 3597 διὸ
493 3546 542 3596 καὶ
567 3539 620 3608 τὴν
659 3571 687 3581 -
706 3542 778 3606 arsit]
797 3543 854 3601 Quo
871 3541 968 3591 ardore
985 3540 1182 3604 Graeeiolym·

92 3615 256 3687 αὐλητικὴν
271 3613 381 3688 ἤγαγον
401 3617 474 3691 πρὸς
493 3617 545 3682 τὰς
563 3635 621 3684 μα·
657 3618 700 3682 pia
722 3617 881 3682 spectarint,
906 3613 977 3664 lecto
999 3611 1058 3662 loeo
1078 3614 1182 3678 sopho-

92 3692 208 3762 θὴσεις.
243 3723 263 3731 -
286 3697 314 3746 in
331 3697 429 3760 citima]
449 3695 620 3746 adeliciarum
658 3691 715 3743 cleo
733 3692 761 3742 iu
782 3691 886 3742 Electra
909 3688 957 3739 680
978 3701 1056 3750 seqq.
1075 3690 1182 3752 penitus

92 3775 205 3836 propter
238 3771 441 3835 prosperitatem
471 3770 619 3821 fortunae.»
656 3768 845 3832 persentisees.
866 3793 894 3802 -
912 3761 1002 3825 abab]
1021 3763 1105 3815 lluius
1121 3777 1182 3816 ma·

92 3847 179 3897 Cous.
199 3845 279 3903 Ceno.
313 3844 449 3896 vocabulo
465 3845 567 3904 uitium,
593 3844 620 3894 in
657 3843 741 3894 teriue
757 3853 823 3890 usus
845 3839 972 3902 frequens
990 3841 1048 3888 erat
1063 3840 1091 3890 iu
1108 3838 1182 3890 eele-

92 3933 146 3984 quo
155 3919 297 3972 Schiitzius
306 3920 427 3984 (Opusec.
437 3917 541 3984 pili.)
551 3917 620 3967 adeo
657 3915 817 3966 bratissimis
839 3913 991 3978 quibusque
1013 3912 1128 3963 deorum
1145 3915 1184 3964 ei-

92 3994 217 4054 offendit,
236 3995 265 4043 ut
281 3995 308 4044 in
323 4007 433 4044 occuram
447 3993 618 4057 proponeret,
657 3989 796 4051 mulacris,
814 3990 844 4038 ut
861 3990 887 4038 in
898 3988 1007 4038 Phidiae
1020 3988 1083 4037 love
1095 3986 1184 4050 Olym·

93 4068 243 4120 admodum
258 4066 387 4119 malitiose
405 4081 470 4119 usus
488 4068 530 4118 est
545 4065 619 4126 ideo,
657 4067 701 4131 plo
728 4067 755 4114 et
771 4065 904 4124 Minerva,
931 4063 1009 4112 euius
1026 4057 1183 4132 πρόσωπον

94 4143 167 4208 qnod
194 4139 356 4205 βαναύσοις
388 4145 457 4194 inter
487 4144 621 4193 Romanos
657 4135 843 4202 ἐλεφάντινον
855 4139 921 4188 erut.
943 4135 1016 4186 Plato
1028 4136 1105 4199 iiipp.
1118 4135 1181 4185 mai.

93 4219 183 4270 omnia
195 4218 263 4268 haec
275 4219 438 4269 Graecorum
448 4216 535 4268 studia
545 4215 621 4268 ν444ο-
657 4228 684 4280 p.
701 4214 758 4264 290.
775 4213 804 4264 a.
825 4239 852 4250 -
873 4209 967 4276 subret]
992 4210 1131 4272 τεχνίτας.
1152 4235 1180 4246 ·-
