2925 4892
554 360 614 410 ins
632 360 777 411 444444.
1096 306 1101 313 Ι
1150 362 1205 429 734

164 515 229 579 itut
250 513 283 578 in
305 534 398 579 avem
421 516 544 580 Procne
566 524 722 591 vertetur,
747 515 888 583 Cadmus
910 518 941 583 in
965 538 1112 605 unguem.

165 634 394 720 Quodcunque
416 634 560 701 ostendis
582 634 659 701 mihi
681 635 744 711 sic,
768 636 955 705 increduius
977 638 1041 705 odi.

165 755 258 819 Neve
281 753 385 819 minor
406 775 470 820 neu
492 756 534 821 sit
555 756 666 842 quinto
688 756 876 843 productior
897 768 969 823 actu

167 872 306 949 Fabula,
329 893 416 960 quoe
436 875 527 960 posci
550 874 617 941 voit
637 886 671 943 et
691 886 835 963 spectato
857 880 989 965 reponi;
1151 884 1210 949 490

165 994 232 1059 Nec
253 994 337 1059 deus
358 995 497 1068 intersit,
521 995 582 1061 nisi
605 996 722 1083 dignus
746 997 872 1065 vindice
894 999 999 1065 nodus

190 1198 247 1249 484.
264 1200 361 1263 Proprie
377 1200 403 1260 d,
419 1200 459 1250 ri.
480 1229 507 1237 -
525 1202 630 1263 Procne,
650 1202 760 1253 04444444
774 1209 889 1254 comior
905 1204 958 1255 duo
979 1206 1059 1267 Fene,
1083 1209 1113 1257 ut
1128 1220 1178 1259 suo

153 1284 232 1321 more
242 1271 406 1335 transposuit
417 1274 633 1337 Cuninghemius.
653 1302 682 1313 -
703 1277 757 1327 489.
778 1278 809 1326 sit
825 1292 873 1328 444
889 1279 975 1341 quinto
986 1279 1013 1341 b,
1027 1280 1113 1343 quinto
1126 1294 1175 1331 444

154 1346 187 1394 stt
206 1344 287 1394 Aldus
308 1347 380 1396 4509.
403 1350 430 1396 44
450 1348 521 1397 44449.
545 1376 573 1384 -
592 1349 649 1398 499.
666 1355 690 1399 44
706 1350 842 1413 spectanda
858 1351 906 1413 bo,
926 1357 949 1403 44
964 1356 1131 1416 exspectanda
1147 1356 1176 1405 Β.

156 1420 278 1479 (titum,
297 1420 371 1481 sid.)
392 1448 418 1456 -
439 1421 495 1469 494.
518 1422 556 1471 Ne
572 1422 648 1472 iinnd
665 1425 741 1476 Turs.
760 1426 801 1475 iV.
820 1412 847 1489 p.
868 1428 923 1476 444.

119 1615 233 1663 versus,
251 1606 282 1651 ut
296 1604 340 1655 hic
355 1606 501 1667 requiritur
517 1605 552 1655 rb
565 1607 650 1655 44444-
686 1597 795 1650 obvium
813 1606 915 1651 44444444
932 1614 1039 1653 nomen.
1066 1604 1113 1667 (Ci.
1127 1606 1211 1655 witz·

121 1677 176 1735 tio,
195 1689 248 1726 non
266 1676 368 1727 Cadmo
384 1679 449 1741 ipsi,
468 1679 517 1729 sed
533 1676 651 1745 ἐξαγγέ-
686 1672 762 1723 sehet
780 1674 854 1737 iicp.
873 1688 900 1739 p.
913 1676 966 1738 88.)
983 1677 1062 1727 Arist.
1075 1680 1147 1729 Post.
1161 1680 1208 1729 ti:

121 1749 165 1815 λῳ
191 1751 249 1799 eius
274 1752 449 1801 mutationem
472 1756 589 1803 nerrenti
614 1752 649 1803 eb
678 1740 761 1797 Ἐστι
778 1744 809 1797 dd
821 1744 965 1818 πρόλογος
974 1748 1030 1814 μὲν
1039 1752 1129 1822 μέρος
1140 1744 1210 1801 ὅλον

120 1822 250 1886 Euripide
282 1823 395 1875 tributos
420 1838 480 1876 esse
506 1830 650 1877 consents·
685 1818 844 1890 τραγῳδίας
855 1817 889 1871 τὸ
904 1818 960 1893 xpd
969 1821 1061 1892 χοροῦ
1070 1822 1208 1895 παρόδου,

120 1910 208 1949 neum
224 1899 274 1947 est.
298 1925 325 1933 -
352 1900 505 1961 4444444444]
529 1900 650 1951 Refertur
687 1892 851 1946 ἐπεισόδιον
867 1894 898 1946 δὲ
915 1898 1004 1966 μέρος
1021 1890 1090 1949 ὅλον
1106 1914 1212 1983 τραγῳ-

120 1984 180 2021 444
196 1974 250 2021 4444
266 1972 302 2021 ed
318 1972 440 2023 Medeam
458 1977 485 2023 et
495 1976 606 2026 Atreum
617 1976 650 2025 ii·
684 1966 749 2031 δίας
765 1967 799 2019 τὸ
815 1967 923 2035 poesi
935 1965 1011 2021 ὅλων
1023 1986 1149 2041 xoptatum
1158 1988 1211 2038 pn-

119 2045 173 2096 lios
207 2046 339 2106 Thyestae
366 2047 454 2097 tretris
488 2051 651 2111 coquentem
685 2040 757 2105 λῶν,
782 2038 884 2108 ἔξοδος
905 2044 935 2095 dt
952 2047 1040 2115 μέρος
1058 2042 1128 2097 ὅλον
1143 2061 1211 2117 τρα-

122 2120 169 2183 (ci.
184 2132 209 2167 v.
223 2120 283 2180 sti,
302 2132 384 2182 quum
395 2120 431 2169 cd
442 2123 562 2171 Procnen
574 2123 601 2173 in
612 2124 651 2172 ni-
685 2114 791 2183 γφόἱας
807 2119 871 2182 μεθ’
888 2113 1211 2191 ὃθῦκῗσῐικοροῧμέ·

121 2192 268 2243 rundinem
286 2193 333 2255 tet.
346 2194 394 2243 041.
407 2193 436 2253 4,
450 2196 495 2253 44,
507 2196 546 2255 s.)
563 2199 591 2245 et
601 2197 651 2246 Cn·
685 2190 746 2253 λος.
769 2194 863 2244 Cicero
880 2194 990 2257 quidem
1001 2194 1036 2244 ed
1048 2196 1078 2254 Q.
1092 2196 1132 2244 Fr.
1147 2196 1171 2257 4,
1185 2196 1209 2254 4,

120 2268 220 2317 dmum
241 2268 269 2315 in
288 2266 434 2317 draconem
457 2270 598 2319 mutatum.
619 2296 647 2305 -
686 2268 734 2326 tc,
753 2266 799 2318 is:
818 2268 884 2317 titud
899 2272 1006 2319 te--rt
1023 2271 1210 2327 ororttortor,

120 2341 182 2405 odi]
201 2352 356 2403 urespuo;n
382 2339 567 2392 «intolerabile
584 2343 649 2393 mihi
684 2346 713 2391 ut
739 2346 869 2402 4444444444
889 2346 981 2403 potine
1004 2342 1209 2403 toni--roteot,

120 2415 259 2465 videtur.»
685 2415 721 2464 ric
732 2440 770 2451 --
779 2416 981 2479 ditiprotirrimur
996 2416 1042 2477 444,
1059 2420 1088 2465 ui
1104 2416 1143 2475 tic
1159 2421 1211 2466 ter-

157 2488 216 2538 489.
229 2489 286 2537 499.
307 2490 462 2553 Neve-oro]
480 2489 557 2539 iinnd
573 2490 648 2539 Ture.
685 2491 736 2539 4444
751 2502 834 2539 conus
849 2490 949 2551 imperit
965 2492 1002 2538 444
1017 2495 1148 2551 umqum
1163 2495 1212 2539 ter·

120 2564 166 2613 lv.
180 2575 209 2625 p.
222 2562 283 2611 tis:
303 2576 441 2613 «neu-neu
451 2564 569 2625 optimus
581 2563 652 2625 4444-
685 2564 736 2612 dus
751 2568 823 2611 cetos
835 2562 1029 2625 perfectissimis
1044 2568 1121 2624 44444
1131 2576 1211 2613 ontu-

121 2649 179 2699 qne
195 2636 309 2698 scriptor
324 2635 400 2696 dicit,
420 2637 528 2699 quondo
543 2638 649 2699 utrique
686 2636 795 2686 tissimus
809 2636 884 2697 444444
899 2636 1023 2685 videatur.
1051 2636 1153 2685 Tertius
1165 2647 1211 2686 eu-

120 2710 193 2775 perti
219 2722 272 2759 unu
289 2712 331 2761 est
346 2712 413 2761 retio
433 2724 570 2774 unumque
587 2724 650 2760 ver·
686 2714 741 2761 tem
754 2710 842 2769 Quinti
859 2720 944 2762 eunus
963 2710 1066 2771 imperii
1082 2710 1138 2758 eius
1150 2707 1212 2759 4144-

121 2784 206 2841 burn,
219 2784 397 2845 sedne-neu,
416 2785 461 2835 ubi
474 2784 651 2836 duobusver·
686 2796 747 2835 mus
773 2784 844 2839 erat3
873 2782 977 2833 4444444
1002 2782 1081 2845 igitur
1106 2780 1210 2831 tabulae

121 2859 168 2909 bis
180 2858 377 2920 distinguuntur
387 2872 445 2919 res,
461 2872 575 2921 querum
587 2872 651 2909 nen·
686 2860 776 2907 ectum
793 2858 900 2906 tertium
911 2854 1066 2917 manifesto,
1085 2855 1134 2907 etsi
1145 2857 1212 2909 Len-

120 2936 156 2981 tri
174 2932 338 2982 concedetur
354 2946 441 2983 esse.»
463 2960 491 2970 -
517 2935 650 2983 nuooru
686 2932 759 2993 gtum
784 2932 893 2981 secutus
909 2931 989 2992 neget
1005 2930 1135 2989 Diintzer,
1162 2943 1211 2993 pro

117 3006 278 3069 promotior]
297 3008 423 3077 «Certum
438 3008 549 3059 modurn
561 3011 588 3058 et
597 3001 651 3077 ἁρ-
687 3004 779 3055 ultimo
797 3004 902 3065 hebuit,
922 3016 1050 3068 separans
1062 3003 1096 3054 nb
1108 3004 1212 3055 retibus

120 3083 231 3145 μονίαν
248 3082 358 3144 requirit
374 3078 477 3139 4444414ς
495 3094 557 3131 nem
573 3083 596 3131 si
608 3084 650 3132 ni-
686 3074 831 3149 κρόλογον
849 3082 876 3128 et
891 3072 1001 3142 ἔξοδον.
1028 3077 1131 3141 Alioqui
1148 3079 1212 3131 setis

122 3157 211 3207 mium
227 3154 318 3205 brevis
329 3158 384 3215 est,
402 3157 561 3218 spectatoris
573 3169 651 3205 men·
686 3154 844 3203 inconcinne
855 3152 1049 3205 locutusessot.
1070 3152 1108 3203 04.
1118 3153 1212 3203 Donati

121 3233 180 3280 tem
197 3241 251 3279 non
268 3228 357 3292 expiet
373 3242 424 3279 nec
440 3231 505 3280 44444
520 3226 555 3278 δι’
567 3228 649 3281 ἐλέου
686 3230 880 3290 Argumentum
892 3228 1022 3289 Hecyrae,
1036 3226 1082 3277 uhi
1095 3227 1212 3289 quinque

122 3304 175 3353 nat
191 3298 292 3363 φόβου
310 3305 435 3371 repatver
451 3300 504 3367 τὴν
521 3300 578 3353 τῶν
593 3318 653 3355 τον-
686 3304 762 3351 ectus
779 3302 927 3351 enumeret.
943 3327 971 3337 -
989 3305 1101 3361 spectata
1116 3298 1212 3362 reponi]

123 3372 219 3427 ούτων
230 3374 411 3441 καθημάτων
422 3374 575 3447 κάθαρσιν.
587 3379 652 3439 (itri-
687 3375 760 3425 44444
776 3387 841 3424 vere
858 3376 900 3423 est
916 3372 1008 3431 tectio,
1027 3385 1080 3423 non
1097 3378 1213 3433 4444444-

122 3454 186 3501 stot.
200 3454 273 3501 Poet.
286 3453 311 3511 6,
323 3452 359 3514 4.)
371 3453 416 3501 siu
429 3454 528 3503 iustum
539 3452 652 3502 modum
687 3449 735 3507 dc,
755 3448 826 3510 quod
844 3448 932 3509 ipsum
948 3448 1002 3495 4444
1017 3445 1087 3495 44444
1098 3445 1124 3494 44
1136 3457 1161 3495 v.
1173 3456 1213 3494 re·

123 3524 247 3585 excedit,
273 3526 331 3589 ipse
353 3524 421 3575 tinec
442 3525 583 3589 productio
600 3528 651 3574 mi·-
684 3523 758 3584 poni3
778 3519 911 3581 annua.»
924 3520 1015 3583 inquit,
1030 3532 1115 3581 «queo
1127 3518 1212 3569 semei

122 3601 182 3649 nuit
197 3600 355 3661 sensimque
372 3601 507 3650 consumit
525 3602 652 3663 specten-
687 3595 798 3660 piecuit,
818 3596 866 3645 etsi
879 3594 932 3643 iem
943 3597 1067 3656 44444444,
1087 3589 1213 3656 upoputo

122 3674 190 3723 tium
209 3672 350 3723 effectus·
374 3700 401 3709 -
426 3674 598 3736 4444444444]
622 3676 651 3723 44
688 3671 777 3721 denuo
791 3670 904 3731 poscitur
921 3681 953 3718 ac
969 3668 1101 3729 reponitur
1112 3668 1140 3717 in
1151 3678 1213 3717 sce-

122 3748 221 3809 quinos
238 3749 314 3797 ectus
325 3748 435 3797 44444444
450 3746 605 3797 dividebant
616 3746 652 3797 te-
688 3758 735 3803 nu‚
754 3756 847 3793 rursus
859 3742 972 3793 editur.»
990 3742 1032 3791 Sic
1042 3740 1156 3803 44444444
1166 3741 1214 3791 444·

121 3819 217 3878 444444;
228 3823 321 3869 contre
329 3825 436 3871 veteres
444 3823 538 3871 Graeci
546 3823 573 3871 in
584 3817 652 3890 πρό-
687 3832 746 3868 rum
762 3820 859 3881 4444444
869 3819 974 3869 Terent.
989 3818 1054 3867 iiec.
1067 3815 1136 3867 Prot.
1150 3818 1174 3876 4,
1188 3816 1212 3865 4.

123 3892 228 3959 λογον,
246 3892 394 3944 ἐπεισόδια
404 3895 490 3964 (τρία)
502 3900 529 3947 ct
539 3890 649 3958 ἔξοδον,
688 3896 741 3943 Set.
756 3896 785 3955 4,
806 3896 849 3953 40,
863 3894 909 3943 39:
937 3895 988 3943 Nec
1004 3893 1108 3943 redeant
1123 3892 1215 3941 44444444

122 3968 160 4017 ite
177 3972 208 4018 ut
224 3981 320 4031 renpse
332 3968 426 4019 divisio
443 3970 477 4019 ed
495 3970 567 4020 idem
580 3970 651 4019 redi·
688 3973 764 4030 atquo
781 3969 872 4017 iterum
889 3969 1024 4029 spectando
1039 3966 1149 4017 44444444.

123 4043 173 4089 ret,
202 4043 319 4091 Graecae
336 4043 401 4093 ertis
418 4041 555 4093 vocubulis
571 4056 652 4107 pree·
721 4042 917 4093 resistitur
934 4040 1068 4103 desecet]
1087 4040 1140 4089 Cic.
1155 4039 1212 4087 Nut.

123 4116 219 4165 sertim
235 4113 404 4167 ἐπεισοδίων
424 4130 477 4167 444
494 4117 570 4168 444444
588 4117 653 4167 red·
688 4120 767 4167 licor,
783 4117 811 4175 4,
830 4116 862 4165 so
873 4153 878 4176 ,
891 4116 939 4167 ss:
965 4120 993 4165 44
1009 4116 1101 4178 tropici
1112 4114 1212 4175 poe'tee,

124 4187 221 4239 (iendis
246 4190 329 4241 Letini
354 4190 551 4243 substituerunt
566 4192 651 4254 mesu
689 4204 747 4243 4444
763 4190 891 4253 cepticore
906 4190 1048 4254 armorui
1059 4189 1154 4239 4444444
1164 4200 1215 4237 oon
