2925 4892
532 293 592 344 un.
611 294 641 344 il.
661 293 760 344 aeisr.
778 295 798 344 1.

180 451 230 514 rin
252 467 336 535 quos
358 457 390 514 et
412 467 568 535 praesens
590 458 623 516 et
645 457 776 534 postera
798 460 931 537 respuat
951 451 1063 520 aetas‘t

179 570 245 636 Iste
267 567 400 656 quidem
422 577 552 636 veteres
574 569 656 638 inter
676 581 816 656 ponetur
836 571 989 649 honeste,

181 687 246 767 Qui
266 687 317 755 vel
341 709 453 754 mense
474 688 565 756 brevi
587 688 639 756 vel
662 700 727 758 toto
750 702 800 759 est
821 692 928 758 iunior
948 713 1043 759 anno.

179 810 260 878 Utor
281 810 439 896 permisso
461 809 652 898 caudaeque
674 811 759 899 pilos
780 824 816 878 nt
836 814 975 901 equinae
1185 815 1254 899 ⁸5.

180 928 339 996 Paulatim
360 929 444 997 vello
466 941 499 996 ct
520 929 616 998 demo
638 953 756 1009 unum,
780 932 876 1000 demo
899 933 1028 1001 etitem
1051 955 1159 1012 unum,

179 1051 266 1115 Dum
289 1049 383 1116 cadat
404 1049 515 1118 clusus
537 1051 661 1120 ratione
683 1054 806 1120 ruentis
828 1055 951 1131 accrvi,

180 1172 244 1252 Qni
266 1171 350 1238 redit
371 1171 403 1237 in
426 1171 524 1238 fastos
547 1182 579 1240 et
599 1174 750 1240 virtutem
772 1176 919 1242 aestimat
939 1177 1031 1242 annis

179 1292 378 1380 Miraturque
400 1291 491 1370 nihil,
514 1293 575 1360 nisi
598 1293 687 1382 quod
708 1296 845 1363 Libitina
866 1299 1013 1364 sacravit.

166 1469 246 1538 γζιιλ,
264 1471 380 1522 Pottierii
391 1471 416 1520 2.
430 1471 454 1522 3.
469 1471 493 1521 6.
506 1471 548 1522 23.
562 1473 589 1521 ct
600 1473 707 1536 quintus
719 1474 859 1534 semidii,
872 1473 1016 1525 Bentleins:
1032 1475 1119 1526 itidem
1129 1477 1191 1536 SM,

165 1551 246 1600 dion
261 1548 280 1598 b
297 1550 325 1598 et
341 1561 356 1599 c
374 1547 432 1612 (sed
455 1549 498 1600 bic
516 1550 542 1598 in
559 1549 675 1612 rasura),
694 1550 759 1599 item
776 1546 940 1610 Gueilerbyt.
953 1547 1092 1610 Scbmidii‚
1111 1550 1190 1608 LCts,

165 1624 260 1674 dem
277 1622 342 1674 Cod.
356 1623 538 1674 boraniensis.
556 1624 621 1674 Tres
634 1627 696 1674 sunt
707 1621 925 1687 interpolationes
942 1621 1078 1684 diversae,
1097 1635 1192 1674 omnes

166 1710 257 1760 acque
273 1699 451 1762 importunae.
472 1723 500 1734 -
519 1697 560 1748 ti.
578 1699 650 1748 cadet
666 1698 685 1748 b
703 1699 729 1747 et
747 1709 786 1760 pr.
805 1698 832 1747 S.
852 1725 880 1733 -
906 1695 948 1746 ta.
967 1697 1028 1760 Qut]
1053 1697 1121 1747 Dm
1137 1697 1192 1747 dno

166 1771 304 1822 Schmidii.
320 1799 346 1808 -
360 1771 395 1835 is]
414 1773 449 1821 ad
465 1783 533 1821 corr.
552 1783 582 1833 o,
601 1771 654 1822 duo
671 1770 800 1821 Schmidii
819 1773 846 1820 at
861 1771 937 1821 ths.
965 1771 1008 1832 (nt
1024 1784 1085 1832 nos,
1105 1770 1190 1835 osup,

165 1858 207 1910 pr.
220 1857 246 1908 c,
265 1847 370 1909 septem
387 1845 503 1896 Pcttr'erli
521 1847 548 1896 at
565 1845 657 1896 tertius
674 1844 821 1907 Schmidii.)
838 1871 865 1880 —
883 1845 964 1908 sonus
980 1844 1066 1894 «Libri
1077 1847 1191 1896 veterri-

164 1921 220 1970 mi»
238 1920 268 1969 rt.
281 1919 381 1970 Heinsii
398 1918 433 1968 ad
450 1919 533 1970 Ovidii
551 1921 619 1972 Fast.
639 1921 663 1981 t,
682 1921 723 1971 tl.

132 2067 216 2118 leina:
247 2068 334 2127 «Quas
358 2079 438 2117 aurea
463 2079 516 2118 non
542 2067 662 2119 offendet
698 2069 784 2119 artem
802 2068 886 2131 magis
904 2065 1016 2118 callente
1033 2068 1224 2120 mettan-

131 2141 258 2192 odiosum
276 2139 339 2190 illud
356 2135 591 2206 ὁμοιοτέλευτον,
614 2155 660 2192 oe·
698 2143 761 2194 dem
770 2144 857 2193 victus
865 2142 989 2194 concidit.
1019 2144 1224 2194 Lectionemco·

131 2222 228 2266 terem
245 2215 379 2276 acaria,
404 2221 508 2279 respuet
523 2216 657 2267 AETASis
697 2219 747 2278 dit,
774 2229 855 2280 qnam
877 2216 1008 2281 praebent
1027 2218 1104 2282 panci
1126 2217 1223 2270 nullius

130 2292 165 2340 at
181 2288 244 2339 vide
256 2291 286 2339 a.
300 2291 328 2340 Ρ.
341 2289 382 2340 99.
403 2291 459 2340 400.
475 2317 502 2328 -
521 2291 575 2354 Iste]
594 2291 658 2342 «iste
697 2293 861 2342 auctoritatis
878 2293 1005 2352 Codices,
1034 2295 1123 2344 tuetur
1146 2294 1222 2344 Hand

132 2367 209 2424 tuus,
232 2375 313 2426 quem
335 2365 364 2414 ιιι
381 2364 462 2414 modo
480 2365 658 2428 significasti.»
696 2367 773 2416 ans.
786 2367 817 2415 li.
827 2378 854 2429 p.
865 2365 909 2416 iit
917 2403 934 2427 .,
948 2368 977 2416 ut
988 2367 1047 2416 (tm
1059 2368 1143 2432 deltott
1154 2370 1220 2432 Epp.

132 2465 160 2474 -
180 2437 658 2501 nomer1«muatrer,itauthuius
696 2440 726 2500 ι,
747 2440 776 2500 2,
794 2438 836 2490 ii.
857 2465 885 2476 -·
903 2441 1113 2491 rationcruentis
1128 2441 1221 2503 ocem]

130 2511 220 2562 iudicii
239 2512 375 2562 neminem
392 2511 494 2576 pudere
512 2511 638 2564 debeat.»
697 2513 810 2563 «eodem
821 2512 917 2573 modo,
934 2525 988 2576 qno
1000 2517 1152 2566 necessario
1164 2527 1222 2565 cor-

162 2584 254 2638 tale.
280 2586 377 2636 conduc
393 2611 407 2623 -
419 2612 433 2622 -
450 2586 567 2652 equinae]
594 2587 659 2636 For·
695 2587 750 2637 ruit
766 2587 875 2637 tandem
886 2599 1014 2647 acervus,
1033 2589 1076 2637 cui
1094 2589 1219 2639 continno

130 2663 203 2711 usse
225 2659 419 2711 recordabatur
442 2662 519 2710 notae
543 2659 577 2711 de
595 2661 659 2710 ser·
696 2673 779 2711 unum
802 2673 914 2724 granum
936 2663 997 2724 post
1019 2659 1133 2712 aiterum
1154 2661 1221 2712 snb-

129 2735 199 2784 torio
235 2732 447 2784 narratiunculae
480 2733 553 2799 apud
589 2732 656 2783 Plut.
695 2735 839 2793 traxerim»
862 2747 924 2784 cnm
942 2734 1007 2783 scita
1023 2735 1120 2784 soritae
1138 2747 1159 2784 s.
1174 2749 1221 2784 or-

130 2807 254 2858 Sert.tii.
274 2806 453 2868 Vai.iiax.i,
473 2807 501 2870 3,
521 2809 544 2858 c.
576 2808 657 2858 Fron-
693 2809 887 2872 pumentcttonir
903 2808 1219 2871 ocemcttsoelcdebi-

130 2881 330 2944 un.t‚to,t.
357 2880 658 2943 sti‚7,ti.Coni.eo·
694 2881 872 2944 vinat.2,l,
903 2883 942 2931 tl.
982 2881 1218 2943 Academ.2,l6‚

128 2951 569 3026 pbismawatcnpdvliiubulidis
586 2954 657 3006 bisse-
693 2956 746 3020 te.)
764 2956 962 3020 significatione.
984 2985 1011 2993 -
1032 2958 1080 3019 (tat
1102 2956 1168 3006 redit
1191 2956 1219 3005 tn

128 3032 161 3082 sii
184 3031 268 3094 (Diog.
290 3031 375 3080 laert.
399 3031 428 3091 ι,
453 3030 530 3093 toa),
557 3031 656 3081 coritae
692 3030 778 3093 forms]
802 3031 867 3090 «Qui
889 3031 967 3083 unica
989 3031 1152 3093 antiquitatis
1172 3043 1219 3080 ra·

128 3104 230 3166 simile,
263 3117 318 3168 quo
351 3105 503 3168 quaesitum
533 3104 653 3166 videtur,
694 3105 794 3155 tionem
816 3104 889 3154 init.»
926 3107 998 3156 liaeo
1020 3104 1098 3156 lectio
1121 3102 1219 3155 melius

128 3182 196 3244 quot
206 3180 267 3243 qnia
277 3177 336 3242 pilis
349 3178 477 3243 deinceps
489 3178 594 3230 amissis
605 3177 656 3228 cal-
694 3191 775 3242 quam
793 3178 874 3229 altera
892 3180 926 3230 ud
941 3180 1019 3242 (ustos
1029 3179 1160 3243 significat
1173 3192 1219 3228 an-

126 3267 179 3304 vus
190 3252 366 3317 appellandus
377 3256 459 3304 esset.
471 3252 530 3303 Vid.
543 3255 571 3303 l..
585 3253 657 3304 Prei-
692 3254 820 3317 tiquartos
836 3255 902 3304 istos
918 3265 1033 3317 operose
1045 3265 1176 3316 quaerere
1191 3254 1218 3302 in

127 3327 167 3380 ier
184 3329 249 3378 iiist.
265 3327 355 3378 illitos.
369 3327 413 3378 Gr.
427 3330 497 3379 ilem.
511 3341 536 3392 p.
552 3329 608 3379 tra.
626 3353 652 3366 -
693 3327 767 3378 fastis
778 3327 1045 3390 aemdssingnlornm
1056 3327 1216 3389 scriptorum

127 3409 151 3454 ct
166 3403 236 3468 ιιοιιι]
254 3401 293 3453 ci.
308 3403 385 3453 iiand
401 3404 476 3454 Tuus.
495 3403 537 3454 ili.
555 3415 581 3467 p.
595 3403 652 3453 5⁴9.
693 3401 852 3452 testimonia.
890 3402 1032 3450 Praeterea
1056 3400 1140 3450 rodtrc
1161 3398 1218 3448 ud·

127 3480 155 3530 οι
164 3475 241 3538 cit..
260 3476 306 3526 ubi
321 3477 438 3527 nostram
450 3476 609 3541 comprobat
619 3477 656 3528 ie·
691 3474 821 3538 volgatius
834 3477 876 3524 est
887 3486 976 3537 neque
987 3471 1062 3523 facile
1072 3473 1216 3535 quisquam

127 3554 255 3603 ctionem.
286 3549 398 3600 Videtur
414 3552 549 3602 sermonis
566 3553 656 3614 quoti-
691 3551 718 3599 is
735 3550 920 3612 excogitasset.
947 3549 1035 3598 Fortes
1050 3545 1217 3597 autemdicit

127 3627 201 3678 diani
212 3625 308 3687 luisse,
321 3624 436 3688 ideoque
449 3627 536 3690 aptius
548 3628 589 3677 est
600 3628 655 3691 spi·
692 3637 801 3675 omnem
814 3626 968 3687 temporum
978 3623 1213 3686 computationem

127 3700 214 3753 stolae
226 3713 308 3763 qnam
318 3701 412 3760 tttderm
424 3701 501 3750 ciem
512 3713 544 3751 ex
556 3700 656 3764 glosse-
691 3699 730 3749 sic
751 3699 778 3747 in
799 3698 882 3747 Fastis
899 3695 1085 3748 consularibus
1107 3697 1217 3784 proprio

127 3777 201 3827 mate
217 3774 261 3826 vel
282 3774 432 3840 corruptela
450 3776 500 3826 est.
530 3776 654 3827 Horatius
692 3771 778 3833 dictis,
796 3773 818 3822 si
835 3770 941 3822 aliunde
954 3774 1097 3832 noverant,
1116 3771 1215 3835 quibus

127 3864 160 3902 ex
182 3851 236 3900 tota
254 3849 338 3900 cauda
357 3850 454 3913 equina
471 3848 577 3901 dnobus
595 3849 653 3914 pilis
692 3844 847 3898 consulibus
871 3847 986 3910 scriptor
1012 3845 1108 3910 aliquis
1131 3846 1216 3896 tioru-

127 3922 226 3976 evolsis
240 3935 411 3994 ,sermonem
446 3921 591 3986 abscindit,
627 3923 654 3974 id
692 3923 761 3981 erat,
792 3917 897 3970 illorum
926 3920 1034 3970 nomina
1058 3921 1215 3984 quaerendo

127 3998 201 4062 qnod
219 4011 284 4049 sane
304 3996 354 4048 alio
372 3997 456 4048 verbo
474 4009 555 4061 quam
578 3999 655 4048 ettam
692 3996 828 4061 scriptoris
846 3997 961 4046 aetatm
985 3995 1142 4058 investigare
1165 4009 1215 4059 po-

129 4071 292 4124 indicaratnr
313 4084 425 4123 necesse
449 4071 506 4122 luit.
529 4099 556 4108 -
580 4073 656 4122 cadat
693 4072 789 4123 terant.
811 4097 837 4106 -
854 4069 980 4132 cancor]
998 4072 1152 4134 «poetarum
1173 4070 1215 4128 in-

128 4149 218 4211 mmo]
241 4149 271 4196 ut
292 4146 422 4210 gladiator
443 4145 477 4196 ab
500 4149 656 4200 adversario
694 4147 802 4212 genium
833 4149 860 4194 ct
887 4149 999 4197 artam.»
1035 4172 1062 4181 -
1097 4143 1215 4207 biettine]
