2925 4892
252 332 313 397 ,122
632 336 761 385 aonam
778 336 958 387 sirmiam

293 489 341 556 ad
363 490 450 575 porri
473 498 507 555 et
527 489 642 555 ciceris
664 490 771 555 refero
794 488 965 576 laganique
989 488 1146 567 catinum3
1280 490 1340 555 lla

295 610 404 676 Coena
426 609 623 675 ministratur
644 610 755 694 pueris
778 610 892 686 tribus,
917 620 949 675 et
971 608 1053 695 lapis
1075 608 1167 675 albus

294 728 414 796 Pocula
435 751 510 796 cum
533 728 651 817 cyatho
673 729 740 795 duo
763 730 914 807 sustinet;
938 729 1044 795 adstat
1067 728 1200 795 echinus

295 849 386 926 Vilis,
411 870 485 917 cum
506 859 619 935 patera
641 859 764 937 guttas,
790 851 954 936 Campana
976 848 1131 936 supellex.

317 1020 373 1068 tlt.
387 1020 535 1081 maiorique
546 1033 579 1068 cx
588 1018 653 1069 cod.
664 1020 771 1070 Fames.
782 1020 811 1069 L.
825 1044 851 1054 -
864 1020 920 1069 lli.
932 1018 1016 1069 echino
1026 1018 1110 1069 Codd.
1121 1018 1193 1084 apud
1202 1020 1306 1077 lamb„

285 1094 396 1143 Gesner.
416 1094 522 1155 (tltnos,
533 1092 632 1157 bScdp;
643 1094 751 1154 celsinias,
766 1094 987 1156 Vilismaopatera
999 1098 1084 1159 prium
1093 1093 1230 1157 distinguit
1238 1094 1309 1157 Fae.)

252 1209 369 1274 κύκλοις
380 1206 562 1281 ἀγειρόντων,
575 1212 605 1261 οἳ
614 1209 696 1262 δυοῖν
708 1206 778 1272 ὀβο-
815 1226 880 1263 vasa
897 1225 1006 1277 semper
1022 1214 1095 1276 paria
1106 1217 1180 1274 sunt,
1199 1213 1271 1264 unde
1283 1214 1340 1277 ipse

252 1286 315 1336 λοῖν
336 1282 376 1353 τῷ
400 1282 593 1355 προστυχόντι
615 1279 778 1337 asciscat·
816 1288 909 1337 Cicero
927 1288 1004 1336 dixit:
1023 1288 1172 1349 ampliatam
1184 1290 1342 1349 pariacom·

252 1364 360 1422 ζονσιν.
811 1362 899 1423 plara.
936 1362 1019 1423 (Verr.
1038 1362 1063 1422 b,
1083 1362 1123 1423 lt),
1142 1360 1208 1422 lile
1241 1363 1344 1412 Aenos-

286 1446 342 1493 tlt.
356 1444 412 1493 tlt.
431 1441 618 1505 Adpomicetd
631 1442 716 1503 idest,
728 1442 778 1491 aad
816 1448 870 1485 rius
886 1448 913 1499 p.
926 1435 1000 1485 2267.
1020 1437 1047 1485 P.
1067 1436 1124 1485 Duo
1140 1434 1182 1485 vel
1200 1436 1235 1486 ad
1251 1436 1343 1485 viuum

253 1532 365 1569 coenam
377 1516 608 1580 frugalissimum.»
632 1518 714 1566 Nimis
725 1515 779 1565 iru-
816 1512 843 1558 el
867 1508 902 1559 td
927 1522 1025 1573 uquam
1048 1522 1144 1572 puram
1164 1507 1207 1558 vel
1230 1509 1265 1559 ad
1282 1510 1341 1559 vina

252 1591 340 1655 galam
356 1592 598 1642 tamenlloratium
612 1590 675 1641 lecit
690 1590 778 1641 bonus
816 1585 917 1633 Graeca
943 1586 970 1632 el
995 1582 1098 1643 llillfflt
1128 1596 1190 1633 ssim
1215 1596 1278 1633 cum
1301 1583 1342 1633 his

252 1665 296 1717 ille
327 1667 438 1717 Ouwens
466 1667 541 1716 Noct.
569 1667 633 1727 llag.
660 1678 686 1728 p.
713 1664 776 1713 368:
816 1668 924 1719 quoque
945 1668 1030 1706 coena
1053 1655 1160 1719 frugalis
1182 1670 1242 1707 csse
1265 1660 1342 1721 pots-

253 1742 336 1791 oliicit
353 1739 471 1804 quotidie
493 1740 545 1790 sibi
567 1741 666 1803 apponi
687 1738 778 1787 cibum
815 1734 864 1781 rat.
886 1758 913 1767 -
933 1730 1045 1794 cpolim]
1068 1730 1102 1780 ad
1124 1732 1215 1781 vinum
1233 1744 1265 1780 ex
1283 1744 1343 1781 cra-

252 1813 369 1877 aliquem
380 1814 459 1865 vilem
471 1828 503 1865 ac
514 1812 677 1878 parabilem,
695 1814 725 1862 nt
736 1810 778 1861 vel
817 1808 874 1854 lere
896 1803 1082 1855 bandendnm.
1104 1832 1131 1842 -
1150 1805 1257 1869 attam]
1282 1805 1343 1855 Ple-

252 1901 364 1951 porrum
374 1887 417 1939 vel
428 1890 500 1938 cicer
509 1888 552 1938 vel
567 1887 706 1949 laganum,
725 1898 778 1935 non
816 1880 892 1941 rique
905 1878 1037 1941 explicant
1047 1892 1095 1930 vus
1107 1892 1232 1941 aereum,
1250 1881 1277 1929 lli
1289 1894 1343 1943 quo

253 1962 320 2011 haec
340 1963 390 2011 tria
410 1960 488 2012 simul
511 1961 779 2024 quotidianamcoe-
816 1952 913 2003 calices
930 1952 1065 2013 lavantur,
1090 1954 1264 2017 Spiilaaps;
1291 1956 1343 2005 Fca

254 2048 317 2085 nam
335 2048 421 2085 esse.»
436 2062 464 2070 —
477 2034 573 2097 lapsos]
587 2034 707 2096 «lagana
720 2028 780 2095 (ta-
815 2026 870 2077 volt
895 2040 955 2077 asse
981 2026 1094 2078 salinum
1121 2026 1216 2077 collato
1237 2032 1343 2079 Acrone

253 2108 339 2175 γανα)
365 2110 427 2159 sunt
451 2106 618 2172 placentulas
644 2106 778 2171 quaedam
816 2101 851 2152 ad
867 2101 916 2151 dd.
935 2103 965 2163 2,
987 2102 1016 2161 7,
1042 2100 1083 2151 23.
1115 2102 1259 2152 chhinum
1280 2102 1345 2153 dixit

252 2182 374 2245 volgares
392 2184 469 2245 quasi
485 2180 688 2232 membranulae
706 2194 780 2231 com·
816 2175 939 2227 vassalis
956 2178 983 2226 in
1000 2175 1111 2227 modum
1129 2176 1216 2227 echini
1235 2178 1340 2237 marini;

252 2256 371 2320 positae,
390 2268 533 2317 quaecum
550 2256 642 2318 pipere
654 2257 682 2305 ct
692 2253 779 2317 liqua—
816 2250 858 2301 alii
875 2250 1020 2315 ampullam
1036 2253 1160 2313 vitream,
1180 2251 1222 2302 alii
1239 2251 1342 2315 lignum

253 2329 325 2379 mine
355 2329 478 2379 conditae
509 2329 632 2394 depromi
657 2326 779 2378 solebant
816 2324 908 2375 dicunt
932 2338 993 2375 cum
1019 2326 1135 2386 uncinis,
1163 2326 1190 2375 in
1217 2340 1270 2389 quo
1291 2340 1344 2390 po-

253 2402 289 2452 ad
306 2416 419 2454 coenam
435 2402 603 2453 moderatam
620 2405 649 2453 et
670 2400 779 2467 parabi·
816 2402 915 2451 nuntur
927 2398 1036 2460 calices,
1056 2399 1098 2450 alii
1110 2399 1255 2465 ampullam
1267 2414 1344 2451 scor-

256 2475 336 2526 lem.»
370 2478 453 2527 Cous.
479 2478 523 2527 Cn.
560 2476 670 2537 Piimm,
688 2477 781 2539 Hana-
817 2477 889 2525 taam
901 2476 973 2524 iuxta
984 2472 1047 2524 illud
1059 2473 1162 2524 Lucilii:
1177 2476 1276 2525 calinas
1287 2476 1345 2525 Cia-

252 2552 354 2601 lmcben.
389 2551 453 2601 lllire
471 2550 544 2601 idem
561 2550 603 2601 ille
620 2552 732 2601 Ouwens
751 2564 777 2614 p.
816 2550 910 2599 matari
925 2548 1055 2611 insectus.»
1081 2549 1166 2598 Coun.
1186 2550 1231 2598 Cn.
1249 2547 1344 2600 blelius

252 2626 310 2678 loa.
330 2639 393 2677 cum
409 2625 538 2675 lambino
554 2623 726 2689 praelerebat
742 2626 780 2673 ta
818 2634 882 2673 sane
899 2622 1032 2674 ἐπίθετον
1041 2622 1099 2671 cilis
1111 2621 1233 2672 tribuitur
1243 2623 1343 2682 actiae,

253 2700 341 2760 cimai,
361 2698 454 2761 oleris,
475 2698 564 2763 «quod
580 2698 674 2762 lagana
691 2700 718 2749 in
734 2712 779 2749 ca-
817 2711 881 2748 cum
901 2702 986 2761 potiris
1002 2709 1058 2745 rma
1070 2700 1165 2758 patera
1188 2697 1252 2747 salis
1275 2696 1345 2747 deli-

253 2776 308 2825 tino
333 2776 432 2839 apponi
456 2788 509 2824 non
536 2774 720 2824 consuerint.»
750 2800 777 2809 -
818 2773 924 2823 alantur
939 2785 983 2819 vv.
1002 2772 1134 2832 Catapotia
1150 2771 1291 2832 mppeilca,
1317 2772 1344 2821 id

249 2850 337 2912 pueris
358 2849 445 2910 triam]
469 2849 537 2898 Cum
561 2850 600 2897 tot
616 2860 709 2897 servos
726 2847 780 2897 mi·
818 2849 870 2907 est,
895 2844 981 2897 fictilis
1003 2858 1034 2895 ac
1055 2844 1114 2895 vilis
1136 2846 1224 2910 pretii.
1243 2846 1296 2895 Sat.
1310 2848 1341 2905 i,

254 2925 381 2973 nistrasse
404 2922 512 2972 lloratio
529 2919 685 2971 incredibile
702 2920 779 2971 vide·
817 2921 845 2981 ³,
865 2919 925 2971 til:
945 2919 1196 2981 ammana-mato.
1216 2920 1344 2971 Ceterum

254 2999 328 3046 retur
349 2994 513 3045 scholasticis
535 2994 711 3054 nostratibus,
739 2998 780 3043 ta·
816 2996 862 3059 qui
873 2994 963 3045 lavent
973 2992 1079 3043 lectioni
1091 2994 1191 3053 actiae,
1210 2992 1345 3058 appellant

253 3067 308 3119 lem
324 3067 415 3118 luxum
435 3080 500 3117 sane
520 3067 713 3129 ignorantibus,
737 3068 780 3117 iu·
816 3068 1005 3133 Porphyrionis
1021 3066 1113 3130 gloss:
1134 3070 1259 3119 «Praeter
1270 3069 1345 3118 achi-

254 3142 378 3193 cidemnt
393 3142 420 3191 in
437 3142 604 3191 coniecturas
621 3142 702 3191 etiam
719 3154 780 3193 me·
817 3157 913 3195 num.»
933 3171 960 3179 -
979 3156 1036 3192 cam
1056 3148 1149 3204 patero
1168 3148 1253 3207 psallas
1278 3144 1343 3207 cet]

255 3218 297 3265 tro
324 3216 472 3265 contrarias
495 3228 580 3277 ponc
606 3216 700 3277 capre,
727 3228 780 3277 pu·
818 3220 962 3281 Utrumque
979 3218 1014 3267 ad
1031 3216 1172 3268 libationes
1196 3216 1343 3267 iaciendas.

203 3351 205 3354 Ι
253 3303 299 3339 ην
314 3291 399 3352 tripes.
428 3290 480 3339 Sed
499 3289 592 3353 quidni
614 3292 669 3340 tres
686 3303 779 3341 servos
818 3294 962 3354 vaiama
972 3292 1080 3351 minat,
1093 3292 1346 3355 atmiaatatimfan-

254 3363 378 3414 habuerit
399 3366 426 3415 in
448 3363 546 3415 familia
568 3363 670 3413 urbana
693 3364 779 3414 liora-
816 3368 913 3429 wart,
940 3380 958 3415 a
982 3366 1059 3430 psttlis
1082 3371 1204 3429 puttam
1227 3365 1347 3429 (Kanna

254 3440 321 3499 iius,
352 3441 394 3489 cni
420 3440 480 3489 octo
507 3438 636 3489 Sabinum
662 3451 707 3488 rus
732 3451 780 3487 co-
815 3440 897 3501 Voss,
916 3442 991 3491 Gaas
1009 3439 1155 3501 llirchner.)
1171 3440 1346 3502 appellasses:

253 3512 361 3564 labanti
389 3516 442 3564 Sat.
461 3515 492 3574 2,
519 3515 546 3573 7,
575 3513 632 3563 its,
661 3537 687 3548 -
715 3513 780 3575 lapis
816 3516 860 3574 qai
876 3513 1005 3563 sonabam
1021 3514 1178 3575 minutatim,
1197 3516 1347 3564 dumwallo

253 3587 337 3650 abas]
367 3590 480 3637 «Mensa
505 3600 670 3645 marmorea,
697 3599 779 3650 qnam
815 3588 979 3650 simpulum
994 3589 1166 3639 nominarunt.
1198 3589 1228 3639 la
1243 3590 1348 3640 huiusce

253 3663 350 3710 vocant
374 3658 556 3723 Delphicam.»
588 3664 651 3709 Aca,
678 3659 779 3709 Proba·
815 3662 897 3711 tecam
913 3663 940 3711 ia
957 3663 1075 3713 coemistis
1092 3676 1106 3713 c
1122 3664 1231 3713 Graecia
1246 3676 1347 3713 succes-

254 3732 333 3783 bllius
365 3735 417 3782 Fea
450 3732 566 3796 explicat
599 3731 779 3799 «ἐγγυθήκην
815 3736 1062 3797 sitepictpsisat
1084 3738 1231 3798 epatius,¹
1256 3738 1347 3787 iaaa-

256 3808 401 3869 (Atbeub,
419 3807 480 3871 lb),
499 3822 524 3858 v.
543 3822 558 3857 a
576 3809 780 3859 Latiniscorru-
816 3809 917 3872 cristata
944 3810 1064 3859 remansit
1089 3815 1200 3873 patius
1225 3816 1248 3861 cl
1272 3812 1346 3861 siai-

254 3885 331 3945 ptum
356 3883 383 3931 in
408 3883 542 3946 iacitcpam
565 3883 684 3946 (Festus),
709 3882 780 3933 basia
814 3883 928 3945 palam.
964 3884 1048 3933 Varro
1066 3886 1093 3933 L.
1114 3886 1142 3933 L.
1161 3886 1190 3944 a,
1211 3884 1267 3934 tal.

253 3968 373 4005 νττοτικκ
386 3956 588 4006 collocandam
603 3970 683 4007 coma
694 3971 779 4019 para-
851 3957 906 4006 lad.
926 3958 982 4007 lit.
1011 3958 1125 4019 Marma]
1146 3958 1265 4019 «Marsya
1287 3960 1347 4007 sta-

256 4035 322 4088 tam,
344 4032 375 4079 ut
390 4031 427 4079 ait
442 4028 580 4080 lavolenus
597 4032 624 4080 in
640 4030 656 4081 l.
677 4032 733 4080 loo.
754 4032 777 4095 ἓ.
817 4036 860 4082 tua
873 4034 931 4081 erat
947 4044 996 4094 pro
1015 4032 1129 4089 Rostris,
1148 4032 1182 4082 ad
1199 4044 1281 4095 quam
1298 4045 1348 4082 so-

256 4104 280 4153 3.
300 4103 327 4153 li.
346 4103 381 4153 de
401 4105 489 4166 Legat.
508 4104 549 4153 3.»
816 4104 908 4156 lebant
924 4107 1066 4157 convenire
1085 4106 1227 4167 causidici,
1246 4106 1291 4169 qui
1312 4103 1349 4154 li-

289 4179 344 4227 tta.
358 4179 414 4229 ll8.
429 4178 622 4239 Pecalaudao]
636 4179 778 4245 «Delphica
818 4185 857 4233 tes
876 4184 902 4232 et
926 4182 1029 4245 negotia
1053 4180 1203 4231 tractabant
1220 4182 1247 4229 ct
1267 4192 1348 4230 com-
