2925 4892
482 368 541 419 un
560 367 580 418 1.
616 368 712 421 einer⁴
740 372 804 421 nv.
1126 373 1189 439 sta

137 523 216 588 Cum
240 521 345 586 servis
368 520 492 587 urbana
513 522 616 589 diaria
638 525 757 591 rodere
778 528 896 606 mavis3
1145 534 1187 597 id

139 644 261 709 Horum
283 652 316 708 tu
340 642 372 707 in
395 664 565 709 numerum
586 654 661 711 voto
685 648 762 712 ruis.
807 648 931 716 Invidet
952 672 1047 717 usum

136 763 311 850 Lignorum
334 772 366 828 et
388 765 516 850 pecoris
539 764 594 830 tibi
618 765 689 832 calo
712 777 845 855 argutus
868 780 900 835 et
920 770 1014 836 horti.

137 885 237 971 Optat
258 882 412 971 ephippia
434 883 511 960 bos,
535 886 628 973 piger
649 898 738 975 optat
758 910 852 956 arare
873 891 1033 972 caballum

136 1006 243 1083 Quam
265 1004 503 1091 senatorque,
527 1004 646 1083 iibens,
670 1008 828 1084 censebo,
852 1022 1003 1078 exerceat
1023 1024 1134 1081 artem.

159 1208 203 1259 to.
222 1211 300 1257 servis
316 1214 344 1257 to
359 1210 460 1258 aeteae
476 1208 611 1261 Beatietus
628 1213 832 1263 coniectura·
852 1215 893 1266 to.
912 1216 952 1268 tt.
972 1219 1058 1269 tton-
1069 1236 1152 1274 -ma-

126 1282 185 1332 ets?
202 1284 299 1333 flamm
309 1309 323 1318 -
334 1307 349 1318 -
359 1282 432 1332 nto?
450 1285 574 1347 Doering.
593 1309 620 1323 -·
634 1286 675 1337 43.
689 1286 744 1348 bos,
758 1289 834 1353 piper
844 1296 914 1353 optat
925 1293 1058 1346 Bentleius
1069 1300 1097 1346 et
1113 1300 1150 1349 nt:

127 1357 170 1407 toa
182 1358 272 1421 piper,
290 1360 362 1419 optat
378 1357 480 1409 tetro.

97 1556 144 1607 per
160 1542 280 1606 singulos
297 1542 355 1593 dies
373 1544 457 1595 sertis
469 1543 623 1607 admetttur,
661 1545 696 1595 ad
708 1546 782 1610 quod
793 1549 934 1603 conterunt
946 1554 1020 1605 ovid.
1032 1558 1091 1609 Am.
1106 1560 1131 1621 t,
1145 1560 1185 1623 43,

96 1620 374 1684 additispierumque,
391 1623 535 1686 mopiam,
549 1634 625 1673 men·
662 1620 708 1669 ⁴6:
741 1623 829 1673 Pra'm
850 1638 927 1676 vocas
949 1631 1037 1679 tardos
1056 1632 1101 1681 aab
1124 1635 1188 1698 iupa

96 1708 140 1745 sae
164 1694 255 1745 herilis
277 1692 404 1757 reliquiis.
435 1694 557 1759 (Martini.
581 1698 622 1757 tt,
657 1696 748 1757 pando
771 1696 851 1748 ome.
888 1700 1008 1753 somnes
1025 1704 1144 1757 nituntur
1160 1709 1187 1759 in

98 1768 156 1817 toa:
170 1768 361 1831 pueri-diaria
372 1770 499 1834 posunt.)
518 1771 623 1833 ingrata
662 1770 787 1832 vetitum,
812 1776 918 1837 optant,
937 1776 1074 1839 quaesibi
1091 1785 1187 1845 negata

96 1844 184 1892 autem
209 1844 249 1893 est
277 1840 429 1893 Bentleiana
458 1842 500 1893 illa
527 1836 624 1907 ἔμφα-
661 1844 730 1893 sunt.
755 1845 797 1894 Sic
813 1844 864 1897 bos
881 1860 988 1911 quoque
1005 1854 1123 1902 aruinam
1135 1856 1188 1905 mi-

96 1930 141 1978 σις
153 1916 216 1966 Com
233 1917 310 1965 servis
326 1922 354 1965 tu
369 1917 485 1979 urbane,
504 1931 624 1980 sequen·
661 1928 722 1965 sere
741 1918 852 1969 trahens
863 1920 908 1971 ubi
920 1920 1053 1976 caballum
1065 1925 1189 1981 celeriter

96 1990 166 2039 tibus
183 2004 226 2039 vv.
240 1990 373 2039 Hmumtu
384 1992 411 2039 in
422 2004 559 2043 numerem
570 1995 621 2042 cet.
661 1992 688 2039 et
714 1992 837 2055 expedite
863 2000 1015 2047 currentem
1039 2004 1186 2066 conspexit,

98 2092 125 2100 -
142 2063 241 2128 rodere]
266 2064 300 2114 de
317 2063 400 2126 duro,
427 2067 514 2127 tenui,
542 2080 623 2131 pareo
661 2066 789 2125 quoniam
815 2069 888 2131 quod
905 2082 935 2120 se
953 2073 1053 2123 cruciat
1068 2080 1187 2129 aratrum

93 2150 236 2189 servorum
249 2138 413 2189 urbanorum
425 2141 504 2189 victu.
518 2140 557 2190 Ci.
569 2142 622 2191 Sat.
661 2139 754 2200 sentit,
773 2139 885 2193 calcaria
897 2144 994 2207 quibus
1009 2146 1052 2198 iile
1063 2153 1188 2215 pangitur

97 2215 120 2271 t,
134 2214 160 2274 5,
174 2213 217 2263 68.
231 2238 259 2251 -·
270 2213 398 2277 cateruis]
419 2214 491 2264 atioc
508 2217 537 2264 tu
549 2226 624 2266 sum·
661 2224 713 2261 non
739 2214 827 2276 videt,
863 2230 934 2280 aquo
959 2219 1082 2273 felicioris
1108 2228 1187 2279 sortis

96 2299 208 2350 mopere
230 2288 322 2349 optas,
348 2290 377 2337 ut
399 2301 493 2339 rursus
511 2288 624 2339 familiae
661 2289 782 2351 speciem
799 2291 907 2342 invidet.
943 2295 1041 2345 Contra
1057 2298 1185 2362 caballus,

96 2359 216 2411 urbanae
243 2362 412 2423 aggregeris:
446 2364 538 2412 contra
567 2362 624 2413 calo
662 2362 708 2424 qui
724 2362 873 2416 calcaribus
890 2368 1033 2420 crudeliter
1056 2370 1189 2426 laceratus

98 2435 200 2495 (servus
219 2448 252 2483 ex
270 2434 366 2485 familia
384 2434 500 2496 urbana,
526 2434 625 2485 viliori-
662 2437 689 2483 et
706 2437 805 2489 invitus
821 2450 904 2503 saepe
922 2455 1032 2495 cursum
1050 2450 1186 2512 properat,

97 2508 147 2558 bus
164 2508 374 2573 durioribusque
389 2510 624 2561 ministeriisame
661 2521 725 2558 oum
750 2508 849 2560 bovem
873 2510 944 2564 iente
971 2518 998 2565 et
1019 2520 1109 2579 quiete
1126 2534 1189 2571 ara·
1232 2545 1235 2549 ·

98 2582 271 2645 destinatus),
289 2582 371 2633 homo
388 2596 453 2634 sane
471 2583 581 2637 callidus
593 2598 625 2635 ac
663 2584 734 2632 trum
745 2584 897 2635 trahentem
907 2587 980 2649 vidit,
996 2589 1075 2641 huius
1086 2596 1188 2645 sortem

97 2655 171 2706 vater
197 2658 237 2719 (ut
257 2654 308 2705 sihi
330 2658 403 2708 certe
422 2657 538 2721 videtur,
562 2672 625 2710 eum
662 2667 744 2705 11111111
760 2670 822 2707 ⁰⁸⁸0
833 2658 955 2721 1111111111,
971 2675 1049 2713 suam
1061 2665 1189 2719 miseram

97 2736 140 2780 me
157 2730 257 2780 henam
274 2730 408 2782 interdum
426 2732 523 2797 decipit
540 2736 568 2784 et
580 2734 625 2785 de-
662 2730 796 2792 querstun
821 2745 854 2781 no
876 2732 919 2783 illo
936 2735 1044 2787 stultitia
1062 2751 1189 2792 occaeca-

98 2804 226 2866 tranunt),
246 2802 362 2855 liberum
380 2804 427 2856 tibi
442 2818 522 2857 usum
533 2820 625 2857 rerum
662 2804 705 2853 tus
723 2816 777 2853 non
792 2804 859 2855 vidit
873 2805 1001 2859 baculum
1015 2814 1127 2864 aratoris
1143 2828 1190 2866 ne-

97 2878 131 2929 ad
148 2880 250 2928 victum
267 2881 481 2931 necessariarum
499 2881 624 2931 invidet.»
661 2889 715 2938 que
744 2880 828 2929 sensit
860 2882 1018 2943 gravinum
1049 2884 1189 2948 glebarum

99 2978 126 2990 -
146 2952 243 3003 Invidet
260 2953 321 3015 eet]
351 2955 431 3015 Nem,
449 2956 479 3004 ut
496 2954 533 3004 ait
549 2958 626 3007 Pom·
661 2955 708 3002 aut
723 2954 1100 3018 impeditaminsuleisviam.
1126 2964 1188 3015 Uter

97 3028 192 3091 pontus
219 3027 246 3077 in
268 3026 404 3090 Ergastulo
422 3028 494 3093 apud
511 3031 577 3080 Nou.
596 3043 623 3094 p,
661 3024 741 3088 igitur
766 3028 842 3091 piger
867 3032 924 3092 est,
953 3030 1004 3081 hoe
1027 3046 1062 3084 an
1079 3038 1188 3099 equus?

99 3100 162 3152 tot:
191 3102 276 3164 tenue
297 3101 329 3151 ct
354 3100 416 3153 erbe
435 3104 549 3164 vilicare
576 3118 625 3167 qno
662 3102 715 3151 Nisi
749 3100 824 3154 fallor
851 3108 974 3168 uterum.
1020 3108 1188 3174 Quapropter

98 3187 154 3225 erae
179 3179 299 3225 rarenter
319 3177 398 3237 vead,
424 3177 481 3227 Non
506 3178 623 3239 odmen,
662 3186 725 3224 oum
741 3174 811 3226 hove
828 3176 892 3227 illud
904 3180 1041 3243 epitheton
1053 3183 1190 3235 coniunxit

98 3250 138 3299 aad
153 3250 284 3301 domim
301 3255 336 3299 est
351 3264 409 3300 meo
425 3252 553 3301 sedentia.
574 3254 626 3303 Ca·
662 3250 787 3302 Horatius
803 3252 937 3304 vicinitate
955 3252 1018 3315 ioci,
1037 3268 1100 3307 eam
1118 3270 1188 3321 equo

99 3320 149 3373 loni
166 3336 232 3373 vero
250 3324 338 3373 omnia
358 3322 503 3375 admetitur
519 3324 627 3391 dispen-
663 3325 690 3373 et
706 3326 866 3375 necessitate
885 3329 1033 3377 sententiae
1045 3331 1188 3383 etviueuio

99 3399 168 3447 sutor
180 3398 209 3447 et
221 3410 307 3461 usqua
319 3398 354 3448 ad
365 3399 471 3450 unciam
482 3398 622 3464 ponderat.
662 3410 809 3460 caesurae,
845 3412 914 3464 quae
949 3403 1056 3451 tertium
1088 3403 1188 3467 pedem

101 3497 127 3506 -
148 3471 259 3535 marta]
290 3470 362 3534 aiae,
391 3485 516 3536 caseum,
544 3475 624 3525 etiam
663 3472 785 3521 dividit.»
821 3474 1013 3523 [iuuentutem
1041 3475 1068 3524 in
1094 3477 1185 3539 Progr.

100 3556 209 3595 caraem
226 3546 351 3608 agninam
368 3547 396 3596 et
411 3546 555 3598 haedinam
572 3552 623 3599 cet.
661 3546 784 3610 aquisgr.
809 3545 881 3597 tata.
908 3561 935 3612 p.
955 3548 996 3598 tt.
1024 3549 1062 3599 Ci.
1089 3548 1189 3603 Herbst
1293 3551 1297 3557 “

101 3618 144 3669 tibi
160 3618 352 3685 praebentis;»
377 3619 577 3683 adsumam,
595 3624 626 3672 ut
661 3620 737 3671 teu.
759 3620 847 3669 Venus.
860 3622 880 3669 1.
893 3634 920 3685 p.
935 3621 975 3672 ta.
996 3649 1023 3657 —
1043 3624 1126 3685 msam
1142 3628 1189 3677 soit

100 3694 140 3743 est
164 3694 192 3743 in
221 3692 379 3758 proverbio,
415 3694 491 3757 Optat
518 3698 569 3746 cet.
595 3722 623 3732 -
662 3694 725 3757 cet]
743 3694 773 3744 in
788 3694 962 3759 proverbium
979 3697 1120 3749 transierat
1131 3702 1187 3751 Art-

100 3768 223 3833 apta'pptu]
235 3766 373 3829 ἐφίππιον
382 3766 517 3839 omnipo,
534 3768 626 3819 Scio-
661 3768 800 3831 stephanis
822 3767 902 3832 Vesp.
919 3768 998 3821 rtet:
1020 3764 1120 3842 ''Epdot
1143 3787 1187 3837 τις

100 3839 226 3898 brocke;
245 3842 377 3905 -tegimeu
389 3843 452 3907 equi
469 3842 504 3892 ad
515 3842 624 3893 mollem
661 3836 698 3906 ἢν
724 3834 848 3904 ἕκαστος
872 3841 960 3909 εἰδείη
985 3845 1099 3911 τέχνην.
1130 3847 1185 3897 Cic.

99 3916 509 3980 vecturamparatum.»Non1us.
525 3944 551 3953 -
563 3918 625 3967 Am·
661 3916 738 3967 Tuse.
752 3918 776 3978 t,
791 3918 831 3978 ⁴8,
843 3916 890 3968 tt:
908 3919 974 3969 Bene
989 3921 1056 3969 enen
1071 3921 1114 3971 itio
1126 3934 1189 3984 pro·

100 3984 204 4049 bisunt,
231 3990 323 4039 utrum
348 3988 565 4052 distinguendum
591 3990 625 4040 sit
659 3990 1087 4057 aeuomaoemmpraoupour:
1105 3997 1189 4058 Οκαη

102 4072 162 4111 cum
186 4060 320 4123 fleotimo,
346 4076 428 4127 quem
450 4078 499 4115 nos
516 4076 624 4128 quoque
661 4064 764 4126 quoque
778 4066 848 4114 norit
863 4071 957 4128 mum,
975 4068 1003 4117 io
1017 4068 1065 4117 teo
1075 4082 1101 4119 aa
1111 4082 1188 4119 coer·

101 4136 184 4185 secuti
201 4148 308 4198 sumus,
327 4150 360 4187 au
373 4138 429 4189 sie:
449 4139 524 4201 Optat
540 4138 624 4201 epttp·
659 4142 756 4189 eeot.—
774 4139 882 4205 coneto]
900 4142 1005 4191 Domini
1022 4144 1065 4193 est
1080 4144 1188 4193 muten-

100 4208 144 4267 pio
159 4206 201 4259 bos
213 4210 303 4273 piper,
321 4216 391 4273 optat
407 4225 486 4263 orme
501 4212 622 4274 estates,
661 4214 708 4275 tia,
727 4224 796 4276 quae
814 4213 910 4265 eedem
922 4227 1032 4280 semper
1042 4218 1093 4267 erit
1105 4214 1186 4279 (uude

185 4300 276 4347 floran.
291 4312 347 4348 von.
362 4302 391 4348 ll.
420 4314 461 4348 en.
477 4302 580 4349 n1.111.
991 4305 1019 4351 ³³
