2925 4892
490 364 549 415 ara.
569 364 599 413 u.
635 364 702 415 sir.
721 364 786 415 vm.
1124 364 1181 430 35¹

144 520 329 591 Perveilunt
349 518 566 595 stomachum,
590 518 687 596 siser,
711 518 806 595 allec,
830 518 955 587 faecula
976 523 1051 588 Coa.

144 646 199 711 His
220 643 278 710 ubi
301 642 437 710 sublatis
458 661 541 729 puer
561 639 624 706 alte
646 641 769 707 cinctus
791 660 941 709 acernam
1145 646 1186 710 tu

145 766 296 851 Gausapa
317 782 484 851 purpureo
505 782 651 829 mensam
672 762 837 849 pertersit,
861 774 895 830 et
915 762 996 831 aiter

144 886 291 973 Sublegit
312 884 531 973 quodcunque
553 884 673 951 iaceret
696 883 806 951 inutile
828 884 984 973 quodque

166 1122 190 1172 a.
210 1122 334 1180 hallece,
358 1120 428 1169 inec
445 1119 471 1169 F.
491 1118 605 1181 (Habent
621 1118 682 1167 attae
699 1116 794 1181 bSEp.)
815 1145 842 1154 -
862 1118 902 1167 40.
920 1118 971 1184 ebt]
993 1126 1022 1169 et
1037 1121 1067 1181 E,
1086 1122 1152 1172 Cod.

135 1198 247 1261 Franeq.
268 1199 295 1246 et
312 1194 354 1245 aiii
372 1196 448 1245 Fene.
468 1194 577 1256 Recepit
594 1192 810 1255 Cuniaghamius.

103 1406 234 1469 pangunt.
254 1401 409 1451 suscitent.»
427 1400 488 1449 Aca.
510 1426 537 1434 -
555 1397 626 1462 Reor]
663 1410 735 1446 τατα
768 1399 817 1448 καὶ
850 1401 1109 1470 septenniumve,
1146 1402 1187 1471 ὦς

29 1488 38 1511 ·
103 1477 273 1541 Rapunzet.
301 1472 513 1531 minumae,
533 1472 576 1521 tr:
594 1472 628 1520 si-
663 1465 811 1537 ἀφιγμένα
835 1468 891 1534 οὐχ
916 1470 1074 1545 ὑπηρεσίας
1101 1474 1186 1533 ἕνεκα

102 1566 140 1601 aar
150 1580 165 1591 -
175 1580 190 1591 -
202 1548 478 1607 mmmmm,
495 1546 627 1608 fastidium
662 1544 788 1611 μᾶλλον,
810 1542 832 1612 ἢ
848 1548 900 1599 τοῦ
916 1553 1045 1611 φανέντα
1060 1550 1114 1619 τὴν
1129 1555 1187 1607 τῶν

103 1626 236 1689 rumpet,
256 1638 290 1673 ear
305 1628 374 1673 αονιο
391 1622 627 1684 tawrpttintouua·
663 1622 817 1687 θεωμένων
834 1617 908 1684 ὄψιν
924 1620 1035 1690 ἡδῦναι.
1070 1627 1188 1681 Τούτων

100 1706 168 1763 ptum
186 1705 234 1749 aut
249 1711 284 1749 aar
301 1698 388 1760 pipere
403 1702 427 1746 et
444 1696 524 1745 mattae
539 1695 579 1745 vai
594 1708 627 1745 su
664 1697 695 1746 οἱ
722 1696 777 1761 μὲν
805 1695 904 1760 παῖδες
934 1692 977 1749 ’ἔτι
1002 1694 1083 1764 ὄντες
1108 1705 1187 1754 otro-

102 1788 172 1839 pnre.
202 1774 319 1823 Auctore
331 1770 409 1821 Celso
422 1771 458 1832 (2,
476 1770 517 1819 Ἡ.
537 1768 626 1831 em.)
663 1766 784 1831 χοοῦσι,
802 1766 999 1841 ὁδροφοροῦσι
1015 1772 1047 1824 δὲ
1062 1774 1187 1836 βούπαι-

102 1852 144 1900 eat
158 1849 224 1899 maii
239 1848 293 1897 sarci
302 1846 467 1895 --aomacta
483 1849 571 1907 aptum
582 1848 624 1895 est.
662 1845 709 1908 der,-
726 1844 895 1909 λελουμένοι
911 1849 960 1898 καὶ
980 1847 1186 1916 λελειασμένοι,

104 1952 130 1961 -
156 1922 234 1985 attae]
260 1921 436 1971 Fiscttcise.
469 1946 497 1956 -
526 1918 627 1982 [ascula
663 1915 1189 1992 ---xcrdedgtadpaxvodmstgzet

103 1998 165 2061 Coa]
194 1995 347 2059 uliquemen
373 1998 400 2045 et
425 1994 625 2045 condimentum
663 1991 817 2057 ἐκλεύκονς
850 1993 1121 2064 ἑπαναζωσάμενοι,
1150 2000 1188 2054 τὰ

103 2086 133 2122 ex
150 2072 198 2122 Cei
215 2071 270 2121 vini
288 2070 362 2120 faece
379 2072 528 2134 paratum.»
550 2068 624 2119 Cani.
662 2071 716 2137 μὲν
724 2066 891 2139 ἐμπρόσθια
901 2075 1051 2145 κατωτέρω
1063 2075 1121 2128 τῶν
1130 2074 1187 2131 ὑπὸ

104 2148 153 2196 Sat.
166 2147 196 2207 2,
215 2144 245 2205 i,
264 2144 305 2194 73.
335 2145 420 2195 Etiem
437 2143 505 2193 haec
522 2144 624 2193 stama-
663 2144 747 2213 γόνυ,
769 2142 806 2195 τὰ
821 2145 852 2196 δὲ
868 2145 990 2199 κατόπιν
1006 2148 1111 2221 μικρὸν
1128 2150 1187 2205 ὑπὸ

103 2222 182 2270 chum
208 2220 350 2271 excitantia
374 2220 452 2269 nimis
479 2216 627 2267 cumularat
662 2226 724 2285 τοῖς
748 2224 902 2288 γονατίοις.
938 2226 970 2275 Et
994 2227 1115 2278 similiter
1138 2232 1187 2279 Se-

16 2334 17 2349 .
103 2295 182 2345 bama
201 2306 327 2343 scaevus.
356 2294 518 2357 comparant
542 2294 626 2341 Sene·
664 2310 731 2348 neca
749 2296 929 2347 detinente.
943 2299 988 2349 ie:
1008 2301 1189 2354 conviviums-

103 2367 428 2426 undenarium:
459 2368 524 2429 Quid
547 2366 627 2430 erpo?
662 2372 760 2421 terente
775 2372 865 2421 ionem
879 2372 1027 2434 (hominum
1043 2375 1190 2429 luxurioso·

102 2444 197 2505 stlido?
213 2446 276 2491 ⁰⁸³⁰*
293 2440 458 2504 (Fabricius),
477 2444 550 2490 --ai
566 2454 627 2491 cea-
664 2446 731 2507 rum]
757 2458 809 2495 nea
829 2449 957 2508 posuerim
982 2450 1047 2499 inter
1068 2454 1189 2503 vacantia

16 2578 17 2583 ,
102 2518 186 2579 ⁰5⁹3ss
202 2516 289 2579 ΝΜ
305 2520 380 2577 aldi&
395 2516 470 2578 t'tiftt't'
485 2517 565 2565 maris
585 2516 627 2578 pt·
664 2524 791 2582 tempera,
809 2534 867 2569 cnm
881 2522 992 2582 videuen,
1005 2549 1020 2559 -
1031 2550 1046 2560 -
1057 2538 1135 2586 quam
1147 2528 1189 2575 at.

102 2594 205 2655 critiam
217 2590 337 2639 emmeant
349 2591 492 2639 nauseantis
503 2590 627 2654 cuperet?
663 2594 768 2657 iipenter
786 2596 940 2644 ecohtcnen
963 2610 1067 2647 aearum
1091 2600 1190 2649 tuamne

103 2668 122 2715 ai
145 2666 242 2729 inperiti
267 2676 400 2726 pomerum
427 2670 495 2714 sime
519 2666 628 2729 maceret
663 2668 818 2729 semeinpaat.
833 2692 863 2703 —
876 2670 1004 2732 αοοηιονη]
1017 2671 1064 2719 «Et
1079 2671 1191 2721 hocne-

100 2742 200 2803 prsmne
214 2740 315 2802 [ermae
329 2740 413 2801 ferna,
439 2744 527 2802 captas
548 2742 627 2791 matta
664 2744 703 2792 tat
720 2742 778 2791 eius
794 2740 946 2801 sorditiem,
965 2742 1037 2806 quod
1053 2756 1102 2807 pro
1121 2746 1189 2795 divi-

103 2818 176 2865 eaede
191 2812 358 2864 canentiam?
374 2814 474 2864 Verum
491 2814 535 2864 hic
546 2816 628 2877 sigui·
665 2816 706 2866 tiis
724 2828 777 2865 non
794 2813 919 2864 habuerit
936 2828 1060 2867 mensam
1077 2819 1190 2869 citream

102 2891 218 2940 ficentur
236 2888 297 2951 puri
319 2886 352 2937 iiii
370 2888 448 2937 catiitt
467 2890 527 2951 (Sat.
548 2890 577 2949 R,
597 2888 625 2950 i,
665 2892 711 2940 aut
735 2888 966 2939 vermiculatam.»
999 2892 1083 2941 Coun.
1108 2894 1188 2950 Cano.

103 2966 152 3025 75.)
186 2964 307 3013 minores
339 2961 505 3025 repuleram,
538 2961 628 3014 ailacis
665 2964 728 3015 Ptin.
749 2963 779 3012 Η.
798 2965 829 3013 N.
848 2964 893 3022 46,
916 2964 961 3014 26:
991 2966 1191 3029 Acer-eperum

104 3043 166 3099 cet„
184 3039 255 3087 iuter
267 3048 334 3099 quoa
347 3036 465 3087 medinm
482 3036 571 3087 locum
584 3050 628 3087 οο-
665 3040 790 3103 eugentis
809 3051 841 3087 ac
862 3038 997 3091 auiditate
1017 3042 1081 3091 eitra
1102 3055 1190 3092 seeun-

104 3112 221 3177 cupshat
236 3112 294 3175 apri
311 3109 371 3161 lanx
387 3112 490 3174 ingens.
666 3114 734 3162 dum.
756 3140 783 3149 -
803 3113 927 3178 canape]
949 3128 990 3177 pr.
1009 3112 1120 3165 linteum
1141 3114 1189 3165 vil-

135 3189 176 3238 tc.
197 3188 238 3236 it.
258 3186 424 3250 utteciactaa]
445 3186 487 3235 Sic
513 3186 627 3236 Phaedr.
666 3186 767 3245 losum,
798 3189 917 3250 sottipe
947 3188 1188 3251 Linncnqueitie.

104 3264 130 3321 2,
148 3264 178 3321 5,
198 3262 244 3309 tt:
263 3260 307 3309 Ex
318 3260 451 3309 alticinctis
460 3272 526 3310 unus
536 3262 630 3311 utrim-
667 3259 780 3311 Lucilius
792 3258 863 3325 apud
874 3262 955 3311 Prisc.
969 3263 998 3323 9,
1016 3262 1047 3323 9,
1066 3264 1110 3314 50;
1129 3266 1191 3313 hm

105 3337 175 3386 sibun
200 3336 311 3385 Sueten.
326 3333 406 3397 Caiig.
420 3336 464 3385 26:
490 3340 630 3399 teyctcan
663 3350 744 3398 pterea
760 3336 829 3385 tersit
845 3342 904 3384 tunc
920 3336 985 3385 tatas
1000 3350 1191 3399 pamapemen·

105 3413 137 3461 nd
144 3412 299 3474 pedentim
309 3410 444 3459 nucinctoa
458 3409 532 3459 linteo
540 3424 631 3473 paraus
665 3424 715 3460 sas.
750 3409 898 3459 Ridiculum
922 3410 1011 3459 inesse
1033 3410 1140 3459 videtur
1163 3412 1190 3460 in

106 3492 145 3535 eet.
181 3483 320 3547 Significat
335 3484 414 3546 igitur
430 3484 564 3535 ministros
577 3485 630 3534 cin·
666 3498 760 3535 manaa
771 3483 863 3534 viliore
874 3496 1009 3547 purpureo
1027 3485 1116 3534 tamen
1129 3496 1192 3547 gau·

106 3565 161 3610 ctas
178 3560 262 3609 inisse
281 3558 377 3607 tunicis
395 3556 481 3607 linteis
497 3570 581 3623 prope
593 3560 632 3608 in·
667 3572 731 3623 sape
749 3560 879 3623 perteraa.
919 3556 1058 3607 Deforme
1079 3570 1192 3621 paueape

106 3648 168 3698 pam
185 3634 222 3683 ad
237 3632 384 3682 obscaenum
394 3632 590 3696 utbdmtiatsm.
606 3636 629 3695 t,
668 3632 714 3682 cir.
734 3632 821 3694 Reisig
837 3633 893 3680 Lat.
907 3631 1036 3693 Spracitw.
1049 3645 1075 3695 p.
1090 3632 1146 3682 ⁴28.
1160 3656 1188 3668 -

107 3710 133 3768 t,
150 3709 213 3771 iit),
236 3720 291 3770 qua
313 3707 347 3756 de
365 3720 394 3756 re
411 3707 481 3757 ridet
505 3706 631 3757 Servilius
666 3706 792 3771 pertersit]
809 3707 914 3757 Etenim
931 3718 1030 3755 acerna
1046 3705 1101 3768 iila,
1120 3707 1192 3771 apud

107 3784 184 3832 nit.
215 3782 321 3832 Etenim
337 3782 364 3831 in
387 3782 439 3831 hoc
460 3794 567 3846 qaoque
589 3784 630 3833 in·
669 3780 734 3831 alias
765 3782 847 3831 citrea
874 3794 968 3831 mensa
996 3792 1029 3831 ex
1057 3782 1192 3833 Horatiani

108 3857 225 3920 eptiebat
241 3856 414 3917 Nasidienus,
433 3857 506 3920 quod
523 3858 573 3907 isto
585 3859 632 3907 ha·
667 3856 797 3919 temporis
819 3868 895 3905 mere
918 3853 990 3905 nullo
1012 3858 1106 3919 tapete,
1125 3858 1194 3907 inter

108 3928 162 3979 bitu
180 3928 333 3993 voluptario
354 3930 534 3981 Maecenatem
555 3930 631 3981 vole-
668 3928 837 3980 coenandum
850 3932 975 3994 cooperta
988 3933 1056 3991 erat,
1074 3943 1127 3994 quc
1139 3932 1193 3981 sci·

108 4002 313 4061 baideiectere;
332 4016 414 4066 quem
425 4002 545 4055 habitum
557 4016 632 4067 egre·
668 4004 729 4055 licet
750 4004 807 4068 ipsa
828 4016 936 4068 quaqua
957 4005 1043 4055 nitore
1061 4016 1110 4054 suo
1127 4018 1193 4055 can-

109 4078 148 4140 gia
172 4075 302 4128 describit
330 4076 403 4128 Philo
429 4078 463 4129 de
488 4079 541 4129 vite
567 4092 632 4130 con·
668 4079 743 4128 vivas
760 4075 916 4128 oblectaret.

110 4151 198 4216 tempi.
222 4152 270 4201 Ed.
293 4152 406 4215 Mangey
429 4154 457 4202 T.
479 4154 498 4202 1.
518 4166 545 4218 p.
568 4152 630 4204 tte:
702 4150 1194 4218 tainsraetaptt1quaecunquaabie·

111 4222 259 4277 «διακονικὰ
277 4220 457 4297 ἀνδράποδα,
482 4222 632 4297 εὖμορφό-
670 4229 763 4277 serant
786 4229 929 4286 convivae,
955 4238 1030 4286 ossa,
1057 4224 1193 4288 putamina
