2925 4892
278 376 297 437 4
652 372 783 424 nontin
799 371 981 425 statunculi

319 528 409 595 Miles
431 529 475 596 ait
495 525 593 593 multo
616 528 679 593 iam
702 527 821 595 tractus
842 526 987 595 membra
1010 526 1130 595 labore.
1345 532 1367 591 5

319 652 437 718 Contra
458 659 619 716 mercator
640 667 757 715 navem
779 647 977 714 iactantibus·
992 648 1131 714 Austris:

318 770 426 837 Militia
448 780 498 838 cst
518 770 633 858 potior.
678 767 764 848 Quid
787 768 897 834 enim?
920 768 1144 835 concurritur:
1168 769 1268 837 horae

316 894 476 959 Memento
499 892 562 959 cita
583 910 671 956 mors
693 889 782 956 venit
802 900 858 953 aut
879 889 1013 955 victoria
1036 889 1129 956 lacta.

316 1012 496 1101 Agricolam
517 1010 626 1079 laudat
646 1010 725 1077 iuris
749 1009 923 1098 legumque
946 1011 1086 1097 peritus,

338 1138 363 1189 6,
386 1150 476 1187 nocem
492 1135 546 1187 bSo
563 1136 590 1186 et
610 1133 705 1194 Bauli,
724 1136 755 1183 ut
771 1135 925 1184 constanter
941 1136 983 1184 cst
998 1135 1070 1199 apud
1088 1136 1260 1187 Ciceronem:
1279 1152 1330 1188 no-

303 1212 356 1262 vim
380 1211 554 1275 adpuctiu.
575 1237 603 1245 -
620 1209 645 1258 i.
665 1209 726 1271 quid
749 1209 826 1269 enim,
853 1221 987 1271 superscr.
1008 1209 1064 1260 «vel
1091 1214 1153 1271 quid
1174 1214 1226 1273 ni»,
1251 1214 1277 1262 d.
1298 1242 1326 1250 -

305 1287 330 1336 8.
349 1288 474 1338 manento
490 1286 542 1335 cito
558 1282 684 1346 BbScdp,
711 1281 822 1333 Bentleii
847 1285 960 1337 Codices
978 1300 1087 1350 omnes,
1114 1290 1176 1339 cti:
1204 1291 1330 1340 44444444

303 1365 350 1411 mat
366 1360 418 1410 cita
435 1373 469 1410 en
485 1360 610 1423 quattuor
627 1356 711 1407 Codd.
731 1358 764 1417 L,
782 1357 931 1421 Bentlaius,
950 1360 985 1411 44.

270 1463 339 1514 tuno
359 1475 421 1511 maa
441 1474 490 1511 von
512 1460 597 1511 444444
616 1460 703 1523 gravis
720 1460 797 1509 annis
831 1465 913 1509 meato
935 1461 1011 1511 444444
1033 1463 1111 1513 horas
1134 1476 1222 1515 coesus
1245 1466 1363 1515 Sasonis.

270 1535 369 1601 sapen.)
387 1562 416 1572 -
433 1536 538 1599 [ructate]
557 1536 587 1583 ut
601 1534 672 1596 virg.
690 1536 756 1583 nen.
768 1535 794 1595 2,
833 1533 897 1584 Plut.
910 1535 1004 1585 Aemil.
1016 1536 1179 1588 ciuicas:
1197 1530 1276 1609 ὥρας
1285 1536 1364 1603 μιᾶς

272 1612 315 1663 ⁴3:
341 1612 418 1674 fracti
434 1610 503 1661 bello.
538 1606 729 1659 Nonnullorum
748 1622 796 1657 ex·
831 1610 933 1678 μορίῳ.
954 1637 982 1645 -
1001 1611 1066 1675 ata]
1084 1612 1115 1662 V.
1133 1618 1193 1675 cast,
1217 1612 1290 1677 quod
1314 1626 1365 1664 re-

271 1684 419 1750 plicationi,
444 1684 582 1734 Horatium
599 1682 672 1746 loqui
689 1682 724 1733 de
746 1681 798 1733 ias·
832 1684 964 1733 cautiores
980 1682 1102 1749 plerique
1114 1689 1176 1737 ante
1188 1688 1240 1737 hoe
1251 1687 1303 1737 udi.
1318 1689 1365 1737 in-

270 1758 384 1809 situdine
414 1756 457 1809 die
485 1756 574 1821 aliquo
596 1770 630 1807 cx
657 1755 795 1807 laboribus
831 1759 939 1817 serunt,
964 1756 1007 1807 vel
1031 1771 1064 1807 ex
1085 1761 1247 1823 optimorum
1271 1762 1360 1812 codd.

269 1830 371 1883 bellicis
396 1834 463 1892 orta,
490 1830 539 1881 sed
564 1829 640 1880 brevi
665 1830 795 1894 temporis
830 1832 988 1881 auctoritate
1004 1833 1189 1894 reiiciendum.
1208 1839 1251 1886 est
1266 1850 1365 1887 cxso-

270 1906 356 1968 spatio
383 1906 443 1967 post
469 1906 588 1967 quietem
610 1916 643 1953 ac
668 1916 795 1954 somnum
831 1903 883 1957 litis
893 1903 944 1956 illis
955 1906 1060 1957 mediae
1071 1909 1166 1958 aetatis
1177 1908 1272 1971 glossis
1281 1910 1367 1961 selio-

269 1977 428 2038 decedente,
442 1990 562 2041 prorsus,
573 1980 602 2027 ut
613 1976 738 2038 diximus,
748 1977 795 2027 ud·
830 1978 939 2040 iusticia,
955 1982 1025 2030 inter
1036 1979 1119 2031 lineas
1130 1986 1248 2046 primum
1259 1984 1366 2035 adscn'-

268 2053 391 2103 versatur
401 2064 427 2101 v.
437 2053 497 2113 icm;
512 2051 626 2103 deberet
637 2053 709 2103 enim
721 2065 792 2104 esse:
830 2054 891 2116 ptis.
935 2056 1132 2119 «Nequaquam
1157 2055 1208 2119 leg.
1235 2058 1365 2109 nomento

268 2138 342 2175 «mem
358 2124 495 2187 aliquando
512 2132 547 2177 ast
562 2126 660 2189 fructos
675 2126 792 2189 iudom,-
830 2132 876 2176 aaa
891 2127 956 2186 cilo;
975 2129 1080 2179 animus
1093 2130 1165 2179 enim
1177 2134 1274 2181 nautae
1285 2132 1364 2183 abie-

268 2202 298 2251 ut
314 2202 420 2251 mecam
438 2200 471 2251 de
488 2214 531 2251 vv.
550 2203 637 2265 pravis
654 2204 737 2251 44444.
830 2202 890 2251 4444
907 2201 933 2251 44
950 2202 991 2252 his
1010 2205 1051 2253 cst
1067 2203 1291 2265 considerandus,
1312 2208 1363 2259 cui

300 2274 356 2325 6-8.
374 2267 658 2347 mercator]⁹a'pnopoq‚
677 2277 722 2339 qui
735 2276 793 2339 ipse
830 2274 884 2324 ium
911 2288 996 2339 paene
1024 2275 1167 2341 desperata
1192 2278 1278 2329 salute
1307 2280 1362 2331 ista

267 2360 373 2399 merces
395 2350 459 2399 emit
481 2350 508 2399 in
524 2352 585 2401 Asia
608 2354 671 2415 puta
690 2353 717 2401 et
739 2355 793 2401 44-
830 2348 1004 2412 tranquillitas
1020 2350 1172 2415 ambigendi
1191 2366 1244 2404 non
1256 2366 1363 2405 conve-

266 2425 348 2487 gypto
368 2424 534 2487 Romamque
551 2428 682 2489 apportat,
702 2426 794 2476 diver·
830 2424 894 2473 nit.»
921 2426 1197 2478 linissecommeutat.
1219 2425 1283 2478 Oed.
1297 2428 1360 2479 Col.

266 2510 313 2549 sus
335 2499 363 2547 et
379 2510 395 2547 a
411 2499 566 2561 nepotiators
587 2501 615 2550 et
635 2514 651 2550 4
670 2501 791 2563 propola.
829 2510 856 2561 p.
874 2497 933 2548 ato.
974 2498 1027 2549 Cir.
1052 2501 1130 2551 lland
1152 2500 1261 2552 Turseli.
1284 2503 1304 2551 l.
1329 2516 1359 2566 p.

267 2596 296 2610 ··
315 2570 421 2635 Austris]
439 2573 540 2622 Seneca
553 2573 601 2637 Ep.
615 2573 659 2624 li:
679 2574 794 2635 Compc
830 2572 898 2632 536..
918 2574 963 2634 qui
980 2579 1026 2623 cast
1042 2574 1126 2625 semel
1143 2577 1261 2639 positum
1276 2579 1362 2628 vertit

265 2646 464 2707 teresSicitiom,
483 2646 603 2696 traiecisti
618 2646 719 2710 (reim.
752 2648 794 2696 Ts-
829 2646 901 2694 odor
916 2647 1005 2706 ouem
1023 2649 1116 2711 sicque
1133 2652 1176 2700 est
1191 2650 1258 2700 inira
1271 2663 1298 2701 v.
1313 2652 1360 2703 72.

264 2720 391 2771 marasim
398 2720 793 2784 poemorumtanpsttsucrt
830 2721 857 2769 et
872 2732 899 2768 v.
913 2720 970 2769 404.
1006 2722 1083 2781 Quod
1099 2723 1191 2773 autem
1202 2724 1360 2777 ominosum

264 2796 362 2846 minus:
378 2794 419 2845 ills
430 2800 465 2847 sat
476 2796 551 2855 mim,
570 2796 613 2857 qui
624 2796 738 2846 Siculisne
744 2809 793 2857 ps-
829 2796 857 2843 et
873 2793 1017 2844 infaustum
1029 2807 1091 2846 esse
1102 2796 1160 2845 sine
1173 2795 1272 2860 duplici
1284 2803 1357 2860 part.

264 2870 339 2933 lapus
355 2874 486 2931 acciperet
502 2875 524 2919 et
543 2870 690 2919 invectivas
706 2876 790 2933 capot.
829 2867 986 2919 disiunctiva
998 2868 1062 2919 dicit
1073 2868 1216 2930 4444444444,
1230 2871 1265 2932 id,
1279 2875 1359 2935 puto,

268 2970 294 2982 -
320 2942 386 3005 Quid
410 2942 503 3004 enimn
529 2944 606 3005 quasi
631 2945 793 3007 sequeretur
828 2942 893 2993 satis
909 2943 1038 2992 avertitur
1054 2944 1144 2993 stetim
1164 2944 1292 2996 subiectis
1308 2960 1356 2999 vv.

266 3018 375 3067 econtra
400 3015 489 3077 dices,
515 3014 663 3068 obiicies‘t»
692 3018 740 3067 Est
759 3030 792 3067 ex
827 3020 873 3067 aut
887 3017 998 3067 oictmio
1014 3017 1090 3068 44444.
1124 3019 1180 3069 Nec
1196 3032 1262 3069 vero
1279 3034 1362 3073 com-

265 3102 392 3143 sermonc
417 3090 588 3154 quotidiano,
615 3092 644 3141 ut
668 3092 696 3142 st
719 3086 792 3162 peip,-
827 3092 916 3154 parari
928 3090 1047 3142 debebat
1058 3090 1150 3142 Catuli.
1164 3092 1212 3155 64,
1226 3094 1286 3145 tou:
1304 3097 1363 3147 Aut

266 3156 712 3235 roiqydpoimpudciceruuem
721 3178 793 3217 aem·
827 3171 934 3216 morteto
953 3171 1079 3228 oppeteret
1096 3166 1198 3217 lisam
1213 3173 1259 3217 citt
1276 3182 1361 3231 proe-

265 3238 734 3304 persequituralteraiuterrogatio.
751 3241 790 3291 Dc
826 3240 881 3290 mio
896 3240 988 3290 4444444.
1023 3239 1101 3291 Hand
1117 3239 1135 3290 4.
1148 3239 1165 3290 l.
1178 3242 1282 3293 content
1297 3245 1357 3295 Liv.

265 3314 338 3364 Fiuu.
357 3314 386 3373 2,
405 3313 450 3374 22,
469 3313 514 3364 72:
543 3313 608 3375 Quid
628 3313 712 3365 onim?
735 3315 792 3378 fosi·
827 3314 874 3374 at,
893 3312 939 3364 ld:
962 3314 1002 3363 lio
1016 3315 1166 3365 4444444444
1181 3321 1228 3365 aot
1242 3319 1363 3371 morien-

266 3392 345 3438 tenmc
358 3400 491 3449 peramato
506 3388 588 3439 dicere
604 3388 792 3439 coademtllmn
828 3388 897 3448 dim,
914 3387 1019 3450 44444444,
1038 3394 1087 3451 444,
1105 3388 1148 3439 udi
1161 3390 1276 3451 primum
1291 3391 1363 3443 44444

268 3462 440 3524 Torquatum
457 3461 524 3513 ibid.
544 3475 568 3513 o.
586 3462 634 3523 28,
654 3463 697 3513 93:
727 3464 793 3527 Quid
827 3464 980 3513 ocmrrietts.
1015 3464 1359 3529 Demosth.1.ept.5.83:

266 3535 349 3587 min?
365 3548 477 3587 summus
488 3537 560 3589 door
572 3537 659 3599 plores
670 3539 792 3589 44444444-
828 3531 900 3608 sisic
920 3526 963 3587 dv
982 3536 1092 3601 ἐκεῖνος
1109 3536 1265 3610 (Χαβρίας)
1281 3533 1361 3606 ᾤετο

264 3622 325 3659 nero
339 3624 391 3659 aaa
403 3610 502 3671 potest?
530 3611 572 3661 Sic
588 3611 615 3661 h.
629 3611 645 3661 l.
659 3611 793 3663 dicereli·
828 3609 888 3662 deis
904 3605 1141 3677 ἅποθνήωιεινῆ
1160 3608 1252 3680 νικᾴν.
1283 3616 1362 3665 Auti—

267 3683 358 3735 cehat:
378 3684 443 3745 Quid
459 3682 544 3734 onim?
561 3682 686 3749 (quidniil
704 3686 793 3737 Nonas
827 3686 911 3737 thesis
934 3688 1039 3748 autem,
1066 3699 1149 3751 quam
1168 3688 1283 3751 quisque
1305 3701 1362 3751 per

265 3757 427 3808 4444444444·
448 3758 520 3806 cct‘t
542 3758 595 3808 Cir.
616 3758 693 3809 Haud
715 3761 791 3810 iius.
828 3774 859 3811 se
882 3758 1004 3810 facillime
1028 3762 1110 3812 scutit
1129 3774 1218 3825 neque
1240 3761 1359 3813 tortasse

267 3832 298 3881 ll.
312 3844 339 3894 p.
352 3830 408 3879 386.
444 3829 519 3894 (Wot
529 3830 689 3895 iat'sdmnll
709 3833 794 3882 -io-
829 3831 1002 3898 explicatione
1019 3836 1089 3898 eget,
1111 3836 1178 3886 haec
1195 3838 1250 3885 est:
1276 3848 1360 3887 «cum

265 3918 313 3955 rac
336 3903 473 3967 44444444]
492 3906 610 3968 «puncto
635 3905 791 3968 tempon's.»
828 3920 879 3971 ego
895 3910 1123 3974 mercatorsaepe
1140 3907 1361 3973 multasperhe-

268 3982 359 4029 Senon.
379 3980 445 4044 Epp.
458 3981 489 4039 2,
502 3980 533 4039 2,
552 3980 613 4030 tiu:
629 3986 793 4043 proclamo-
828 3994 886 4041 ras,
915 3982 1050 4033 inlenium
1070 3996 1120 4048 per
1143 3985 1262 4046 integros
1285 3982 1358 4045 dies,

268 4054 323 4103 44444
345 4056 430 4106 torae.
466 4055 521 4105 liv.
534 4054 563 4117 5,
582 4055 611 4105 7:
636 4055 714 4106 toras
736 4068 793 4107 444-
829 4055 906 4105 auxie
924 4056 1069 4108 conflictari
1085 4057 1201 4109 debeam
1213 4069 1277 4107 cum
1293 4070 1360 4121 pro·

267 4132 349 4179 mento
370 4130 445 4180 sinici
463 4141 582 4193 apperens
598 4142 630 4179 cc
645 4130 731 4181 vincor
746 4156 762 4167 -
778 4155 793 4168 ·
830 4126 912 4189 cellis,
931 4130 1056 4182 diuturno
1074 4134 1167 4183 mortis
1178 4131 1298 4196 periculo
1310 4145 1360 4182 ex·

268 4203 408 4257 incendium
429 4204 519 4255 444444.
554 4202 640 4265 1d.9,
665 4204 708 4254 464
735 4218 792 4254 ma·
830 4205 958 4269 positus.-
