2925 4892
517 377 576 430 biit.
595 379 615 428 i.
650 379 749 430 briss.
768 380 811 430 lll.

163 531 204 599 Ut
225 530 334 597 valet?
356 541 391 597 ut
417 533 561 598 meminit
582 533 709 602 nostri?
731 534 907 604 Fidibusue
929 538 1049 605 Latinis

161 652 334 720 Thebanos
357 661 468 741 aptare
490 654 606 722 modos
629 657 739 724 studet
760 657 894 745 auspice
916 660 1022 737 llusa,

157 777 208 841 An
232 775 355 862 tragica
378 773 523 842 desaevit
545 785 578 844 et
599 776 793 866 ampullatur
814 779 847 844 in
870 781 965 847 arte‘l

113 953 183 1005 iorte
202 953 331 1006 Titiusds
344 953 648 1019 iioratliodlsaliquan-
685 954 800 1007 clinall»
830 957 986 1010 Fluctuabat
1002 961 1092 1025 igitur,
1112 966 1142 1014 ut
1158 977 1214 1016 ma·

113 1029 149 1078 do
182 1029 277 1079 minus
306 1028 452 1078 honorilice
484 1029 649 1080 iudicaverat
685 1031 781 1083 niiesto
799 1036 927 1097 apparet,
951 1035 1005 1086 iam
1027 1049 1089 1088 cum
1113 1039 1213 1090 Romae

113 1102 334 1166 Pindarumque,
362 1103 518 1166 Lyricorum
546 1105 647 1168 princi·
684 1107 784 1157 lior-atii
796 1107 972 1160 lumiliaritate
983 1112 1117 1174 uteretur,
1130 1114 1213 1166 lilius

113 1191 178 1242 pem
196 1179 353 1242 poetarum,
372 1177 450 1228 unice
463 1177 573 1241 dignum
586 1191 645 1229 esse
683 1181 752 1230 inter
768 1183 912 1246 utrumque
930 1197 1032 1248 genus,
1055 1185 1138 1237 modo
1156 1190 1212 1238 tra-

112 1251 302 1312 dictltaverat,
322 1250 366 1314 qui
384 1251 436 1300 hoc
447 1253 646 1302 ornareturno·
682 1255 807 1317 goediam
824 1255 942 1320 aliquam
954 1271 1136 1324 componens,
1155 1275 1212 1313 mo·

111 1327 185 1376 mine
201 1325 304 1389 quique
322 1325 467 1376 imitatione
480 1327 645 1389 exprimere-
683 1328 718 1379 do
735 1331 854 1381 carmina
871 1329 970 1394 lyrica,
992 1333 1111 1386 incertus
1128 1336 1212 1387 inter-

111 1402 189 1450 turia
224 1398 293 1458 Quid
310 1401 402 1450 autem
419 1399 477 1463 ipse
495 1399 529 1449 de
547 1400 645 1451 Pinda-
682 1401 862 1463 dum,utrum
873 1405 1043 1458 Pindaricum
1055 1421 1140 1471 genus
1151 1423 1213 1476 pro-

111 1476 165 1525 rica
192 1475 345 1525 imitatione
371 1475 499 1535 senserit,
530 1474 644 1526 demon·
681 1479 742 1540 pter
758 1479 903 1529 novitatem
921 1481 1212 1544 primusinterlloma-

111 1552 179 1601 strat
196 1549 250 1600 Od.
263 1548 292 1610 l,
310 1549 345 1610 2.)
360 1575 387 1584 -
405 1549 490 1613 foetu]
508 1550 643 1614 Principes
682 1565 731 1601 nos
743 1552 887 1614 excoleret,
900 1567 935 1604 an
947 1556 1126 1608 recentiorem
1137 1555 1211 1608 illam

110 1629 228 1688 poetae,
247 1636 280 1672 ex
298 1622 396 1688 quibus
413 1624 561 1675 imitatores
577 1625 644 1674 loa-
681 1627 847 1690 tragoediam
864 1629 998 1688 Latinam,
1023 1631 1100 1682 cuins
1116 1635 1211 1684 auctor

110 1701 194 1760 aaut,
215 1710 299 1761 saepe
317 1709 380 1748 cum
397 1697 514 1749 lontibus
532 1711 643 1763 compu-
681 1702 763 1753 luisse
783 1701 890 1753 udatur
910 1704 998 1767 potius
1020 1717 1104 1768 quam
1126 1706 1208 1759 Pollio

109 1779 216 1826 rabbu.
244 1773 319 1824 ovid.
333 1773 434 1834 Ami,
448 1773 475 1834 9,
495 1775 540 1824 stt:
558 1774 643 1826 Adiicr
680 1777 790 1836 Varios3
817 1789 901 1840 qoem
925 1777 1088 1830 subsecutus
1113 1782 1157 1830 est
1181 1783 1210 1832 in

108 1849 278 1908 Maeoniden,
297 1861 315 1896 a
331 1860 380 1910 ouo
396 1859 441 1897 ceu
455 1849 523 1911 sonu
537 1850 642 1911 paranni
680 1850 775 1903 Medea
791 1851 909 1902 Ovidius.
938 1851 1000 1914 (Cir.
1021 1852 1148 1905 Welcker
1165 1869 1206 1919 pr.

111 1925 205 1974 Votrrm
228 1921 318 1972 Pieriis
341 1934 390 1971 oro
413 1922 534 1986 moetus·
558 1923 640 1985 acub.
681 1927 756 1989 Trop.
769 1925 892 1990 pilii.)
906 1953 935 1965 -
952 1927 1070 1992 desecuit]
1088 1931 1117 1979 ut
1134 1929 1206 1994 virg.

108 1994 639 2058 llariiailsdesuiscarminibus9,l⁰ii,
678 2000 746 2051 Aen.
767 1999 797 2061 l,
820 2001 868 2050 os:
897 2001 966 2051 Dura
982 2001 1076 2066 pelope
1099 2003 1209 2055 comos

108 2075 138 2124 a:
165 2073 294 2133 limium,
322 2071 482 2134 credamini,
508 2073 599 2135 refert,
624 2086 642 2122 o
678 2074 769 2135 mors,
789 2073 995 2139 pr.«e1alto,·
1017 2076 1118 2136 idest,
1144 2091 1208 2129 «ve-

106 2149 175 2212 soso
191 2148 297 2197 &botua
320 2147 390 2208 Quae
411 2148 481 2210 ituit,
509 2161 544 2196 oo
564 2148 641 2211 pipi-o
678 2149 942 2200 hemeutersaevit.»
971 2151 1208 2204 ltelerturadvio·

107 2237 174 2284 pum
198 2227 284 2286 turpet
304 2222 376 2271 mdo
396 2221 462 2270 locu.
492 2219 573 2272 Lucil.
591 2221 639 2284 30,
678 2221 765 2274 lenias
782 2224 863 2274 animi
879 2223 1097 2289 perturbationes
1114 2227 1205 2290 (uam,

107 2298 154 2348 26:
174 2300 309 2361 οναπιωη
324 2296 429 2347 bosdra
445 2297 545 2346 animm
555 2298 642 2348 Narro·
679 2300 832 2361 saevitiam,
859 2312 996 2362 umorem,
1023 2300 1167 2365 furorem),
1189 2317 1206 2353 a

107 2387 165 2424 rums
176 2387 191 2424 e
201 2372 310 2436 [σκιῶν
322 2372 402 2437 pettit.
415 2397 444 2408 -
453 2373 537 2423 bocru
549 2371 641 2436 (Wor-
678 2373 785 2436 tragicis
808 2387 966 2437 expressam
993 2376 1132 2438 conpellari
1157 2389 1207 2428 au·

107 2445 317 2510 sarbebditer)
335 2448 363 2496 et
377 2447 428 2496 riui
444 2447 527 2508 operti
544 2447 642 2510 signill-
678 2449 746 2510 mm,
763 2451 793 2498 ut
804 2451 971 2501 Graecorum
981 2447 1156 2515 ληκυθίζειν,
1170 2452 1205 2503 de

108 2526 168 2573 osni
185 2535 243 2573 non
255 2522 350 2586 poetas
362 2519 461 2585 lyricos
473 2519 587 2571 Pindaro
599 2522 640 2571 in·
677 2520 767 2586 amplo
783 2524 812 2571 et
828 2523 970 2586 magnifico
992 2526 1126 2576 sermonis
1149 2527 1206 2576 tra-

107 2597 235 2656 lsriores,
263 2595 313 2646 sed
330 2597 420 2660 poesis
437 2608 537 2659 genera
554 2597 582 2646 el
599 2596 640 2646 ia·
677 2597 728 2660 gici
754 2599 863 2657 ornatu,
889 2597 934 2659 qui
956 2610 1046 2648 sermo
1069 2599 1204 2650 interdum

108 2670 200 2722 adiere
219 2673 248 2722 et
264 2668 373 2720 leviora.
402 2671 537 2732 (Ceterum
549 2670 640 2732 imagi·
677 2670 711 2720 ab
724 2669 1205 2734 exaggerationeheudlongeremo-

107 2759 170 2798 nem
191 2747 264 2795 riona
285 2749 385 2806 opertos
406 2743 488 2795 nolim
505 2757 567 2796 cum
584 2743 639 2794 Ob-
677 2746 720 2795 tus
737 2747 794 2803 est;
817 2743 901 2806 ligura
919 2745 1033 2808 repetita
1051 2758 1084 2794 ex
1101 2746 1204 2797 Aristo-

106 2821 182 2872 bario
210 2821 381 2884 interpretari
407 2819 441 2869 de
466 2820 530 2870 rivis
557 2831 639 2870 manu
676 2817 771 2883 phanis
798 2819 878 2870 Raris
905 2831 931 2869 v.
954 2819 1030 2868 isos:
1063 2814 1204 2885 ληκύθιον

106 2895 183 2946 lactis
202 2907 226 2946 s.
247 2893 477 2957 aquaeductibus,
502 2896 532 2944 ut
549 2895 591 2944 est
612 2894 638 2943 in
676 2887 833 2943 ἀπώλεσεν.
867 2893 909 2942 Sic
934 2891 1111 2943 Callimachus
1134 2895 1203 2944 tosto

106 2973 191 3022 inser.
205 2983 243 3020 m.
258 2971 313 3020 Lat.
332 2971 363 3020 N.
380 2969 421 3018 ot.
440 2969 467 3018 el
481 2968 523 3018 53,
543 2967 638 3019 collato
676 2967 764 3019 schol.
775 2968 810 3018 ad
820 2969 1047 3032 Hephaestionem
1060 2983 1088 3033 p.
1101 2969 1142 3019 36.
1156 2969 1200 3019 ed.

107 3042 256 3095 Forcellino
275 3044 302 3093 in
317 3044 344 3093 h.
354 3056 379 3092 v.
394 3043 498 3092 Etenim
510 3042 562 3092 hoc
574 3043 638 3092 mibi
676 3039 1204 3108 Lips.tragoediamlllorioavlpxridftou

107 3116 638 3182 certeminuspoeticumvidetur,quem
676 3117 834 3183 appellavit,
859 3117 1041 3168 Theodoridas
1070 3120 1098 3169 in
1121 3121 1200 3172 uoto.

108 3194 129 3242 si
154 3191 289 3255 inteiligas
312 3191 346 3242 de
370 3193 433 3244 rivis
459 3190 637 3254 naturalibus,
675 3190 729 3242 Pal.
753 3194 786 3241 ii.
810 3205 837 3256 p.
850 3191 912 3242 539:
935 3191 1200 3264 ἐπιλακυθίστριαν.

108 3268 180 3318 aditu
198 3267 285 3317 cuivis
303 3265 437 3328 incilibus,
456 3279 518 3316 oum
537 3266 571 3317 ad
584 3265 639 3317 ion·
675 3268 705 3316 ii.
720 3269 749 3318 Ρ.
763 3267 810 3315 97:
827 3266 1203 3329 Prmieitompuiiotetrasqui·

108 3346 162 3394 tem
179 3355 271 3406 usque
283 3354 334 3404 per
344 3343 413 3392 invia
425 3339 483 3392 loca
494 3342 637 3405 penetrare
672 3340 777 3403 pedulla
792 3339 875 3390 uerba.
905 3341 961 3391 lam
977 3353 1043 3391 vero
1060 3354 1114 3390 non
1129 3341 1200 3392 ridet

108 3429 241 3481 persaepe
266 3414 350 3466 multo
373 3415 516 3468 molestius
535 3415 588 3478 sit.)
609 3443 636 3452 -
675 3417 772 3466 Titium
797 3415 886 3477 ipsum
902 3426 968 3476 prae
992 3415 1074 3463 nimio
1095 3416 1200 3464 tumore

110 3491 525 3555 dioclet?11iectecrnquius:
554 3491 637 3540 «baec
674 3489 854 3541 doemonum
878 3491 907 3537 et
930 3488 1125 3550 amputantem,
1152 3489 1201 3539 sed

108 3567 368 3632 plenasuntamoris
379 3563 529 3616 benevoli.»
543 3565 638 3627 (Quem
675 3565 806 3628 tragicum
824 3575 909 3625 genus
925 3562 1027 3626 ipsum,
1051 3564 1078 3611 et
1093 3563 1202 3627 potissi-

108 3642 211 3692 sicum
229 3640 333 3704 perfida
351 3639 450 3691 malitia
471 3639 635 3700 miscuisset,
675 3651 750 3690 mum
767 3635 934 3701 tragoediam
949 3637 1112 3700 Romanam,
1130 3649 1201 3701 quae

110 3717 244 3766 insemel
264 3715 322 3778 ipse
345 3713 408 3764 illud
426 3713 566 3766 edixisset:
592 3714 638 3763 Hie
675 3714 739 3778 ipsi,
768 3715 799 3762 ut
823 3710 930 3762 aliunde
955 3724 1063 3776 quoqne
1089 3716 1202 3777 apparet

110 3786 637 3854 ripsrest,buaotu‚ilomuoe‚cooetoi)
676 3787 793 3852 (lippi,
813 3786 958 3849 t,itosqq.
971 3787 1002 3835 ii.
1016 3788 1045 3836 P.
1058 3787 1107 3837 258
1119 3788 1199 3851 som),

113 3891 139 3902 -
159 3869 253 3928 optare
267 3863 362 3930 nudor]
387 3863 440 3914 Cir.
462 3863 509 3914 Od.
531 3863 562 3924 2,
590 3863 636 3922 ii,
675 3861 748 3912 houd
777 3861 856 3912 nimis
883 3859 1016 3925 placebat.
1053 3861 1096 3911 Sic
1123 3860 1198 3911 ovid.

110 3937 141 3988 i:
158 3939 251 4002 Aptari
268 3938 480 3988 marcomedis.
496 3965 523 3974 -
537 3937 638 3999 auspice
675 3937 796 3998 Tristi,
815 3935 877 3986 357:
895 3937 946 3986 Noe
962 3935 1202 3986 mammaeam

111 4013 196 4079 Hero]
223 4013 286 4063 Sine
304 4013 431 4076 imagine:
461 4013 580 4078 «poetica
598 4012 638 4062 ia·
675 4011 769 4060 animi:
786 4035 801 4046 -
822 4035 838 4046 -
861 4007 1004 4072 (alioquin)
1028 4008 1117 4060 Accius
1140 4013 1201 4060 attat

112 4087 208 4140 cultate
234 4087 319 4138 metus
345 4091 371 4139 et
395 4086 464 4138 lelici
489 4099 550 4138 oum
574 4099 638 4137 suc—
675 4089 762 4134 atroce
792 4080 868 4134 Nulla
884 4085 989 4145 auum,
1008 4085 1037 4133 ut
1053 4082 1144 4134 multis
1159 4083 1200 4132 ri-

113 4175 191 4214 cessu
211 4161 391 4214 Pindarumne
411 4160 579 4214 aemulatur?
602 4173 637 4210 an
675 4172 737 4210 sum
754 4159 808 4219 est,
830 4158 901 4208 inest
920 4157 948 4207 in
964 4170 991 4207 v.
1011 4159 1051 4208 li.
1069 4157 1201 4208 Fidduara

114 4236 147 4286 ad
162 4235 316 4300 tragoedias
326 4233 485 4288 scribendas
503 4235 587 4298 magis
599 4235 638 4284 in·
675 4235 726 4284 cet.
740 4233 787 4282 ant
803 4228 975 4298 roaroloyta
990 4231 1076 4282 inanis
1088 4233 1134 4282 aut
1149 4231 1200 4282 de-
