2925 4892
279 353 342 418 lli
640 356 1007 412 nonsrrrerrsrounnuu

323 513 371 592 Si,
395 513 480 582 bene
502 515 558 602 qui
581 523 713 592 coenat,
738 514 822 582 bene
844 515 936 592 vivit,
960 514 1060 592 lucet,
1084 535 1197 582 eamus

322 641 394 718 Quo
417 636 505 705 ducit
526 635 617 724 gula3
640 637 820 725 piscamur,
844 657 1018 715 venemur,
1041 646 1076 702 ut
1098 635 1175 703 olim

325 759 500 848 Gargilius,
523 759 580 848 qui
602 779 695 826 mane
718 758 847 847 plagas,
871 756 1043 835 venabula,
1067 779 1181 826 servos

322 882 490 949 Differtum
511 881 647 948 transire
670 881 775 947 iorum
797 879 1021 969 populumque
1043 880 1189 958 iubebat,

320 1005 409 1074 Unus
431 1013 465 1072 ut
487 1023 506 1070 e
533 1001 639 1068 multis
661 1001 783 1090 populo
807 1013 974 1090 spectante
996 1002 1132 1071 referret
1329 1006 1372 1070 ou

320 1127 470 1214 Emptum
491 1123 598 1191 mulus
620 1145 745 1212 aprum.
791 1123 888 1192 Crudi
912 1124 1093 1212 tumidique
1114 1123 1276 1202 lavemur,

343 1345 386 1396 tii.
404 1346 472 1396 ducit
483 1344 577 1409 bsEdp
589 1355 752 1407 omnesque,
766 1344 796 1393 ut
805 1341 923 1405 videtur,
937 1342 1065 1403 Pettieril,
1084 1343 1137 1392 Ct0
1148 1345 1177 1392 et
1187 1341 1336 1395 Bentleius:

311 1421 383 1470 clucet
399 1421 503 1480 c,LFld.
525 1445 552 1454 -
571 1417 612 1470 tta.
628 1416 806 1482 populumque]
824 1430 990 1480 campanaque
1005 1415 1140 1468 Bentlelus
1157 1418 1321 1469 coniectura.

279 1615 372 1666 cillare'
386 1616 479 1668 iestlve
496 1619 574 1668 vocat
590 1617 720 1679 adoptare.
753 1616 807 1666 Pe·
842 1620 867 1665 et
880 1619 976 1666 nsoetee
990 1616 1094 1677 insuper
1109 1615 1175 1665 altos
1189 1615 1317 1678 lrraposuit.
1337 1615 1368 1677 3,

278 1691 423 1741 trontiir
444 1691 568 1742 Hobestu
585 1692 724 1754 qmdenet
744 1691 807 1755 fro-
842 1691 907 1740 222:
931 1690 1095 1740 messis
1113 1691 1371 1753 portereproedats-

277 1771 366 1816 irem·
379 1767 448 1816 -sed
470 1767 530 1828 qaid
551 1765 664 1829 prohibet
687 1771 711 1816 et
732 1779 805 1816 soro-
842 1778 890 1826 quse
912 1765 1004 1816 leuen.
1028 1791 1057 1800 -
1080 1765 1185 1816 iuvenis
1206 1766 1370 1817 vanissimus

256 1853 331 1892 ·rem
348 1839 490 1903 adoptare?
841 1837 956 1890 sollertis
978 1853 1011 1890 ac
1033 1839 1120 1890 divitis
1144 1841 1279 1890 venatoris
1302 1853 1371 1904 spe-

309 1916 398 1966 56-60.
426 1916 503 1976 lueet,
527 1929 616 1966 eamus
638 1915 701 1980 cet]
721 1915 804 1965 «Dies
841 1915 912 1965 ciem
933 1913 1006 1979 apud
1027 1912 1157 1979 populum
1177 1916 1287 1978 captans
1304 1928 1370 1966 eum

277 1989 372 2050 illuxit;
400 2003 465 2053 ergo
487 1992 594 2055 tempus
616 1991 668 2041 iam
692 1992 748 2052 est,
773 1992 804 2040 ut
841 2003 939 2054 magno
962 2001 1075 2040 numeru
1098 2001 1253 2048 servorum,
1278 1988 1371 2039 mulo-

278 2063 312 2114 de
330 2064 414 2114 lerina
432 2077 513 2115 carne
525 2066 552 2115 et
568 2065 686 2129 piscibus
699 2077 730 2116 ex
743 2078 805 2115 ma·
840 2079 915 2127 rum,
938 2066 1049 2124 retium,
1072 2062 1267 2114 venabulorum
1282 2077 1371 2114 vena-

278 2135 345 2188 oello
364 2139 486 2190 emendis
499 2141 658 2203 cogitamus,
671 2143 701 2190 ut
712 2140 804 2191 lacere
840 2143 899 2192 tum
916 2140 980 2191 ibat.
1009 2138 1121 2190 Aliunde
1140 2138 1253 2189 nonest
1273 2142 1367 2200 notos3

277 2210 382 2264 solebat
398 2213 526 2277 Gargilius
551 2213 606 2274 ille,
626 2215 802 2278 quiquidem,
841 2216 891 2266 sed
908 2229 1007 2267 nomen
1024 2215 1130 2276 fletum,
1148 2215 1178 2264 ut
1193 2214 1281 2264 nsum
1298 2227 1370 2264 non-

277 2288 307 2336 ut
322 2285 427 2351 popello
445 2289 608 2353 imponeret,
634 2290 701 2340 miro
719 2291 803 2340 artili-
841 2289 932 2352 nullis,
944 2304 994 2355 pro
1006 2292 1080 2340 certo
1091 2302 1145 2340 non
1156 2290 1206 2340 est,
1237 2288 1291 2339 Cir.
1304 2292 1369 2340 Gan

277 2363 318 2411 cio
335 2362 413 2413 simul
431 2365 469 2414 uli
481 2363 601 2416 solebat»
614 2367 665 2416 cet.
684 2363 734 2416 Alii
746 2368 805 2429 qul·
839 2365 944 2429 gilium,
963 2366 1074 2428 Augusti
1085 2363 1225 2424 libertum,
1243 2365 1367 2416 inlnacr.

276 2435 341 2487 dem
365 2450 408 2488 vv.
430 2440 568 2502 piscemttr,
595 2453 713 2490 ueremur
737 2454 802 2505 pro-
840 2438 1368 2506 (zimmermannzsoelalaeepeea.)

276 2511 334 2574 prio
352 2513 500 2575 accipiunt,
519 2513 688 2566 conierentes
706 2517 803 2566 Neme-
840 2520 868 2567 et
884 2513 1028 2578 Gargilium
1044 2511 1205 2571 Martialem,
1224 2513 1272 2576 qui
1288 2513 1324 2562 de
1336 2527 1368 2564 re

275 2586 341 2637 siani
363 2587 464 2650 Cyneg.
486 2587 549 2639 aet:
582 2590 714 2652 Veronae,
732 2591 802 2640 dum
838 2592 939 2641 rustica
955 2590 1071 2654 scripsit.
1101 2589 1220 2652 (Romani
1231 2590 1368 2640 venatoris

273 2673 363 2711 mone
387 2677 510 2724 novum,
536 2659 704 2714 dum'molllo
723 2670 802 2728 proto
839 2664 941 2726 divitis,
960 2667 990 2714 ut
1006 2664 1122 2723 moluit,
1140 2662 1262 2713 habitum
1273 2662 1368 2714 videre

274 2737 410 2787 Nocteonie
430 2739 530 2789 calcum
547 2739 610 2803 seris
625 2741 730 2804 oestipia
745 2753 801 2790 eer-
838 2739 901 2792 licet
916 2742 943 2790 in
960 2742 1047 2791 stema
1067 2739 1153 2790 Musei
1175 2737 1309 2788 chiaram.
1334 2740 1365 2789 ll,

273 2817 344 2861 cont.
375 2813 475 2864 Verum
498 2814 586 2864 minus
609 2815 739 2864 concinna
760 2815 800 2865 sle
838 2813 903 2865 Tab.
916 2813 989 2877 lili.)
1013 2813 1368 2875 nomenantempopstm

274 2885 382 2935 videtur
403 2885 541 2937 simulatae
559 2889 707 2940 venationis
724 2901 801 2939 oom-
838 2893 912 2940 recte
929 2889 982 2940 diei
1000 2891 1132 2939 monebat
1143 2885 1236 2938 catull.
1249 2887 1298 2946 68,
1316 2887 1365 2937 θῦε

275 2959 386 3022 paratio.
419 2959 802 3026 Obbsriuscomparall’etro-
837 2966 885 3015 Per
899 2965 1010 3014 eaedem
1025 2964 1094 3014 densi
1107 2963 1365 3024 smsuimpopuli

275 3031 311 3080 nil
334 3030 379 3081 lt:
406 3033 474 3082 Nils'l
498 3040 533 3084 est
557 3035 645 3084 radius
669 3049 746 3098 quom
770 3038 801 3087 de
838 3040 893 3089 Liv.
912 3039 958 3100 bl,
983 3040 1030 3089 el:
1054 3037 1368 3102 perentam-equites

274 3104 387 3155 massae
407 3112 478 3156 reolo
499 3109 526 3158 ln
549 3109 686 3160 triclinum
702 3113 749 3160 ire.
770 3139 798 3148 -
837 3117 1067 3176 --troespressus
1096 3140 1123 3149 -
1149 3111 1225 3175 Unus]
1248 3111 1320 3160 Sane
1343 3111 1366 3161 si

271 3179 379 3243 plupus,
396 3180 530 3245 omobulu]
557 3184 732 3234 instrumenta
750 3198 800 3235 ve·
836 3188 944 3237 venatio
960 3201 991 3237 re
1002 3200 1067 3238 vera
1081 3198 1213 3251 prospere
1224 3185 1365 3243 cessisset,

275 3253 371 3304 nandis
388 3255 468 3318 apris.
497 3256 538 3307 nd
551 3258 656 3322 plopoe,
670 3260 800 3322 quaetir·
836 3261 927 3326 plures
949 3261 1015 3312 muli
1036 3262 1138 3327 praeda
1160 3261 1249 3312 onusti
1270 3273 1366 3310 rever-

273 3329 410 3380 missimae
437 3331 527 3394 itaque
555 3334 703 3396 gravissimi
729 3348 799 3398 pon·
836 3339 941 3396 tissent3
960 3337 1015 3388 iam
1030 3349 1096 3386 vero
1112 3348 1213 3401 paucas
1229 3337 1293 3399 post
1312 3335 1365 3384 bo-

243 3439 248 3448 .
273 3404 453 3468 deruerunt,
476 3408 674 3470 promovendas
691 3410 799 3460 iumen·
835 3423 894 3473 ras,
913 3410 993 3476 pleno
1005 3412 1150 3461 etiamtunc
1166 3409 1308 3460 hominum
1327 3409 1365 3458 io·

273 3481 306 3532 tis
319 3493 386 3545 opus
399 3482 607 3548 eratlvldAEpp.
622 3486 649 3546 l,
669 3485 713 3546 la,
733 3485 796 3550 le),
834 3497 879 3544 ro,
904 3485 977 3536 redit
999 3498 1054 3536 uno
1077 3496 1140 3534 cum
1162 3497 1246 3547 apro,
1274 3495 1363 3547 eoque

272 3556 298 3606 lr.
317 3553 334 3604 l.
353 3555 440 3608 mulis.
473 3558 636 3621 Vetubulean,
664 3573 703 3624 gr.
725 3575 797 3633 προ-
834 3561 927 3623 empto
950 3558 985 3609 ab
1008 3559 1132 3618 homine,
1158 3570 1279 3622 quocum
1299 3559 1362 3607 ante

271 3625 388 3692 βόλιον,
407 3631 484 3682 nobis
497 3635 692 3698 astrolapsum.
717 3637 793 3688 conl.
834 3633 1020 3694 eomtltuerat,
1042 3635 1072 3684 ut
1090 3632 1142 3684 sibi
1161 3634 1236 3682 extra
1254 3633 1362 3695 portam

272 3705 342 3768 Vlrg.
356 3707 422 3755 Aen.
436 3705 464 3768 l,
484 3707 544 3757 lat:
563 3701 669 3772 plapc'e,
688 3711 795 3763 lutooe-
850 3709 1056 3768 raestolaretur;
1079 3707 1108 3758 id
1131 3705 1204 3770 quod
1226 3707 1364 3771 spectato·

271 3777 366 3828 nubulo
388 3780 466 3842 sevo.
489 3808 515 3818 -
537 3783 670 3846 Differ-tum
684 3811 696 3821 ·
709 3786 796 3849 sorren
831 3782 1018 3835 ramalitiosl
1034 3780 1198 3834 divinabant.
1221 3803 1248 3816 -
1267 3781 1299 3830 v.
1313 3795 1364 3844 po-

267 3851 451 3918 populosque]
471 3855 577 3908 «iorum
593 3858 728 3911 differtum
744 3875 795 3926 po-
828 3859 906 3927 pulus
922 3861 1014 3912 autem
1037 3861 1130 3914 lestive
1147 3861 1254 3917 duobus
1274 3863 1364 3917 eonti-

272 3925 364 3990 pulo;·
389 3927 471 3992 flgura
495 3943 577 3994 quarn
598 3925 629 3980 ἓν
647 3929 696 3984 διὰ
712 3933 795 3986 δυοῖν
832 3937 1049 3989 ouis-versieulis
1065 3940 1205 4004 repetitur.

271 4004 796 4073 vocant,utEurip.Troad.l03i:cipe·
865 4011 966 4063 ct-et.
997 4013 1075 4064 cludi
1099 4016 1250 4082 midique]
1275 4017 1362 4080 Saepe

270 4072 322 4164 ieri
341 4072 412 4150 πρὸς
427 4073 561 4144 Ἑλλάδος
580 4078 678 4150 Ψόγον
695 4081 729 4136 τὸ
743 4082 796 4152 θῆ-
832 4087 895 4138 cibo
919 4087 1041 4139 nondum
1069 4093 1198 4141 concocta
1223 4089 1310 4154 gulosi
1336 4093 1361 4141 in

269 4149 304 4203 lu
322 4166 366 4215 sa,
392 4155 409 4204 i.
432 4169 456 4206 e.
478 4153 577 4222 ψόγον
598 4154 650 4223 τῆς
667 4155 795 4226 elpidep-
831 4159 959 4213 balneum
970 4163 1185 4225 descendebant,
1199 4176 1254 4229 quo
1265 4179 1361 4216 rursus

269 4241 327 4290 τος·
358 4229 427 4292 virg.
450 4231 515 4282 Aen·
538 4232 565 4292 ⁴,
585 4231 629 4282 ⁶⁴1
656 4235 795 4300 auumque
831 4236 931 4290 tamem
948 4238 999 4292 sibi
1017 4239 1177 4301 exclusere
1196 4241 1273 4292 cuius
1290 4239 1359 4292 etul-
