2925 4892
279 470 363 537 hanc
390 468 513 557 regiam
546 476 579 535 ct
604 488 664 535 nos
692 469 723 533 in
752 467 933 537 scribendis
965 469 1111 557 epistolis
1133 470 1278 538 iuvabit»
1313 474 1352 537 lc

279 612 321 659 ne
350 590 511 658 recusanti
539 588 673 677 quidem
695 599 751 656 aut
771 589 957 657 succensuit
977 590 1153 679 quicquam
1179 602 1235 658 aut
1254 592 1353 658 amici
1424 625 1425 640 κ

279 712 356 779 tiam
386 732 479 777 suam
505 712 654 799 ingerere
686 708 791 777 desiit
825 711 957 777 Exstant
983 710 1156 799 epistolae,
1186 732 1228 777 ex
1247 712 1355 800 quibus

281 833 460 921 argumenti
494 832 595 920 gratia
622 850 727 919 pauca
750 831 890 899 subieci:
921 834 1045 899 «Sume
1066 833 1123 899 tibi
1144 832 1267 921 aliquid
1286 834 1356 899 iuris

282 954 370 1043 apud
397 974 464 1031 me,
495 962 648 1040 tanquam
677 952 704 1019 si
738 953 904 1020 convictor
924 952 1000 1019 mihi
1026 953 1141 1020 frueris:
1171 964 1260 1021 recte
1281 954 1356 1021 enim

275 1086 314 1149 ,et
335 1096 400 1141 non
421 1085 544 1142 umere
566 1073 698 1155 leceris;
733 1074 888 1163 quoniam
909 1074 942 1140 id
963 1094 1045 1141 usus
1066 1074 1143 1141 mihi
1164 1086 1272 1142 tecum
1292 1094 1358 1141 esse

281 1197 383 1277 volui,
414 1198 441 1263 si
472 1216 532 1284 per
558 1194 776 1263 valetudinem
798 1206 885 1262 tuam
906 1195 977 1262 lieri
998 1197 1131 1283 possit»
1178 1197 1218 1262 Et
1238 1217 1356 1262 rursus:

285 1319 361 1385 «Tui
384 1317 514 1407 qualem
535 1317 673 1385 habeam
695 1316 899 1394 memoriam,
922 1318 1043 1405 poteris
1059 1338 1101 1384 ex
1115 1318 1272 1405 Septimio
1287 1336 1358 1405 quo

282 1461 347 1529 que
369 1449 479 1507 nostro
502 1438 631 1506 audire:
655 1459 730 1505 nam
751 1437 876 1515 incidit,
899 1448 935 1503 ut
956 1426 1010 1504 illo
1030 1458 1141 1505 coram
1162 1438 1258 1505 lieret
1277 1459 1295 1503 a
1314 1458 1359 1503 me

281 1562 329 1627 tui
362 1560 491 1627 mentio.
537 1561 666 1647 Neque,
701 1560 729 1625 si
762 1569 796 1626 tu
830 1558 992 1647 superbus
1026 1558 1202 1627 amicitiam
1230 1570 1359 1625 nostram

283 1682 449 1770 sprevisti,
469 1680 544 1747 ideo
565 1702 625 1747 nos
645 1700 778 1768 quoque
793 1678 1167 1769 ἀνθυπερηφανοῦμεν.»
1202 1683 1360 1747 Praeterea

283 1822 383 1889 saepe
415 1803 497 1867 inter
524 1800 605 1867 alios
632 1802 722 1867 iocos
748 1801 971 1889 «putissimum
992 1821 1134 1889 penem»
1160 1811 1196 1867 et
1220 1800 1360 1867 ‹rhomun
1427 1789 1428 1814 ¹

284 1925 411 1991 cionem
441 1918 702 2009 lepidissimum»
735 1920 875 2010 appellat
904 1943 1034 2010 unaque
1063 1920 1226 1990 etaltera
1255 1920 1361 1987 libcra-

284 2044 372 2111 litate
400 2042 614 2133 locupletavit.
661 2044 787 2131 Scripta
811 2042 944 2131 quidem
970 2044 1169 2131 elususque
1193 2042 1276 2110 adeo
1295 2060 1361 2129 pro·

285 2165 373 2231 bavit
410 2184 628 2251 mansuraque
657 2174 816 2252 perpetuo
846 2165 995 2252 opinatus
1024 2174 1089 2241 est,
1122 2175 1251 2231 utnon
1275 2162 1361 2227 modo

289 2284 469 2353 «Seculare
491 2286 650 2352 Carmen»
676 2285 937 2371 componendum
958 2286 1142 2362 iniunxerit,
1167 2285 1229 2352 sed
1250 2294 1283 2352 et
1298 2284 1362 2350 Via

287 2406 425 2475 delioam
446 2406 614 2473 victoriam
635 2404 752 2473 Tiberii
774 2408 938 2494 Drusique
960 2405 1197 2494 privignorum,
1233 2423 1361 2493 eumque
1429 2425 1430 2516 p

286 2529 430 2617 coegerit
469 2538 602 2617 propter
630 2526 693 2595 hoc
729 2527 833 2594 tribus
867 2526 1052 2594 Carminum
1076 2526 1168 2593 libris
1201 2548 1243 2594 ex
1275 2526 1360 2611 longo

289 2650 455 2718 intervallo
478 2660 628 2738 quartum
658 2647 797 2723 addere,
824 2659 899 2737 post
921 2650 1095 2717 Sermones
1116 2670 1252 2737 quoque
1273 2647 1362 2714 lectos

289 2771 409 2837 nullam
431 2770 481 2837 sui
503 2772 699 2838 mentionem
720 2768 862 2836 habitam
883 2771 928 2837 ita
948 2771 990 2837 sit
1004 2780 1156 2857 questrrs:
1183 2768 1304 2835 «irasci
1318 2785 1361 2831 me

289 2893 345 2961 tibi
368 2893 465 2971 scito,
489 2892 579 2979 quod
600 2912 664 2957 non
687 2892 717 2957 in
740 2889 906 2979 plerisque
921 2890 1080 2959 eiusmodi
1103 2892 1233 2979 scriptis
1247 2908 1362 2956 mecum

288 3012 492 3101 potissimum
522 3012 675 3099 loquaris.
722 3014 771 3077 Au
798 3012 936 3089 vereris,
966 3033 1008 3077 ne
1037 3013 1125 3100 apud
1145 3022 1295 3099 posteros
1314 3006 1361 3074 tibi

290 3134 406 3201 inlame
428 3134 485 3211 sit,
509 3131 598 3221 quod
620 3132 762 3201 videaris
783 3132 947 3200 familiaris
969 3132 1063 3200 uobis
1083 3136 1205 3201 cssel»
1236 3135 1362 3218 Exprcs

290 3256 396 3343 sitque
418 3254 580 3342 eclogam,
605 3255 698 3321 cuius
720 3253 845 3321 initium
866 3266 928 3333 est,

281 312 343 379 90AE
749 314 895 367 sumu!

455 3417 540 3466 «cum
556 3417 597 3465 tot
611 3417 745 3467 sustineas
762 3418 791 3466 et
806 3416 879 3467 muta
895 3417 1001 3480 negotia
1016 3416 1102 3477 solus,

455 3512 508 3561 lies
523 3508 600 3561 italas
617 3511 699 3561 armis
715 3511 822 3571 tuteris,
840 3509 963 3561 moribus
980 3522 1076 3570 ornes,

456 3602 570 3667 Legibus
588 3604 730 3665 emendes,
750 3605 777 3653 in
794 3601 900 3668 publica
918 3603 1061 3654 commoda
1077 3616 1205 3667 peccem,

457 3696 482 3745 Si
499 3694 577 3761 longo
594 3709 720 3749 sermone
738 3709 830 3747 morer
845 3697 890 3746 tua
907 3697 1040 3760 tempora,
1060 3690 1191 3759 Caesar’).

347 3833 497 3901 Horatius
519 3833 628 3901 habitu
644 3833 792 3921 corporis
806 3833 915 3900 brevis
929 3833 1001 3909 luit,
1024 3841 1123 3921 atque
1137 3832 1271 3900 obesus:
1292 3849 1362 3917 qua-

295 3956 333 4022 lis
353 3976 372 4022 a
393 3976 429 4023 se
452 3958 522 4043 ipso
545 3965 578 4021 et
598 3956 630 4020 in
647 3955 772 4044 Satyris
793 3954 1017 4040 describitur2)
1040 3964 1073 4022 et
1093 3955 1135 4021 ab
1152 3956 1291 4042 Augusto
1310 3949 1361 4013 lrac

816 4107 827 4139 Ι

362 4181 377 4241 ¹)
397 4180 462 4245 Epp.
480 4180 506 4243 2,
524 4183 549 4243 4,
568 4183 579 4231 4
600 4192 659 4245 sqq.
691 4208 719 4217 -
747 4180 836 4245 *isat
853 4182 879 4238 2.
897 4181 922 4243 3,
940 4180 998 4231 3449.
1022 4180 1062 4231 cl.
1081 4180 1147 4245 Epp.
1168 4181 1192 4241 l,
1208 4179 1248 4240 2⁰,
1265 4176 1303 4227 tt.
