2925 4892
295 346 357 413 36t
674 349 803 401 nostru
822 349 1003 401 siruamus

294 499 317 571 ἢ
341 503 449 557 παίδων
473 504 564 557 ἐστίν·
592 500 609 555 ὁ
634 503 665 557 δὲ
690 501 762 577 ὑπὲρ
783 500 874 557 αὐτὸν
893 503 1012 569 εἰκότως
1028 500 1069 572 τῷ
1085 501 1213 570 μάλιστα
1227 505 1359 571 τιμωμένῳ

293 586 351 640 τῶν
367 588 550 655 κεκλημένων
567 575 711 656 ἀπεδόθη,
731 589 779 641 ἳνα
794 584 878 656 ἐγγὺς
894 580 915 660 η’
930 586 983 641 τοῦ
1001 586 1162 652 ἑστιῶντος.

359 676 415 724 iam
432 688 464 724 ex
481 674 533 725 hue
550 675 694 739 praecipue
711 674 771 725 loeo
788 674 932 725 Salmasius
944 674 977 723 ad
990 672 1108 724 solinum
1119 686 1146 737 p.
1159 674 1215 723 886.
1234 673 1362 723 construxit

293 755 396 807 triclinii
413 758 538 819 schema,
558 758 631 821 quud
648 758 692 808 hic
709 757 880 815 exhibemus3
907 770 939 807 ea
959 760 1052 807 tamen
1073 770 1104 807 re
1122 759 1242 808 nestrum
1257 755 1360 806 ditterta

293 838 470 902 Salmasiano,
489 840 575 905 quod,
595 842 624 891 ut
641 844 754 907 apparet
770 855 803 891 ex
819 855 845 890 v.
857 842 914 902 aa..
935 842 1094 891 Nasidienus
1111 834 1250 905 occupavit
1260 837 1362 889 imileeti

293 923 413 975 medium
429 923 531 985 locum,
552 924 579 975 id
597 926 651 985 eet,
670 927 808 986 octavum,
828 939 895 987 non,
913 926 944 974 ut
959 926 1003 975 est
1018 924 1090 989 apud
1101 924 1270 975 Plutarchum
1280 925 1304 971 et
1314 920 1363 971 sal-

293 1009 420 1069 mustum,
439 1020 589 1068 summum,
607 1006 635 1057 id
652 1010 707 1068 eat,
726 1009 885 1072 septimum,
904 1010 960 1060 eive
978 1009 1005 1059 in
1021 1008 1075 1059 hoo
1092 1020 1201 1072 quoque
1212 1006 1361 1058 aberravitu

293 1089 370 1141 solitu
387 1103 478 1151 more,
497 1093 553 1142 sive
572 1091 644 1155 quod
662 1091 805 1142 arbitratus
823 1094 865 1142 est
881 1094 1077 1143 Nomentanum
1095 1092 1186 1143 eeitius
1203 1104 1264 1142 cum
1275 1090 1364 1140 itaeee

293 1177 355 1224 nate
373 1175 627 1235 sermocinatum,
647 1187 728 1239 quam
745 1176 804 1239 ipse
820 1177 951 1239 potuisset
966 1174 1018 1225 hoe
1034 1174 1121 1226 officio
1138 1174 1253 1237 defungi.

547 1296 571 1345 6.
820 1298 844 1346 5.
1090 1295 1114 1347 i.

482 1379 640 1467 ¹¹¹¹¹¹⁸¹⁰⁰¹¹,⁸
778 1409 889 1460 Medius.
1036 1409 1171 1458 Summus.

466 1470 488 1507 a.
499 1455 654 1506 consularis.

479 2096 497 2210 i

478 2336 497 2389 Ξ

472 2392 496 2471 ἓ

469 2658 495 2990 Nasidienus-

352 3700 445 3749 Differt
461 3700 495 3750 ab
513 3702 564 3751 hae
581 3702 690 3752 schema
709 3702 803 3753 datum
820 3715 836 3751 a
853 3702 994 3765 noeringio
1006 3705 1067 3766 «qui
1079 3716 1142 3754 cum
1152 3703 1244 3755 locum
1255 3704 1368 3754 medium

287 3794 335 3844 pro
356 3794 462 3832 summo
482 3782 609 3844 haberet,
632 3786 797 3836 Fundanium
818 3788 846 3835 et
868 3786 1050 3837 Maecenatem
1074 3788 1179 3837 medius
1204 3800 1266 3837 esse
1291 3784 1368 3836 votuit

286 3863 347 3914 lecti
365 3865 462 3916 summi
479 3867 507 3914 et
522 3866 611 3917 medii.
648 3869 839 3919 Verumtamen
857 3883 890 3919 ex
907 3870 1006 3919 Horatii
1023 3869 1113 3921 verbis
1130 3868 1205 3921 iaeile
1217 3871 1293 3935 patet
1304 3870 1368 3919 Fun·

287 3946 395 3997 daniam
412 3948 438 3997 in
457 3950 645 4002 enumerandis
658 3953 777 4004 convivis
788 3966 802 4002 a
815 3953 921 4004 sinistra
933 3952 969 4003 ad
980 3952 1101 4005 dextram
1112 3954 1278 4019 precedam
1297 3952 1368 4001 ideo-

287 4041 340 4093 que
359 4042 420 4080 cum
437 4044 467 4082 sa
484 4044 608 4085 aarum
625 4034 706 4087 tuisse
724 4035 802 4097 dicit,
821 4049 876 4086 nan
890 4036 981 4088 lucum
997 4037 1117 4088 medium
1134 4038 1235 4089 summi
1251 4050 1275 4087 s.
1293 4034 1368 4100 primi

286 4113 360 4173 lecti.
383 4114 432 4165 sed
453 4128 576 4167 aerumma
598 4117 687 4168 locum
710 4120 769 4170 eius
789 4118 850 4171 teeti
870 4134 900 4171 se
922 4122 1040 4173 tenuisse
1062 4120 1169 4173 indicat.
1204 4119 1265 4171 vid,
1288 4117 1369 4170 Arndt

284 4194 358 4251 Anat.
373 4200 461 4250 iterat.
475 4212 501 4263 p.
515 4200 573 4249 ἢ.»
590 4202 751 4252 anumnn.
