2925 4892
255 326 317 393 oli
623 326 992 381 noniniarraronanurr

299 488 403 565 Quem
427 482 571 551 bibulum
593 481 706 570 liquidi
729 481 838 549 media
860 482 903 549 de
925 482 998 549 luce
1020 484 1163 561 Falerni,

299 606 406 673 Coena
427 604 536 672 brevis
559 604 645 671 iuvat
667 613 700 669 ot
720 623 824 691 prope
839 605 945 669 rivum
964 625 1099 672 somnus
1114 607 1147 671 in
1160 604 1282 686 herum
1306 607 1345 671 35

297 729 364 794 Nee
386 726 503 792 lusisse
524 724 640 812 pudet,
664 724 724 791 sed
746 745 811 790 nou
834 723 977 793 incidere
999 725 1121 793 ludum.

298 849 368 914 Non
390 846 460 913 istie
482 845 616 933 obliquo
637 844 734 913 oeulo
755 865 829 912 mea
850 846 1023 913 commoda
1043 849 1218 937 quisquam

298 970 415 1047 Limat,
440 988 503 1034 non
525 966 601 1033 odio
623 966 765 1034 obscuro
786 988 964 1055 morsuque
986 979 1139 1048 venonat3

299 1091 414 1159 Rident
436 1088 530 1157 vieini
554 1087 666 1176 glebas
688 1098 721 1155 et
742 1109 820 1155 saxa
841 1099 1035 1157 moventem.

322 1270 362 1321 al.
381 1270 435 1319 toea
450 1280 584 1331 superacr.
602 1271 674 1317 nocta
690 1267 715 1317 S.
732 1292 760 1303 -
779 1268 820 1317 35.
837 1269 894 1317 riva
910 1283 943 1320 er
960 1270 1069 1333 antiqua
1085 1271 1216 1335 aoriptnra
1232 1273 1317 1323 rivom

289 1344 320 1395 Ε.
339 1368 367 1381 -
387 1343 452 1395 luda
472 1358 489 1393 a
509 1356 534 1393 v.
553 1342 594 1393 39.
614 1340 680 1393 Cod.
699 1355 723 1392 o.
743 1356 855 1393 mancus
872 1344 1015 1406 estusque
1033 1344 1067 1395 ad
1084 1346 1131 1409 Ep.
1149 1346 1242 1395 live
1261 1346 1303 1397 at.

258 1511 306 1562 Od.
319 1510 348 1572 l,
369 1512 395 1572 l,
409 1510 433 1561 3.
449 1538 476 1547 -
496 1510 592 1576 liquidi]
611 1510 783 1568 «defaecati»
823 1510 874 1561 tius
890 1512 991 1562 inesset
1000 1512 1028 1562 in
1039 1524 1084 1561 vv.
1096 1512 1195 1573 obliquo
1206 1514 1279 1564 oculo
1291 1514 1348 1577 (eir.

258 1584 366 1638 liertial.
385 1587 431 1647 la,
448 1586 480 1635 60
496 1585 536 1647 b.‚
553 1588 583 1636 2:
609 1592 638 1636 al
662 1586 786 1648 liquidum
822 1584 923 1635 Grimm
931 1586 1081 1649 liemotoqta
1088 1600 1116 1650 p.
1127 1587 1220 1650 toea),
1231 1590 1282 1638 etat
1294 1602 1350 1639 non

253 1666 322 1724 potat
337 1660 438 1711 Alauda
453 1674 563 1722 mmm,
592 1660 700 1709 Taruda
715 1659 785 1709 aotli-
822 1657 856 1707 de
883 1658 995 1720 iareim,
1022 1660 1072 1710 aed
1096 1659 1132 1710 da
1157 1672 1232 1711 mera
1248 1662 1351 1713 invidia

257 1736 487 1787 doemone
511 1735 624 1786 Coaouoo
648 1748 730 1785 aaron.
755 1758 782 1769 -
822 1732 958 1782 Horatium
975 1731 1048 1796 loqui
1064 1733 1188 1783 arbitror.
1213 1736 1352 1798 (ulloratio

256 1812 340 1862 madio
356 1813 386 1861 cle
402 1810 464 1874 toea]
492 1811 597 1869 «Quem
623 1808 685 1859 ollm
702 1822 784 1872 saepe
820 1804 914 1856 ludera
932 1805 1004 1856 licuit
1018 1808 1095 1871 quasi
1111 1807 1165 1857 lino
1177 1808 1247 1859 oeuli
1259 1811 1352 1860 attera

257 1886 292 1937 do
304 1886 394 1936 medio
406 1886 458 1944 die,
471 1884 556 1944 ideal,
570 1883 675 1934 lueante
689 1886 786 1933 etiam·
821 1879 983 1941 dicerentur,
996 1882 1225 1945 quamadmodum
1235 1887 1264 1933 et
1274 1883 1354 1934 Plau-

257 1958 386 2012 tunosole
403 1958 456 2022 (om
470 1958 715 2021 taltenToqaacion,
730 1958 783 2007 sat.
821 1953 959 2012 meludit,
986 1969 1049 2006 eum
1069 1957 1153 2007 dolien
1174 1958 1258 2007 dotari
1274 1957 1350 2018 dicit,

257 2035 287 2093 i,
306 2034 334 2093 8,
354 2033 378 2081 3.
408 2032 483 2081 lland
497 2032 572 2081 Ture.
587 2033 617 2080 ll.
636 2046 662 2095 p.
673 2032 741 2093 205.)
757 2033 785 2082 in
822 2032 850 2078 et
867 2030 949 2080 nostri
967 2030 1089 2082 homines
1105 2033 1201 2094 partim
1215 2033 1350 2091 ineuntur,

258 2107 666 2169 eonviviistempestivisaeriter
677 2108 784 2170 potasse
821 2104 918 2165 partim
935 2102 1073 2163 falluntur,
1091 2118 1154 2155 oum
1169 2106 1282 2168 aoraton
1299 2106 1353 2155 du·

259 2182 338 2239 soie.»
351 2193 445 2229 noneo
458 2182 588 2243 tempore,
606 2178 786 2243 qnoplerum·
822 2181 886 2227 cunt
902 2190 917 2226 a
933 2178 1025 2237 udan,
1051 2190 1167 2241 quornm
1187 2178 1272 2229 altare
1290 2184 1353 2231 atu-

259 2267 312 2317 que
338 2254 549 2316 compotationes
572 2254 629 2303 lieri
645 2252 783 2316 solebant,
823 2251 897 2301 dium
924 2252 1100 2314 significatur,
1134 2251 1217 2303 allero
1242 2254 1351 2317 quies.»
1450 2281 1451 2302 1

259 2328 321 2391 post
328 2327 421 2377 horam
431 2340 538 2377 nonam.
548 2327 622 2387 Quod
630 2331 786 2391 comparant
823 2324 1008 2375 lachmannns
1025 2326 1060 2375 ad
1076 2327 1181 2376 lucret.
1197 2341 1224 2391 ρ.
1238 2327 1309 2391 tia.)
1321 2358 1350 2365 -
1450 2341 1451 2388 3

259 2395 309 2464 ἀφ’
320 2394 431 2471 ἡμέρας
440 2402 540 2461 πίνειν,
555 2402 685 2465 significat
698 2403 785 2466 potius
821 2398 1128 2462 morau10d.l‚3,l6:
1154 2402 1188 2450 Et
1204 2402 1258 2451 torn
1279 2405 1354 2453 derata

260 2474 785 2541 «inmprimomanepoculisindulgere.»
821 2475 905 2523 motet
927 2476 1046 2524 mordeor
1066 2476 1157 2525 tnotdo
1186 2477 1234 2526 llic
1249 2491 1354 2527 moi-nu

258 2552 380 2601 varietas
394 2553 484 2601 eutem
496 2551 600 2601 Codicis
613 2554 643 2611 S,
661 2552 746 2601 medio
756 2553 787 2601 da
821 2548 936 2598 refertur
952 2550 1068 2599 maxime
1085 2549 1119 2599 ad
1130 2549 1234 2600 occulta
1245 2553 1353 2616 iniquo-

258 2630 341 2687 nocta,
361 2625 503 2689 desumpta
520 2630 561 2676 est
579 2638 611 2675 ex
629 2624 710 2675 dubio
727 2639 787 2674 ven
821 2636 881 2673 nrm
889 2622 976 2673 studia
988 2625 1122 2675 Horatium
1131 2627 1352 2689 reprehendendi

260 2699 342 2751 siculo
360 2701 426 2764 Epp.
441 2702 465 2761 l,
480 2701 581 2761 t8‚9l:
601 2700 787 2749 Potorarbtoati
822 2700 902 2759 atqua
920 2697 1087 2747 criminandi.
1108 2724 1136 2734 -
1156 2700 1271 2764 manat]
1300 2704 1354 2751 «nt

258 2777 343 2827 medin
358 2777 388 2825 cle
399 2780 469 2823 nocta
481 2774 593 2835 Falerni,
612 2773 658 2823 ubi
670 2774 740 2823 vide.
756 2800 784 2809 -
821 2783 961 2833 serpena·
980 2773 1052 2822 Nove
1069 2772 1170 2823 dicorm
1182 2786 1243 2823 esse
1255 2777 1353 2825 monet

260 2848 369 2912 Falerni]
391 2848 448 2897 vid.
468 2848 501 2897 ad
520 2848 567 2899 0d.
587 2850 614 2905 l.
633 2850 678 2907 20,
699 2849 741 2897 ⁴0.
756 2874 784 2884 —
824 2848 927 2895 comm.
945 2846 1037 2908 cruq,
1055 2846 1127 2910 qnod
1146 2845 1351 2911 intelligendum

260 2921 439 2983 Οοοηαὸνουίε]
450 2934 497 2971 «eo
509 2924 619 2985 propter
630 2923 682 2972 hoo
696 2924 785 2985 ipsum
821 2932 884 2969 reor
900 2918 933 2969 de
951 2932 1002 2969 usu
1018 2921 1136 2985 tropieo;
1154 2922 1260 2991 κυρίως
1271 2934 1353 2972 usur*

260 2996 403 3060 simplem
417 2997 446 3044 ut
456 2998 486 3045 Α.
500 2998 527 3043 P.
542 2996 603 3046 ⁴98:
621 3010 721 3047 mansor
732 2996 787 3045 oro
821 2996 868 3058 pat
875 2995 929 3043 iam
938 2994 1043 3043 luerat.
1051 2996 1076 3055 6,
1082 2996 1140 3045 tito.
1149 3022 1177 3031 -
1186 2997 1275 3045 llidant
1282 2996 1350 3061 oet]

259 3070 306 3119 oia.
333 3092 360 3105 -
385 3083 436 3117 non
461 3069 577 3132 innidere]
605 3083 688 3130 «non,
722 3082 785 3119 cum
824 3071 907 3120 «liure
925 3080 1006 3119 namo
1022 3069 1214 3128 mihiinvidet3
1232 3072 1352 3120 tantum·

260 3146 367 3207 tempus
385 3145 437 3202 eat,
456 3141 618 3206 abrumpere
635 3145 705 3193 etin
721 3156 786 3207 per·
822 3142 903 3193 modo
919 3142 1011 3202 vicini,
1030 3143 1169 3206 siquando
1180 3142 1247 3193 dicia
1258 3145 1350 3194 etiooi

260 3218 371 3281 patuum
397 3216 472 3267 linire
498 3228 617 3275 amores,
645 3219 786 3281 compota·
823 3230 904 3267 cauea
921 3215 1037 3278 ligonem
1053 3214 1096 3266 vel
1116 3230 1235 3267 marram
1251 3221 1348 3278 tracto,

260 3292 346 3341 tiones
364 3293 444 3354 utque
461 3290 487 3341 id
505 3302 589 3353 genus
607 3288 683 3340 elia.»
711 3292 783 3355 Virg.
822 3294 945 3356 quamvis
956 3292 1059 3355 optimo
1077 3293 1103 3343 in
1121 3304 1166 3342 ma
1177 3294 1267 3342 animo
1284 3294 1347 3355 sint,

260 3364 357 3427 uela,
379 3364 423 3416 ll:
449 3378 528 3415 novor
543 3364 652 3415 tndem
668 3366 729 3415 litas.
755 3392 783 3403 -·
822 3370 912 3417 tamen
938 3365 1094 3426 subrident,
1121 3368 1183 3429 qnia
1208 3380 1263 3417 non
1288 3368 1349 3417 sina

260 3440 354 3506 hadwi]
373 3441 411 3491 Do
428 3450 479 3491 usu
489 3439 568 3489 huius
585 3452 645 3491 von.
662 3452 712 3503 pro
729 3440 787 3490 lma
822 3454 902 3491 oauaa
914 3441 1133 3504 horumoperum
1144 3442 1233 3491 minus
1245 3442 1349 3504 peritus

261 3516 294 3565 ol.
308 3512 466 3565 Doederlein
478 3514 571 3575 Senon.
587 3514 617 3563 ll.
631 3528 657 3577 p.
672 3514 712 3563 34.
822 3516 853 3565 iia
870 3514 990 3565 videor.»

293 3588 381 3638 37-39.
401 3588 506 3652 obliquo]
526 3586 661 3651 «maligno
679 3590 706 3638 et
720 3588 787 3639 invi·

260 3661 330 3720 do;»
349 3663 387 3711 sie
401 3658 498 3724 λοξοτς
515 3656 629 3727 ὄμμασι
645 3660 786 3732 προσβλέ-
854 3663 943 3715 lli-ll.
969 3664 1032 3715 Μ
1046 3665 1125 3715 Μ
1139 3665 1203 3730 oet]
1224 3666 1283 3716 «stc
1301 3665 1350 3717 llr-

261 3748 334 3793 κειν,
344 3736 409 3785 tirnia
418 3738 505 3797 oculta,
516 3738 622 3787 sciant.
636 3738 706 3801 virg.
716 3740 783 3788 Aen.
822 3750 897 3788 mum
920 3751 970 3801 ago
988 3741 1156 3803 propositum
1173 3743 1269 3790 teneo:
1298 3754 1349 3791 voa

262 3810 302 3867 ll,
316 3808 378 3859 3³7:
398 3810 505 3871 Otitquo
520 3812 624 3861 invidia.
646 3838 672 3849 -
692 3812 783 3875 limat]
821 3812 907 3874 rar-vi,
924 3813 1047 3864 nominas
1063 3813 1136 3865 leues
1154 3817 1235 3878 atque
1253 3817 1349 3867 inoou-

263 3882 354 3945 aquaai
371 3880 433 3932 lima
445 3884 542 3943 atterit,
555 3886 693 3935 attenuare
704 3898 785 3935 cona·
820 3888 936 3948 sontes,
962 3885 1026 3938 illud
1043 3902 1154 3952 semper
1169 3888 1346 3951 desideratis,

261 3960 331 4007 tur.»
348 3956 514 4020 Porphyrion
532 3956 658 4021 explieat:
678 3959 784 4009 «invido
820 3958 894 4022 quod
911 3961 1003 4023 procul
1020 3974 1036 4011 a
1052 3961 1130 4014 vobis
1144 3965 1200 4023 εει,
1220 3966 1248 4013 tu
1261 3967 1348 4016 mavia

261 4028 339 4079 oculo
356 4029 467 4081 fascinat
478 4046 505 4089 ς»
531 4032 579 4082 aed
597 4032 666 4083 hane
682 4033 784 4095 signifi·
820 4035 919 4084 Romae
936 4034 1035 4099 degere
1053 4038 1082 4085 et
1097 4049 1159 4087 oum
1175 4039 1267 4087 cetera
1284 4052 1347 4089 maa

262 4106 395 4155 cntionem
407 4116 540 4169 nusquam
552 4104 634 4157 hahet
644 4121 670 4156 v.
683 4108 783 4168 limera,
820 4106 917 4159 lamilia
944 4108 1047 4160 urbana
1073 4122 1135 4161 ease
1162 4112 1267 4172 dimid,
1297 4112 1349 4162 da·

261 4178 333 4243 quod
350 4191 459 4244 semper
470 4182 511 4231 eat
521 4174 621 4251 ῥινεῑν,
632 4182 717 4243 satan:
737 4194 785 4245 po·
820 4194 949 4245 manaa,·
975 4182 1064 4244 cibor,
1091 4196 1160 4247 quoa
1176 4185 1348 4248 diapenaator
1448 4189 1449 4192 ’
