2925 4892
235 324 297 395 168
611 299 938 377 nonnrnstnmnun

277 493 362 578 Ergo
383 511 448 556 non
470 489 548 555 setis
570 498 620 555 est
640 489 708 555 risu
730 487 886 585 diducere
909 489 1025 553 rictum

277 612 513 688 Auditnris;-
523 620 556 675 et
571 619 621 677 est
636 608 798 697 quaedam
813 618 919 675 tamen
935 606 987 674 hic
1002 628 1135 694 quoque
1150 610 1266 687 virtus3
1279 648 1325 659 -

278 732 333 797 Est
354 731 511 797 brevitate
533 751 632 817 opus,
659 739 695 795 ut
716 740 825 795 currat
846 728 1004 795 sententia
1025 749 1090 795 neu
1113 750 1149 796 se

278 852 436 938 Impediat
457 850 566 917 verbis
587 849 691 917 lassas
712 849 922 917 onerantibus
944 868 1057 925 aures3
1283 852 1326 915 ›l0

278 974 316 1038 Et
337 992 488 1042 sermone
510 992 594 1058 opus
615 980 667 1037 est
687 970 786 1037 modo
810 971 904 1045 tristi,
928 990 1028 1057 saepe
1051 970 1177 1043 iocoso,

279 1092 481 1160 Defendente
503 1091 608 1158 vicem
630 1090 728 1157 modo
751 1090 889 1157 rhetoris
912 1101 1010 1178 atque
1032 1098 1164 1177 poetae,

301 1292 325 1340 7.
345 1292 464 1342 deducere
480 1291 526 1355 bp.
548 1318 574 1326 -
596 1292 634 1340 te.
653 1290 718 1340 oteee
735 1286 875 1353 superscr.'
889 1300 915 1337 m
932 1290 957 1337 S.

269 1440 341 1489 7-t5.
360 1439 476 1489 omnem
485 1440 578 1489 muco
589 1440 651 1503 cet]
665 1438 761 1489 «lecto-
797 1437 996 1499 sondomootoem
1005 1436 1067 1501 cet]
1079 1438 1254 1502 osuscipieute
1264 1451 1330 1502 par·

236 1527 296 1563 rem
307 1511 348 1563 vel
360 1514 472 1565 invitum
483 1514 517 1563 ud
534 1515 617 1565 risum
629 1514 705 1577 quasi
717 1527 761 1563 co-
799 1514 840 1561 tes
866 1511 978 1561 oratoris
1005 1525 1037 1561 ac
1063 1513 1188 1575 potteepa
1214 1513 1329 1577 proprie

236 1600 314 1651 gere,
335 1588 360 1637 ei
372 1588 455 1637 risum
472 1588 612 1651 prolusum
623 1599 760 1637 movere.»
799 1587 850 1647 itu,
873 1587 902 1636 ut
921 1584 988 1636 oliae
1011 1587 1099 1637 minus
1116 1590 1193 1651 eptae
1210 1600 1331 1638 arcean-

235 1660 762 1727 tpul.demagtaoopsetoud:ue-
798 1662 850 1710 tur.
886 1658 1011 1710 Similiter
1036 1661 1065 1711 Α.
1088 1662 1116 1710 Ρ.
1140 1660 1202 1710 493ι
1227 1662 1332 1711 Actoris

235 1737 327 1785 notetis
336 1736 402 1799 forte
412 1736 433 1785 rt
444 1735 538 1785 uocato
547 1736 642 1786 memus.
655 1734 760 1795 Quintil.
795 1738 883 1797 partes
904 1734 993 1783 ollonae
1010 1733 1166 1797 officiumque
1181 1736 1254 1785 virile
1269 1737 1331 1785 De-

238 1812 267 1872 l,
286 1812 331 1871 tt,
350 1810 377 1860 9:
405 1810 592 1861 obseruandum
608 1811 656 1861 orit
672 1811 760 1872 dmm,
798 1808 892 1871 [rodat.
914 1834 942 1843 -
960 1806 1074 1871 rhetorio]
1096 1805 1198 1857 Ellendt
1215 1808 1249 1859 ed
1266 1808 1328 1859 Cic.

236 1899 319 1934 --ne
335 1886 410 1935 labra
426 1887 642 1947 distorqueamur,
664 1886 762 1934 netm-
800 1881 833 1931 de
859 1882 930 1931 Oret.
952 1881 982 1940 2,
1009 1878 1034 1930 3.
1058 1894 1084 1945 p.
1104 1882 1164 1931 tot:
1193 1883 1332 1933 «Fuerunt

235 1960 347 2008 modiciae
366 1960 450 2009 italus
464 1960 557 2008 rictum
578 1960 709 2009 distendat.
730 1984 759 1993 -
800 1956 845 2020 qui
861 1956 985 2010 rhetorem
1009 1954 1105 2018 (etum)
1129 1955 1249 2006 Ciceroni
1273 1970 1331 2021 pro

235 2039 259 2082 ot
275 2038 310 2082 est
324 2032 387 2097 cet]
399 2045 578 2097 uquomquom
590 2033 641 2082 hoc
653 2046 762 2097 quoque
798 2035 914 2090 oratore,
933 2029 1084 2079 rhetoricum
1100 2042 1149 2093 pro
1161 2031 1272 2080 oratorio
1286 2030 1333 2081 di-

237 2120 291 2157 non
315 2107 456 2156 minimum
479 2108 576 2157 satirici
601 2110 696 2171 poetae
721 2109 763 2158 est
800 2108 873 2154 etum
885 2103 1088 2163 arbitrarentur,
1107 2101 1180 2153 velut
1196 2104 1334 2155 Heindor-

237 2180 389 2231 meritum.·
425 2180 464 2229 De
481 2180 533 2229 hoc
549 2193 600 2231 usu
616 2181 763 2243 perdocet
800 2178 851 2228 dus
868 2177 930 2227 lecit
947 2177 980 2226 od
994 2177 1057 2226 llor.
1071 2176 1156 2226 Serm.
1170 2178 1198 2238 l,
1218 2179 1261 2239 tt,
1282 2180 1330 2229 ⁴2.

236 2259 320 2303 tomen
337 2251 445 2303 consule
462 2254 550 2316 Reisig
560 2254 616 2303 Lat.
629 2255 760 2316 Spraclw.
800 2251 900 2302 abusus
917 2254 944 2301 et
961 2251 1012 2300 hoc
1024 2248 1083 2300 loco
1095 2252 1122 2300 et
1132 2251 1204 2301 Bruti
1217 2253 1262 2311 tt,
1282 2250 1331 2303 te.

237 2341 264 2391 p.
283 2326 332 2378 ltu
349 2338 390 2390 sq.
412 2352 440 2363 -
457 2327 584 2392 brevitate]
603 2330 656 2379 Cio.
671 2328 705 2379 de
716 2329 760 2379 0r.
799 2326 873 2375 Flnn.
886 2326 915 2387 t,
934 2326 962 2387 6,
982 2325 1033 2385 Π,
1046 2323 1144 2388 quihus
1156 2325 1218 2376 eddi
1231 2326 1333 2389 utique

237 2403 269 2462 2,
288 2402 333 2462 80,
351 2402 412 2452 326:
442 2403 763 2467 sibreoitasappettancla
801 2398 1334 2463 poterstN.D.2‚t‚t.n-urtomiDo-

236 2480 286 2536 est,
298 2476 469 2527 oumoertutn
478 2478 575 2526 nudum
584 2480 716 2528 redundat.
732 2504 760 2514 -
800 2474 890 2523 mitius
902 2474 1004 2524 llursus
1015 2483 1059 2537 op.
1076 2472 1181 2533 Quintil.
1192 2473 1216 2534 6,
1229 2473 1253 2533 3,
1267 2474 1330 2524 405.

236 2549 334 2613 currat]
344 2548 441 2600 «multo
450 2564 513 2601 cum
524 2550 645 2601 facilitate
655 2564 764 2617 progre—
801 2548 921 2608 Catonis,
940 2550 969 2596 ut
985 2548 1032 2609 nit,
1051 2548 1204 2610 opinionem
1216 2548 1334 2599 secutus

237 2624 325 2674 diatur
345 2638 434 2687 neque
452 2624 584 2675 claudicet
606 2639 674 2676 neve
697 2627 763 2676 insi·
800 2620 979 2671 urbanitatem
1006 2623 1042 2672 ltu
1071 2620 1180 2671 definit:
1212 2620 1336 2671 Urbanus

238 2699 316 2747 stet.»
344 2698 524 2761 Reprehendit
546 2698 635 2749 Lucilii
653 2700 763 2750 nimiam
800 2696 872 2745 loono
895 2696 959 2756 m't,
985 2698 1056 2746 maists
1075 2696 1156 2746 multo
1177 2696 1236 2745 bone
1257 2695 1335 2745 dicta

237 2771 429 2823 verbositatem
452 2774 521 2835 (vide
546 2776 693 2825 Excursum
711 2774 762 2836 ill,
800 2782 968 2832 responsoque
983 2775 1068 2833 emant,
1087 2775 1111 2820 ol
1126 2772 1171 2830 qui
1186 2771 1214 2819 in
1229 2782 1334 2820 temno-

238 2844 456 2909 lrequentesore
466 2848 654 2910 digressiones,
665 2848 763 2911 quibus
801 2845 887 2905 nitu,
914 2845 1030 2905 circulis,
1056 2844 1188 2906 conuiuiis,
1216 2845 1275 2894 mm
1301 2846 1333 2895 tn

237 2918 307 2969 vitiis
324 2918 536 2981 deletigubontur
558 2920 670 2972 fortusse
688 2922 764 2973 multi
801 2919 964 2979 eoistionttus,
987 2920 1054 2968 omni
1071 2919 1175 2979 denique
1191 2918 1244 2968 ioco
1259 2920 1332 2969 ridi-

238 2992 293 3042 ium
318 2993 453 3043 Horutioni
478 2996 606 3058 tempon's
631 2994 762 3057 lectores,
801 2994 855 3043 cult
870 2994 1044 3054 commodeque
1060 2992 1131 3042 dicet.
1153 3018 1180 3028 -
1196 2994 1331 3055 parcentis

239 3078 293 3115 non
310 3080 374 3116 vero
398 3065 488 3116 Lucilii
507 3066 642 3130 aequales.
666 3098 693 3106 -
714 3072 764 3122 lli-
800 3067 964 3130 viridescet]
978 3068 1140 3116 Diintzerus:
1160 3068 1330 3117 «anoder

238 3138 358 3189 rabiliter
378 3131 469 3191 eutem
491 3140 614 3192 versibus
637 3144 663 3192 tt
684 3156 762 3207 seqq.
803 3141 853 3190 Tou
864 3142 1023 3191 dsslteduers
1033 3142 1085 3190 und
1095 3140 1210 3191 Dichters
1220 3142 1329 3205 nomo,

238 3214 324 3263 totum
333 3215 433 3265 Satires
444 3213 615 3286 χαρακτῆρα
626 3216 762 3268 describit.
801 3217 867 3278 sript
887 3215 939 3265 siclt
960 3216 998 3265 dis
1013 3216 1076 3265 volte
1097 3216 1172 3278 Krolt
1189 3216 1234 3265 der
1248 3218 1331 3277 node,-

239 3288 344 3339 Etenim
360 3288 543 3363 diliicillimnm
564 3292 616 3341 hoc
633 3304 717 3354 genus
737 3292 764 3342 id
802 3290 867 3340 diors
881 3303 949 3339 muso
965 3290 1026 3339 abor
1041 3290 1162 3340 suwellen
1178 3291 1332 3341 switelm-e-

239 3364 363 3426 requirit,
389 3368 432 3426 ut,
460 3367 506 3429 qui
531 3367 557 3416 in
579 3378 612 3415 eo
629 3364 762 3426 elaboret,
802 3370 842 3415 ten
858 3364 910 3413 uod
926 3368 986 3413 stott
1006 3365 1089 3413 desset
1106 3364 1145 3414 dis
1160 3364 1332 3428 pswotdiclre

239 3436 321 3488 modo
337 3441 428 3490 ututur
442 3453 555 3490 eorumne
571 3441 648 3501 tmoli,
667 3440 763 3499 idest,
801 3441 847 3490 Art
868 3440 912 3489 der
932 3440 1015 3503 seium
1036 3440 1267 3502 Umponpstprnclto
1285 3454 1332 3503 pe·

240 3512 763 3577 «puvimerioetuddoeendumapto»,
801 3514 879 3563 wdtlt
902 3515 1027 3563 werdon.»
1052 3540 1079 3549 -
1107 3514 1247 3563 Ridiculum
1271 3515 1332 3563 ueri

240 3585 325 3649 qualis
352 3588 477 3638 rhetorem
502 3587 662 3650 (oratorem)
689 3593 766 3649 atque
803 3587 864 3652 cet]
883 3588 951 3637 Scite
975 3586 1105 3650 significet
1128 3599 1282 3638 sermonem
1302 3589 1331 3638 et

237 3662 341 3720 potions
363 3661 459 3723 decet,
488 3663 603 3725 graviter
629 3662 764 3712 interdum
803 3662 922 3711 iocosum
939 3664 966 3711 et
987 3660 1121 3711 urbanum
1144 3662 1170 3709 in
1196 3663 1250 3711 toto
1275 3660 1331 3711 hoc

239 3732 379 3784 hominum
416 3736 477 3786 vitia
514 3736 762 3799 reprehendentes,
802 3736 948 3785 Satirarum
965 3748 1064 3797 genere
1077 3734 1111 3783 ud
1127 3734 1330 3797 permovendos

241 3805 322 3855 modo
346 3808 442 3869 iocoso,
472 3807 557 3871 qualis
583 3811 625 3858 est
649 3809 764 3860 hominis
802 3809 933 3859 lectorum
950 3812 1053 3860 animos
1065 3807 1224 3873 plerumque
1236 3810 1331 3861 ellicu-

239 3880 345 3939 urbani,
370 3882 386 3930 i.
400 3894 424 3931 e.
439 3882 544 3943 «lereti,
564 3882 718 3947 elegantis»,
738 3886 765 3935 et
803 3886 904 3934 olorem
922 3896 982 3934 esse
1005 3895 1086 3947 quom
1108 3883 1331 3935 declamatorium

240 3951 329 4003 locum
354 3954 436 4004 hobel
464 3956 593 4020 imprimis
619 3959 645 4008 in
670 3970 765 4008 narra-
803 3957 889 4019 illum,
909 3958 1012 4009 tristem
1029 3970 1061 4007 oc
1078 3958 1188 4007 serium,
1219 3956 1272 4009 Cle.
1292 3956 1328 4007 de

240 4026 362 4079 tiuneulis
379 4029 500 4091 comicis,
519 4028 621 4082 labellis
633 4034 762 4096 Aesopiis,
802 4033 845 4083 0r.
859 4034 887 4095 2,
900 4032 945 4094 ts,
958 4032 1019 4083 236:
1038 4032 1185 4093 odiosasque
1194 4044 1235 4081 ros
1245 4044 1330 4093 saepe,

241 4101 392 4166 dialogis-
409 4106 626 4167 modo-saepe„
648 4108 765 4156 osorton
803 4120 866 4169 puer
881 4111 1031 4171 arpunwnto
1047 4106 1109 4156 dilus·
1126 4120 1177 4156 non
1191 4106 1267 4169 facito
1282 4110 1329 4165 est,

238 4178 374 4238 lotsrdtenl
387 4177 460 4229 Conl.
472 4180 524 4229 Sat.
540 4181 567 4241 t,
585 4180 615 4241 9,
633 4180 657 4229 9.
673 4206 701 4218 -
714 4183 765 4233 De-
801 4182 855 4231 ioco
872 4182 974 4243 &uque
990 4181 1100 4231 dissoluit
1113 4178 1228 4245 (orator).
1248 4180 1331 4239 Quin·
