2925 4892
507 394 568 444 ern.
586 394 617 443 n.
636 394 735 445 aaran
755 394 785 443 ιι.
1136 390 1199 456 679

144 548 276 615 Natales
296 557 386 636 grate
408 549 586 615 numeras?
611 549 754 635 ignoscis
777 548 916 616 amieis?
1135 548 1197 616 2l0

143 670 264 737 Lenior
284 678 316 735 et
337 668 452 735 melior
472 667 512 735 lis
533 669 710 737 aooedenta
732 670 887 736 senecta?

146 789 232 870 Quid
253 800 285 857 te
307 798 457 877 exempta
477 789 563 857 levat
583 789 685 877 spinis
707 788 749 857 de
771 788 918 876 pluribus
941 791 1027 856 nna?

146 911 262 978 Vivere
283 911 310 977 si
333 920 422 978 reete
444 910 568 987 neseis,
592 909 717 977 decede
740 910 861 997 peritis.

146 1032 265 1099 Lusisti
287 1032 379 1108 satis,
401 1032 496 1099 edisti
517 1032 596 1099 satis
617 1042 714 1119 atque
736 1030 860 1099 bibisti:

169 1202 229 1251 2⁴2.
247 1202 312 1252 boat
327 1204 383 1252 tres
399 1200 483 1253 Codd.
496 1198 630 1263 Blandis„
650 1201 684 1263 c,
708 1200 859 1265 Basileios,
879 1199 1075 1266 Dillenbnrger:
1094 1204 1164 1254 iterat

135 1274 205 1338 bSd,
231 1274 341 1327 Bentleii
363 1279 390 1326 et
413 1276 529 1326 Poltierii
552 1288 660 1337 ornnes,
687 1276 759 1336 rus,
784 1277 850 1327 iuvet
871 1290 886 1327 c
904 1278 931 1326 et
947 1278 1002 1325 tres
1020 1276 1162 1338 semidii,

138 1350 177 1399 Lt.
200 1378 228 1386 -
246 1350 304 1401 2⁴3.
322 1350 401 1401 nesae
417 1351 489 1410 dum,
508 1350 567 1399 cede
582 1348 783 1412 (lombersart.

103 1498 138 1547 de
156 1498 255 1563 nuptiis
275 1497 366 1547 babilo
386 1498 533 1548 certamine
550 1510 566 1547 a
583 1496 632 1547 lli-
668 1492 764 1568 Γῆρας
781 1491 853 1549 ἐπὰν
869 1494 923 1561 μὲν
939 1492 1018 1569 ἀπῇ,
1040 1494 1096 1561 πᾶς
1113 1490 1196 1560 elixa-

103 1584 189 1621 nerva
207 1572 276 1622 iilam
292 1572 379 1622 victus
397 1574 452 1633 ast,
479 1574 506 1621 et
523 1570 632 1621 obtentu
668 1586 728 1632 rue,
747 1564 785 1637 ἢν
801 1568 833 1621 δέ
849 1572 912 1621 ποτ’
929 1564 1013 1643 ἔλθῃ,
1033 1572 1193 1637 Minentur.

101 1647 255 1709 virginitate
266 1646 383 1697 Minerva
395 1646 510 1695 Neriene
525 1648 567 1695 est
582 1658 632 1710 ap-
670 1674 698 1684 —
716 1646 791 1710 levat]
810 1647 881 1697 Haec
898 1658 961 1697 vera
978 1646 1086 1697 videtur
1106 1646 1194 1709 lectio,

101 1719 229 1785 pellata.»
247 1720 322 1769 ovid.
342 1720 410 1769 Fast.
427 1720 458 1780 a,
477 1718 541 1769 tsi:
562 1721 633 1769 ilitio
667 1721 739 1771 luem
755 1720 902 1783 glossema,
926 1720 975 1771 etsi
997 1721 1048 1771 hoo
1064 1722 1197 1785 praebent

100 1796 151 1845 en't
160 1794 265 1854 ostem,
277 1798 403 1843 nocturno
413 1794 541 1855 [emerim
554 1796 630 1843 sueri.
669 1795 753 1845 codd.
763 1793 879 1859 plurimi.
893 1795 974 1844 Recta
985 1792 1134 1845 Bentleius:
1148 1796 1196 1845 ele·

100 1870 214 1931 luserint
232 1866 316 1917 mats
331 1866 450 1917 tionibus
464 1866 511 1917 lllo
527 1867 630 1919 dabam.
666 1876 713 1921 ool
728 1873 756 1921 et
772 1871 858 1934 aptius
877 1874 918 1921 est
934 1872 1082 1921 sententiae
1099 1874 1125 1921 el
1141 1873 1195 1921 Ho-

102 1943 238 2006 (Lemuria
255 1942 308 1991 Vll.
324 1942 355 1991 V.
371 1942 413 1992 ΙΙΙ.
439 1940 631 1992 1d.llai.Vide
668 1946 735 1994 ratio
753 1942 888 1994 familiare.
908 1942 983 1995 Conl.
998 1944 1081 2008 Epod.
1097 1945 1137 2005 ll,
1152 1946 1192 1994 ll.

101 2014 263 2067 Kalendaria
288 2017 315 2065 in
337 2017 421 2066 inser.
440 2017 509 2066 meis
526 2017 580 2065 Lat.
598 2017 630 2065 11.
669 2021 709 2082 ⁴7,
720 2020 761 2069 te.
776 2020 864 2069 Carm.
876 2020 934 2067 Sec.
946 2018 986 2069 63.
1000 2020 1053 2068 Sat.
1065 2020 1089 2079 2,
1100 2018 1125 2080 3,
1135 2020 1192 2069 292.

100 2104 128 2155 p.
152 2091 230 2153 330.)
255 2118 283 2127 -
308 2094 477 2152 portentoque
504 2090 631 2150 lbeesolo]
668 2091 866 2157 Epp.l,8‚8.»
886 2093 1032 2156 Praecipua
1049 2091 1194 2157 interpola-

100 2163 240 2215 Tbessalia
256 2166 367 2228 propter
386 2176 465 2226 sagas
481 2163 632 2226 hammqna
668 2168 747 2218 tionis
765 2178 846 2218 eausa
858 2165 919 2228 luit,
938 2165 1084 2229 quodcum
1097 2168 1162 2229 Quid
1172 2172 1196 2216 te

100 2239 262 2303 praestigias
272 2238 377 2289 intumis
389 2241 455 2287 erat.
474 2236 533 2287 vid.
546 2236 595 2286 0d.
607 2238 630 2298 l.
668 2243 735 2292 levat
752 2241 868 2306 positum
886 2254 935 2304 pro
952 2242 1020 2291 Nom
1036 2245 1060 2290 te
1071 2242 1136 2291 levat
1148 2240 1199 2291 ob-·

100 2314 150 2373 m,
163 2314 207 2362 tl.
226 2312 311 2377 Epod.
325 2314 356 2373 li,
369 2312 409 2363 it.
438 2312 469 2365 lli
481 2318 601 2375 portenta
615 2324 631 2360 u
668 2329 779 2368 scarum
789 2314 935 2375 videretur,
953 2315 1147 2366 substituerunt
1158 2316 1196 2366 io-

99 2386 358 2451 terrortbuemeptets
375 2386 540 2449 (umbrarum
552 2398 633 2449 prae-
667 2397 720 2443 eat.
742 2416 769 2427 -
788 2388 873 2453 minis]
896 2388 1089 2442 Sollicitudinas
1112 2404 1194 2442 vanas

100 2462 198 2511 sertim
223 2460 448 2525 apparitionibus)
475 2460 629 2523 distingues,
669 2469 750 2529 atqua
778 2464 861 2513 animi
888 2462 1104 2527 perturbationes
1132 2476 1194 2515 cum

100 2536 191 2598 eogila
202 2534 237 2584 de
246 2534 307 2586 luna
320 2548 336 2585 e
347 2534 423 2585 caelo
432 2533 547 2584 deducta
557 2532 629 2597 (Plio.
669 2540 752 2603 spinis
770 2539 915 2601 comparat.
938 2538 980 2586 Sin
992 2538 1058 2602 Epp.
1072 2540 1095 2598 l.
1110 2538 1149 2598 tt,
1164 2538 1194 2589 l:

100 2610 134 2659 ll.
148 2611 180 2659 ll.
194 2608 242 2669 30,
262 2610 289 2669 t,
302 2610 331 2658 2:
352 2610 491 2659 Menander
508 2608 631 2658 iberra·
669 2614 807 2671 commus,
826 2612 911 2673 minos
922 2611 1038 2661 animone
1049 2612 1195 2675 eposortiut

99 2684 169 2733 lom
184 2683 508 2747 mfflsmrrinonttsollulorn,
526 2683 632 2744 mopte-
668 2700 703 2736 απ
720 2685 857 2735 tquellos
868 2698 941 2747 apro.
957 2710 981 2722 -
996 2686 1070 2747 reete]
1089 2686 1194 2735 rvlrtuti

97 2770 168 2809 m
189 2758 308 2821 ornboqes
328 2758 482 2820 sonim
498 2757 632 2807 muoter-
669 2760 891 2811 couvenienter.·
918 2786 945 2794 -
977 2760 1063 2809 decede
1086 2758 1192 2823 petiis]

98 2835 168 2883 uum
183 2832 307 2896 herum),
328 2832 363 2882 de
379 2832 519 2882 bominum
537 2832 563 2881 ln
580 2831 632 2881 be·
670 2834 816 2895 «Quoniam
834 2834 907 2882 recta
924 2834 1014 2883 vivere
1033 2832 1129 2895 nescis,
1148 2833 1194 2895 qui

99 2909 169 2959 elias
180 2908 328 2957 mutatione
340 2908 410 2966 eel.;
427 2908 555 2957 miraculo
565 2918 631 2956 vero
668 2910 742 2958 vivas
754 2906 861 2957 omnino
873 2906 996 2969 indignus
1008 2920 1052 2967 es;
1068 2908 1193 2970 quocirca

98 2985 168 3033 sunl
192 2980 264 3045 globi
286 2982 370 3045 ignei,
395 2980 513 3045 lapidum
532 2978 629 3045 pluvia,
668 2980 808 3032 moriendo
826 2981 859 3030 da
876 2979 965 3031 locum
977 2980 1192 3045 sapientioribus,

98 3069 187 3107 voees
204 3056 331 3117 deorum,
355 3057 386 3105 ut
401 3054 499 3105 Silvam
517 3056 583 3117 (le.
601 3056 629 3115 2,
668 3056 767 3120 quibus
784 3057 829 3105 tua
845 3056 975 3119 pravitate
988 3068 1020 3105 ac
1032 3054 1131 3106 desidia
1143 3053 1195 3105 ob·
1261 3056 1267 3073 '

99 3133 154 3195 7.),
173 3130 214 3180 Ati
226 3131 368 3193 Loquentis
380 3131 408 3180 et
419 3128 547 3193 pleraque
559 3129 631 3192 apud
668 3134 749 3181 stas.»
778 3130 850 3179 liano
867 3133 956 3179 autem
968 3141 1060 3179 veram
1072 3128 1122 3179 loci
1135 3143 1195 3180 sen-

99 3205 201 3257 lulium
218 3204 425 3268 Obsequentem.
668 3207 778 3256 tentiam
796 3216 856 3255 asse
874 3202 1060 3255 demonstrant
1071 3217 1140 3268 quae
1153 3218 1195 3256 se·

669 3280 801 3343 quantur,
829 3278 854 3327 in
880 3276 977 3341 quibus
1002 3278 1141 3328 manifesto
1160 3278 1193 3329 de

133 3352 272 3403 aro-alo.
300 3352 403 3402 Natales
418 3356 492 3416 pote
504 3350 631 3416 meos]
669 3356 756 3404 morte
774 3352 834 3415 agit.
864 3350 1027 3401 Obversatns
1045 3364 1105 3401 esse
1121 3352 1195 3401 vide-

101 3426 201 3489 ·Quod
222 3439 276 3477 non
297 3426 399 3477 iaciunt
419 3426 531 3477 nimium
547 3426 632 3477 timidi
670 3430 713 3477 tur
730 3429 827 3489 poetae
845 3424 934 3474 animo
951 3424 1043 3474 similis
1060 3422 1134 3473 loeus
1146 3424 1195 3473 Lu-

101 3502 138 3553 ad
156 3504 326 3552 senectutem
337 3505 365 3551 et
376 3503 506 3561 mortem,
526 3500 586 3563 quia
599 3514 633 3550 ex
670 3500 746 3551 cretil
762 3500 793 3559 3,
811 3498 869 3549 aot.
899 3498 1058 3561 Neutiquam
1075 3510 1140 3547 vero
1157 3498 1194 3548 sl-

101 3576 239 3629 natalibus
260 3575 349 3627 multis
372 3576 475 3627 obitum
498 3576 552 3625 iam
567 3588 633 3639 pro·
669 3573 790 3638 gnilleat:
811 3571 873 3623 «Alii
891 3576 917 3621 te
934 3572 1018 3634 magis
1030 3574 1092 3621 sunt
1101 3572 1192 3635 periti;

101 3654 238 3717 pinquum
266 3651 484 3715 perhorrescunt.
497 3670 510 3696 s
538 3652 631 3699 Poena.
669 3650 719 3699 hos
745 3648 824 3711 igitur
848 3646 939 3697 debito
963 3645 1066 3695 honore
1090 3644 1194 3696 alfiae.»

102 3728 163 3775 iloe
179 3725 267 3788 ipsum
285 3725 311 3773 in
328 3724 633 3787 amicoquodamprae-
669 3724 716 3773 Est
742 3724 831 3771 autem
857 3720 932 3771 locus
958 3720 1121 3782 eommunis,
1149 3721 1194 3784 qni

102 3800 178 3850 dicat
195 3796 319 3849 Martialis
337 3799 382 3859 lo,
401 3796 450 3847 23:
473 3798 529 3847 lom
544 3809 633 3846 otene·
670 3795 776 3847 Florum
794 3794 931 3844 offendere
949 3794 1058 3843 minime
1079 3795 1193 3857 poterat.

101 3878 147 3923 rot
160 3872 264 3935 placido
279 3872 343 3934 [elio
352 3872 473 3921 Antoniae
482 3884 544 3921 oeno
556 3871 635 3933 Quin-
673 3898 699 3905 -
719 3868 819 3933 Lutati]
837 3866 953 3931 intellige
970 3868 1086 3917 maxima
1104 3866 1137 3917 de
1154 3881 1196 3918 re·

102 3946 634 4007 mmmmmeotpmpteeesaeree
670 3944 722 3993 bus
740 3944 872 3993 venereis.
900 3942 939 3992 Cl.
958 3941 1088 4005 imprimis
1104 3942 1194 3991 Naelril

102 4021 240 4080 mleque
257 4020 308 4069 (lies
318 4024 342 4070 et
352 4025 417 4069 lotos
430 4020 532 4082 respicit
542 4032 631 4080 aenos,
671 4016 823 4069 Choerilum
835 4030 861 4080 p.
877 4016 923 4067 lilii
935 4027 1024 4079 seqq,
1042 4016 1086 4077 qui
1098 4026 1125 4078 p.
1136 4013 1194 4064 ato.

102 4096 156 4145 Neo
163 4092 630 4157 mummteumnepmtreeaee.
671 4092 750 4143 allert
759 4102 868 4141 versum
881 4102 914 4139 ex
925 4088 991 4139 Plut.
1001 4088 1035 4138 de
1049 4088 1107 4137 lori.
1120 4086 1193 4136 Alex.

105 4167 181 4231 Volgi
198 4172 291 4219 contra
307 4180 413 4219 morem
434 4169 559 4233 exprimit
575 4168 633 4220 llio-
670 4168 714 4217 Or.
736 4167 761 4215 2.
783 4177 808 4229 p.
836 4164 893 4215 336.
916 4165 951 4215 C:
976 4156 1090 4219 Ἒσθιε,
1117 4164 1193 4219 πῖνε,

104 4246 231 4294 neantes
251 4244 278 4295 iu
294 4243 400 4295 anthol.
418 4244 472 4295 Pal.
490 4246 521 4293 ll.
539 4258 566 4307 p.
584 4244 631 4293 tl:
670 4237 871 4310 ἀφροδισίαζε·
884 4227 1013 4287 edundi
1025 4230 1117 4288 οὐδέν.
1137 4236 1195 4285 San
