2925 4892
247 365 309 430 74¹2
730 367 859 417 nonani

288 522 436 587 intererit
458 522 583 611 Satyris
606 520 739 607 paulum
762 486 951 606 pudibunde
973 523 1140 609 protervis.

288 645 359 709 Non
381 663 442 729 ego
467 644 612 707 inornata
633 651 666 707 et
686 640 885 707 dominantia
907 644 1036 708 nomina
1062 642 1166 708 solum

288 762 477 850 Verbaque,
502 764 651 836 Pisones,
676 762 868 850 Satyrorum
889 767 1028 850 scriptor
1049 762 1181 842 amabo;
1274 766 1335 830 235

286 886 353 951 Nec
375 885 423 950 sic
444 886 547 951 enitar
566 884 687 971 tragico
710 882 842 950 differre
868 883 984 961 colori,

293 1075 350 1126 234.
369 1076 469 1125 nornine
485 1076 513 1123 Β.
535 1103 561 1111 -
580 1074 638 1124 tit.
662 1088 697 1122 ao
713 1075 803 1123 codas
820 1086 882 1123 cum
900 1072 1034 1137 plerisque
1053 1074 1136 1125 Codd.
1160 1074 1303 1139 bSTEcdp.

246 1242 336 1292 Matris
353 1240 461 1290 deumn·
480 1244 558 1290 Aeso.
588 1242 646 1301 Quo
658 1240 773 1291 retertur
811 1252 880 1302 quae
895 1240 988 1289 Graeci
1005 1234 1091 1309 κύρια
1101 1242 1199 1291 vocent
1210 1242 1256 1291 aut
1268 1256 1337 1305 quae

246 1315 320 1365 locus
337 1314 421 1365 Ovidii
438 1314 515 1365 Trist.
528 1315 560 1374 t,
574 1315 619 1365 23:
638 1316 692 1377 ipss
708 1328 772 1377 quc-
811 1326 888 1377 reges
903 1310 973 1377 ioqui
988 1312 1139 1364 scientie.
1153 1315 1293 1379 tumidas)
1309 1344 1335 1351 -

246 1403 294 1450 qus
309 1389 432 1438 Ausonius
454 1388 549 1437 Oscor
564 1393 707 1450 mosque
722 1402 772 1438 sio·
810 1388 1078 1452 nominc-Verbaque]
1105 1391 1134 1438 nt
1158 1390 1252 1439 Graeci
1276 1391 1338 1439 ante

245 1476 338 1525 moris
370 1463 492 1512 Camino
522 1463 666 1526 temperas
692 1464 774 1513 dicere
811 1459 980 1511 Aristotelem
991 1460 1129 1511 vocabulis
1143 1456 1338 1527 ὀνόματακαὶ
1446 1460 1447 1531 Ῐ

246 1538 317 1588 imstt
325 1536 696 1599 Opi-pautirrnpuditmrdc]
710 1538 773 1587 «sin
810 1528 1340 1604 ppmraomnesorationiaparteseom-
1446 1568 1447 1591 t

246 1612 347 1675 weatp
371 1611 578 1660 versctttmm
612 1609 772 1661 Incredihite
811 1608 1005 1674 plectebantur.
1025 1610 1064 1661 Ci.
1078 1611 1130 1661 Sat.
1146 1612 1173 1669 t,
1188 1612 1218 1671 3,
1235 1612 1284 1663 403
1296 1626 1337 1676 sq.
1446 1608 1447 1693 ᾗ

247 1689 290 1737 cst
313 1684 458 1737 Arnotdum
480 1685 548 1735 haec
571 1685 687 1735 iunxisse
710 1698 773 1735 cum
814 1710 840 1719 -
859 1684 1013 1745 satureiam
1034 1684 1152 1749 scriptor]
1180 1685 1244 1737 nihil
1267 1686 1339 1737 alind
1446 1732 1447 1735 ,

247 1765 415 1809 v.mctrooc.
443 1758 555 1809 Putabat
572 1759 609 1818 is,
637 1761 773 1809 matronas
811 1758 960 1820 significare
982 1760 1071 1822 potest
1095 1760 1145 1809 nisi
1167 1760 1340 1813 «tabidarum
1446 1744 1447 1825 i

246 1836 379 1885 Romanas
402 1846 465 1884 cum
485 1832 586 1895 Satyris
609 1830 705 1883 saltere
723 1845 774 1897 po-
811 1832 993 1894 Satyricarum
1017 1834 1161 1897 scriptor.»
1194 1836 1245 1885 etsi
1271 1838 1339 1887 mire
1446 1878 1447 1891 .

247 1909 341 1959 tuisse.
353 1934 381 1944 -
392 1905 654 1970 samm-promis]
664 1909 774 1971 propter
811 1905 944 1968 nonnulii,
958 1909 987 1957 ut
998 1908 1105 1967 Gonod,
1118 1907 1285 1972 distinguunt
1295 1926 1341 1961 ne-
1446 1908 1447 1935 ¹

247 1984 321 2033 iocos
332 1985 452 2045 agrestes
464 1986 491 2031 et
502 1980 661 2031 obscoenos.
683 1981 775 2031 Hesio·
810 1981 882 2031 misc
898 1982 979 2031 sotum
998 1980 1136 2043 Verbaque,
1155 1984 1267 2045 amnes,
1287 1988 1340 2036 Sc-

248 2055 275 2105 di
293 2057 333 2105 Fr.
346 2055 387 2106 st.
406 2054 517 2105 Goettiz
545 2054 601 2105 Καὶ
622 2055 705 2120 γένος
720 2048 774 2104 ori-
811 2060 939 2115 tymiama,
967 2056 1074 2117 scriptor
1090 2056 1196 2119 ornabo,
1221 2059 1264 2109 ets
1279 2060 1340 2109 ιω.

248 2124 370 2181 τιδανῶν
394 2124 531 2199 Σατύρων
553 2129 602 2178 καὶ
620 2122 774 2193 ἀμηχανο-
810 2140 876 2191 gogo
885 2129 1014 2179 ordinaire
1025 2130 1066 2179 des
1080 2130 1209 2191 servre..
1224 2160 1252 2168 -
1266 2148 1340 2185 ama.

249 2199 347 2272 εργῶν.
811 2202 849 2265 tc]
872 2196 1050 2268 «ἀγαπήσω,
1076 2202 1173 2255 talibus
1195 2212 1339 2259 contentus

280 2276 402 2329 idi-239.
428 2278 485 2327 Non
495 2290 541 2339 ego
551 2277 613 2341 cet]
626 2279 665 2327 De
674 2289 773 2340 genere
812 2288 885 2325 ero.»
903 2277 945 2327 Sic
958 2278 1046 2327 turen.
1059 2278 1084 2337 7,
1097 2278 1125 2327 9:
1143 2280 1212 2329 Nom
1222 2282 1245 2329 si
1255 2283 1340 2333 Pierio

249 2352 355 2403 dicendi
373 2365 453 2415 agere
470 2347 577 2420 peigit,¹
589 2351 661 2415 quod
679 2348 774 2402 tabulis
811 2352 942 2412 medearis
958 2351 1001 2401 titi
1017 2352 1101 2401 oratus
1112 2353 1138 2401 in
1150 2354 1243 2405 micro
1254 2358 1339 2408 Osteri-

249 2427 370 2488 satyricis
387 2426 537 2477 conveniat.
564 2426 734 2489 estnequam
747 2425 773 2473 in
812 2426 900 2485 dator,
928 2438 996 2476 coms
1017 2439 1107 2477 mmm
1122 2428 1266 2492 cietmnpus
1281 2434 1340 2482 Μα-

248 2503 368 2551 mentem
385 2501 450 2551 mihi
466 2500 572 2550 veniret
585 2498 687 2549 tabutas
699 2500 775 2561 Saty·
811 2502 925 2550 etoercs.
942 2526 969 2536 -—
982 2501 1033 2550 Nec
1049 2502 1084 2551 sic
1099 2502 1166 2564 cet]
1184 2506 1295 2569 «Neque
1316 2509 1338 2557 si

248 2576 318 2625 ricae
343 2574 477 2624 scribere:
488 2593 501 2619 a
527 2588 543 2624 a
566 2588 619 2637 quo
637 2573 774 2638 proposito
814 2573 930 2625 inbutam
948 2574 1092 2635 satyricam
1108 2588 1272 2640 componere
1284 2580 1339 2631 vet-

249 2649 371 2699 Horatins
388 2662 453 2699 sane
465 2648 643 2699 alienissimus
654 2650 721 2709 erat,
735 2650 775 2697 ut-
811 2648 874 2709 tem,
888 2650 1026 2713 tantopere
1038 2650 1121 2699 vitare
1133 2650 1273 2704 studerem
1287 2659 1339 2705 tra-

249 2726 311 2787 pote
328 2725 374 2786 qui
391 2726 486 2773 natura
502 2736 551 2773 sua
569 2736 583 2772 a
601 2725 658 2773 toto
674 2734 773 2785 genero
811 2724 862 2787 gtci
878 2724 1010 2774 sermonis
1027 2723 1290 2787 magniloquentiam.
1308 2733 1338 2780 ut

249 2798 355 2847 scenico
367 2797 539 2857 abhorreret,
557 2810 659 2860 neque,
678 2798 708 2846 ut
718 2796 774 2859 opi·
811 2800 879 2848 cet.»
892 2826 920 2834 —
934 2798 1035 2861 differre
1045 2798 1131 2863 cotom]
1144 2802 1286 2854 Notissima
1296 2808 1339 2855 est
1446 2842 1447 2863 2

249 2883 307 2930 nor,
320 2883 439 2933 unquam
448 2872 475 2920 in
484 2871 537 2920 hoc
545 2872 665 2933 satyrico
673 2883 773 2933 genere
811 2872 972 2923 constructio
984 2872 1128 2923 verborum
1140 2874 1336 2941 discrepantiae

250 2942 388 2992 elaborare
413 2942 549 2994 voluisset.
582 2972 608 2981 -
639 2945 773 3010 inmoto]
811 2945 1247 3014 cumdativotct.Sat.t,t,t8.);
1266 2952 1336 3004 maie
1446 2976 1447 2993 1

249 3028 319 3077 quae
334 3028 403 3075 pesa
419 3020 548 3066 vocantur
564 3018 619 3067 Set.
635 3019 664 3078 t,
683 3018 712 3079 t,
730 3019 772 3070 st.
811 3018 929 3071 nonnulli
945 3021 1040 3080 cotom
1064 3022 1147 3071 nostri
1165 3024 1250 3074 Codd.
1270 3025 1337 3077 site·
1446 3036 1447 3079 t

249 3089 306 3137 sine
324 3089 458 3151 tropis-
478 3090 655 3140 adonaisamia
669 3093 774 3143 aomina
811 3108 871 3145 rum
888 3094 1005 3145 firmant.
1037 3097 1075 3146 De
1092 3109 1152 3146 voc.
1171 3098 1242 3148 ector
1265 3102 1333 3152 coni.

248 3163 325 3221 sunt,
353 3173 422 3223 quae
439 3164 563 3231 κυρίοις,
585 3164 613 3213 id
630 3167 685 3223 est,
709 3178 773 3228 pro-
811 3169 1022 3234 appareas.
1039 3171 1332 3235 -DnochGtSatt,

248 3238 313 3300 priis
329 3236 465 3288 vocabulis
490 3238 568 3301 (quos
587 3243 696 3301 proprie
716 3247 774 3291 mat
812 3245 857 3303 to,
873 3244 914 3294 to.
931 3270 957 3279 -
976 3248 999 3294 et
1016 3244 1112 3308 anem]
1141 3248 1198 3295 «tta
1221 3246 1285 3311 (non
1301 3264 1334 3299 err

248 3316 271 3361 st
287 3316 357 3361 cata
372 3313 445 3374 quasi
460 3313 679 3365 coentatcremm
692 3328 773 3378 poene
810 3318 909 3381 omns)
927 3321 968 3367 est
984 3316 1142 3381 tegendum
1160 3332 1224 3371 nam
1242 3322 1335 3373 distin-

248 3400 301 3435 mrc
321 3392 384 3437 scta
403 3400 461 3437 cum
476 3388 550 3439 reim
563 3390 636 3451 ipsis,
663 3392 718 3441 Cic.
737 3392 771 3443 de
810 3394 927 3455 guantur
942 3392 1248 3456 ductantumgenere.»
1264 3398 1334 3447 tirso

248 3462 319 3511 Orat.
333 3462 357 3521 3,
371 3463 411 3521 3Ἱ,
425 3461 491 3526 tto.)
505 3468 692 3529 nuncupantur
704 3466 772 3528 tnui·
810 3469 884 3517 Turs.
898 3468 918 3516 1.
937 3480 963 3531 p.
978 3467 1034 3516 303.
1050 3494 1076 3505 -
1096 3468 1205 3531 Ppttricd
1225 3484 1333 3535 «perso-

248 3534 279 3585 tis
303 3537 466 3601 metaphoris
483 3538 631 3601 immixtis),
657 3543 686 3589 ut
699 3541 770 3601 tiber,
810 3555 842 3591 na
852 3542 955 3592 comica
965 3542 991 3592 in
1003 3542 1141 3593 comoedia
1153 3543 1254 3607 Lucilii,
1265 3560 1332 3610 quae

247 3613 578 3674 capsa,pagisa.»1’cnrn.
605 3616 691 3677 Atque
704 3616 771 3665 haec
810 3616 943 3666 inducitur
960 3628 1010 3680 per
1026 3617 1136 3667 astutias
1153 3617 1278 3681 accipere
1294 3634 1333 3671 ar-

248 3684 429 3745 interpretatio
447 3698 479 3734 ex
496 3686 666 3749 antiquorum
680 3691 773 3739 Gram-
809 3692 917 3754 gentum
936 3692 1084 3751 nSimone‚
1103 3692 1212 3744 domino
1230 3708 1289 3755 suo,
1308 3696 1331 3744 in

249 3756 420 3816 maticorum,
434 3760 471 3807 uti
482 3758 600 3818 videtur.
613 3760 712 3813 scholis
723 3763 773 3813 dn·
809 3764 901 3814 dotem
926 3778 991 3815 suae
1017 3763 1116 3815 tiliae.»
1143 3768 1229 3819 Coum.
1252 3770 1329 3825 croc.

248 3833 289 3878 cta
307 3828 384 3890 longe
398 3831 462 3879 mihi
475 3833 563 3883 verior
574 3835 770 3900 videturquam
810 3841 868 3900 (Pro
887 3838 975 3889 Lucttit
992 3838 1083 3890 metim
1100 3840 1215 3901 Caralim
1238 3844 1330 3893 eadem

246 3900 446 3953 Forcetliniana:
467 3906 516 3955 «ab
529 3907 654 3960 omnibus
670 3912 771 3973 passim
809 3913 928 3963 contusio
955 3917 997 3964 est
1020 3914 1047 3965 in
1068 3915 1199 3979 Spengelii
1218 3916 1330 3970 Caecilio

246 3980 373 4041 usurpata
398 3980 425 4028 et
447 3980 647 4042 quodammodo
667 3985 772 4035 inser·
809 3988 890 4037 Statio
912 4001 939 4051 p.
957 3988 1008 4051 60.)
1042 3990 1143 4051 Ppttias
1159 3993 1201 4042 est
1216 4004 1329 4056 persona

247 4066 326 4103 mone
344 4052 412 4116 volgi
429 4055 586 4107 dominantia
603 4062 630 4108 et
646 4058 771 4111 obtinen-
809 4062 910 4113 comice
928 4063 1009 4113 etium
1022 4064 1094 4127 apud
1106 4064 1294 4117 Phoenicidem
1305 4068 1328 4115 in

246 4127 307 4175 tia.»
329 4131 405 4189 (Acro
425 4131 452 4179 et
471 4128 508 4178 Gt.
526 4131 569 4179 T.:
595 4133 772 4186 «desinentis
809 4136 929 4187 tteiuekii
947 4138 986 4187 Fr.
1004 4138 1079 4189 Com.
1093 4139 1136 4189 Ν.
1155 4153 1181 4203 p.
1194 4142 1267 4203 ott..
1286 4138 1328 4189 ubi

245 4201 359 4264 nomina]
377 4204 498 4267 propria,
517 4206 707 4268 significantin3
726 4212 772 4260 aut
808 4210 911 4261 Editor:
931 4212 1067 4275 «Pythias,
1086 4212 1160 4277 quod
1171 4213 1328 4265 alissimus·
