2925 4892
275 384 336 450 442
635 387 764 438 uonnru
781 385 1005 438 srsromaou
1031 387 1036 397 ·

317 541 477 610 Pindarici
500 541 594 609 tontis
616 541 672 630 qui
693 562 759 608 non
784 539 941 628 expalluit
962 540 1112 618 haustus,
1318 538 1353 603 444

319 662 476 731 Fastidire
499 662 590 730 lacus
611 673 645 730 et
666 663 754 730 rivos
776 683 877 730 ausus
898 672 1039 750 apertos.

274 965 445 1030 ousdrebmde
461 965 685 1026 donaverim,
711 967 804 1014 museto
840 960 918 1013 herio
936 960 1110 1012 commendat
1126 961 1192 1026 Epp.
1207 964 1235 1022 4,
1253 963 1292 1023 a,
1313 975 1355 1012 ae·

273 1042 324 1090 mm
349 1039 545 1104 schtneicheldon
569 1039 630 1089 sein.
666 1039 701 1088 Ob
726 1051 755 1088 er
774 1040 803 1100 je
840 1035 928 1101 qualis
951 1037 1000 1087 luit
1022 1037 1137 1099 Horatii,
1162 1050 1188 1086 a.
1212 1051 1238 1088 u.
1262 1051 1285 1089 c.
1303 1036 1353 1087 tal.

274 1115 353 1164 donrit
368 1128 402 1164 zu
418 1115 512 1164 Stoode
527 1113 686 1178 quomrum,
711 1113 803 1162 wioton
839 1113 914 1163 XLV.
928 1124 1012 1163 anuos
1030 1113 1096 1174 nati,
1115 1112 1152 1161 uti
1168 1110 1251 1176 liquet
1261 1124 1355 1161 excar-

272 1190 323 1238 un'r
343 1190 424 1248 nictu
449 1189 502 1239 uin
526 1189 651 1238 Verdienet
666 1189 726 1238 oder
750 1189 803 1237 on-
840 1187 912 1238 mine
925 1185 1009 1247 44402,
1022 1186 1047 1235 o.
1066 1186 1135 1236 intra
1147 1185 1352 1237 appositi-itti.

272 1264 397 1314 vendicaret
412 1263 481 1313 Mun
497 1275 545 1312 uos
561 1261 720 1326 pkictpiiltip
736 1262 802 1321 seim
839 1262 989 1325 composito
1022 1260 1126 1323 Septini
1156 1261 1239 1312 chet
1267 1261 1355 1310 odim

273 1337 341 1387 niclt
360 1351 387 1387 so
409 1337 448 1387 die
465 1337 608 1400 Gesonutp
630 1337 671 1387 deo
687 1337 803 1386 Dicitur
838 1349 947 1396 mecum
968 1335 997 1386 id
1014 1335 1086 1399 quod
1103 1336 1130 1386 in
1147 1336 1244 1386 Titium
1259 1337 1300 1386 vix
1314 1349 1355 1385 ca·

274 1413 301 1461 io
323 1413 393 1474 dom,
419 1425 475 1461 coos
497 1425 525 1461 er
547 1425 582 1460 on
599 1413 666 1462 aeine
688 1412 803 1461 Freuudc
840 1409 889 1460 dit:
916 1423 980 1461 nam
1005 1411 1113 1461 Horatio
1139 1409 1225 1461 multo
1250 1410 1355 1460 iuniores

273 1487 326 1535 auid
335 1499 384 1535 ooo
396 1487 469 1536 iinon
480 1485 593 1536 schreibt.
618 1485 699 1536 Titius
711 1489 802 1537 autem
840 1487 930 1548 eraut,
955 1486 1002 1549 qui
1018 1486 1069 1535 hac
1087 1484 1200 1550 epistola
1217 1497 1356 1534 memoran-

274 1561 387 1612 lortasse
404 1557 473 1610 filius
491 1559 540 1610 luit
556 1561 590 1611 li.
604 1560 662 1609 Titii
679 1571 736 1610 cos.
749 1559 804 1610 sui·
839 1563 896 1621 tur,
918 1560 1009 1625 poesis
1025 1559 1146 1610 studiosi.
1177 1559 1246 1620 Quid
1266 1556 1355 1608 multat

274 1633 372 1684 iectia.
386 1647 413 1684 u.
428 1647 451 1684 c.
465 1633 522 1684 723.
551 1632 721 1697 (scholiastae
734 1634 802 1684 haec
839 1635 903 1685 Tota
927 1635 984 1685 Titii
1005 1635 1120 1697 septem
1142 1634 1253 1685 historia
1276 1633 1356 1682 nititur

274 1707 309 1758 de
326 1708 392 1759 Titio
410 1707 533 1758 tradunt:
560 1707 685 1758 «Deridet
706 1708 802 1758 Titium
840 1723 932 1760 errore
954 1709 1181 1761 commentatoris
1203 1707 1307 1772 cruquii
1324 1705 1354 1756 ad

273 1783 397 1847 poetam,
427 1782 473 1846 qui
500 1781 643 1833 Pindarum
670 1785 802 1835 Graecum
838 1786 866 1835 h.
877 1783 894 1834 l.
913 1785 960 1848 (De
970 1785 1036 1835 Titio
1044 1784 1093 1835 etr.
1102 1785 1235 1848 imprimis
1243 1781 1356 1834 Welcler

273 1856 473 1922 profundissimi
485 1869 582 1907 sensus
594 1859 621 1907 et
632 1855 802 1920 eloquentiae
839 1856 929 1924 Suppl.
948 1857 1005 1909 Vol.
1024 1860 1056 1909 ll.
1075 1860 1104 1909 Τ.
1122 1859 1165 1908 lll.
1186 1872 1214 1923 p.
1233 1856 1312 1919 4434.)
1329 1882 1353 1891 -

274 1933 301 1982 in
318 1931 441 1982 Latinum
458 1943 612 1981 sermonem
630 1933 743 1983 conatus
761 1934 803 1983 est
839 1933 908 1984 cruri
918 1938 1038 1984 centauro
1053 1933 1082 1982 in
1092 1933 1147 1997 oro]
1161 1933 1295 1984 «nondum
1305 1930 1356 1995 qui·

273 2005 427 2056 uansierre.
458 2005 525 2056 Nam
543 2005 694 2069 tragoedias
712 2008 740 2057 et
759 2005 803 2070 ly·
839 2009 903 2060 dem
914 2006 1106 2060 notuscivibus
1117 2008 1172 2059 suis
1185 2009 1357 2073 propterpoe

273 2081 328 2130 rica
346 2079 466 2130 carmina
482 2077 603 2130 seribere
621 2081 710 2144 coepit
731 2085 803 2131 tem·
840 2086 905 2135 tices
922 2082 1031 2146 laudes,
1050 2081 1100 2134 sed
1117 2083 1179 2146 qui,
1197 2082 1243 2133 uhi
1255 2079 1357 2131 ediderit

273 2153 385 2218 poribus
397 2153 519 2215 Augusti3
538 2153 586 2204 sed
604 2151 663 2204 libri
676 2155 734 2205 eius
746 2154 803 2205 nul·
839 2161 972 2221 carmina‚
1000 2158 1076 2209 brevi
1101 2170 1202 2208 nomen
1226 2155 1355 2208 vendibilis

273 2225 324 2278 lius
341 2226 471 2276 momenti
488 2228 590 2276 erant.»
619 2229 715 2277 Acron.
747 2229 803 2278 «Ti-
839 2237 935 2299 poetae
953 2232 1128 2284 merebitur.»
1154 2234 1274 2298 Propert.
1287 2230 1314 2290 l,
1329 2230 1354 2288 8,

273 2302 326 2352 tius
342 2301 421 2365 poeta
437 2300 480 2350 hic
492 2300 575 2351 voluit
590 2301 737 2352 Pindarum
747 2316 803 2353 ser·
839 2309 886 2359 32:
906 2309 991 2358 verriu
1006 2312 1035 2357 tu
1050 2319 1148 2370 qouque
1164 2308 1194 2357 in
1209 2320 1258 2357 oro
1271 2307 1354 2356 cinon

273 2387 354 2426 mone
372 2377 464 2427 Latino
480 2377 598 2426 vertero.
633 2376 744 2427 Deridet
757 2391 803 2427 au·
839 2381 1013 2445 Virg.Ge.3,
1032 2381 1061 2430 9:
1081 2381 1357 2442 sicutqueoimoo-

273 2453 329 2502 tem
346 2452 419 2502 hunc
435 2451 572 2512 Horatius,
592 2451 803 2514 quodausussit
838 2457 913 2507 litore
933 2469 982 2519 per
1008 2469 1069 2518 oro,
1095 2469 1129 2506 ex
1157 2457 1278 2507 Enniano
1303 2451 1354 2503 illo:

273 2538 382 2576 sacrum
399 2538 467 2590 opus
484 2527 652 2577 attaminare.
683 2527 735 2589 (Sic
751 2527 800 2577 Ed.
837 2531 913 2581 oottto
929 2532 996 2581 oiou’
1009 2531 1224 2593 perorooirum.
1242 2525 1353 2584 ledit,

273 2601 358 2666 princ.
372 2601 439 2652 Van.
457 2600 542 2662 4484,
560 2601 735 2652 contaminare
752 2601 800 2651 Ed.
838 2606 900 2656 235:
919 2606 1093 2668 oioucquepor
1104 2607 1268 2669 ecferetur.
1285 2606 1354 2664 Pron·

273 2676 332 2726 Bas.
352 2676 436 2739 loeo.)
465 2677 557 2726 Potest
579 2677 669 2726 tamen
687 2678 714 2726 et
739 2688 801 2726 vere
839 2679 868 2739 4,
887 2681 914 2740 4,
932 2679 979 2730 24ε
996 2680 1083 2730 dicius
1098 2680 1356 2742 &medianenses

272 2748 389 2812 laudari,
409 2763 472 2801 nam
489 2749 587 2801 Tiberii
605 2763 698 2802 comes
717 2751 803 2802 etdo-
837 2755 866 2804 iu
882 2767 930 2804 oro
949 2754 1024 2804 vend.
1054 2757 1185 2805 Perverse
1207 2753 1251 2805 illa
1271 2751 1355 2814 dilogia

273 2823 408 2875 alissimus
425 2824 473 2875 luit
485 2827 512 2875 et
522 2824 606 2888 lyrica
615 2827 799 2891 conscripsit.»
839 2842 893 2879 noo
909 2830 991 2891 inest,
1018 2842 1101 2892 quam
1120 2828 1240 2880 nonnulli
1263 2829 1302 2878 his
1316 2838 1354 2873 vv.

273 2899 397 2948 Ponrurn.
436 2899 533 2949 «Titius
554 2901 696 2963 Septimius
717 2899 801 2964 lyrica
838 2903 971 2967 tribuunt,
990 2906 1021 2954 ul
1037 2905 1071 2955 sit
1086 2902 1181 2955 simul:
1202 2916 1265 2955 eum
1280 2903 1356 2952 iuoro

273 2971 392 3020 earmina
410 2974 438 3021 et
455 2971 605 3035 tragoedias
622 2975 728 3039 scripsit
746 2977 802 3025 Au·
837 2980 966 3029 minoen
974 2992 1025 3041 pro
1033 2978 1141 3029 ludibrio
1149 2978 1287 3030 obituum.
1298 2976 1353 3040 (mv.

273 3044 343 3107 gusti
360 3047 494 3110 tempore,
518 3047 567 3097 sed
584 3045 645 3099 libri
663 3050 720 3100 eius
738 3048 801 3100 nulli
838 3055 868 3116 2,
887 3054 939 3117 36.)

274 3120 386 3169 exstant.
422 3120 505 3170 Huius
518 3123 609 3172 autem
626 3123 802 3186 insignemo-
872 3128 961 3181 40-44.
990 3128 1115 3191 expalluit
1129 3128 1243 3193 macr]
1265 3125 1355 3178 Eadem

273 3197 482 3246 numentumest
493 3195 799 3251 inlraAriciam.»Coua.
838 3204 1037 3255 constructione
1054 3205 1135 3267 atque
1152 3203 1202 3254 0d.
1220 3205 1249 3264 2,
1268 3203 1311 3261 42,
1327 3199 1352 3248 7:

274 3268 363 3332 Cnuo.)
388 3269 571 3321 confidentius
588 3273 654 3334 iam,
674 3286 756 3336 quam
773 3275 800 3323 in
834 3279 977 3340 perunctus
998 3279 1155 3329 monuo.
1192 3277 1241 3328 od.
1261 3277 1291 3338 3,
1312 3275 1353 3331 24,

272 3345 358 3408 prima
376 3343 492 3396 editione
514 3345 632 3398 fecerum
649 3347 684 3398 ad
701 3348 749 3399 od.
768 3349 798 3411 2,
837 3354 882 3402 27:
895 3354 1152 3417 mediosoucsroudes
1162 3353 1255 3404 Pollitit
1264 3352 1352 3402 cuda·

271 3419 307 3482 6.,
327 3418 431 3470 affirmo
450 3421 541 3471 Titium
556 3423 704 3484 Septimium
726 3424 798 3474 huuc
837 3427 905 3478 Nihil
916 3429 995 3490 igitur
1003 3441 1070 3493 opus
1082 3428 1273 3492 Porphyrionis
1281 3425 1353 3478 coni:

271 3497 379 3559 podiam
396 3494 524 3560 appellari
548 3510 602 3546 non
623 3510 712 3561 posse.
752 3499 799 3548 Et-
838 3502 1020 3552 «Antomtutn
1035 3501 1130 3552 lacobs
1138 3505 1215 3567 putat
1227 3501 1354 3553 Horatium

272 3569 344 3619 enim
362 3571 423 3620 ante
436 3571 525 3620 omnia
542 3571 569 3620 in
586 3571 710 3634 gentibus
722 3573 800 3636 origi-
836 3578 986 3642 respexisse
998 3576 1033 3627 ad
1045 3575 1201 3628 Callimachi
1211 3573 1352 3628 idudnnti.

272 3643 313 3693 nis
329 3655 394 3692 vere
411 3645 559 3707 Romanae,
584 3649 615 3696 ut
637 3649 679 3697 est
702 3650 729 3698 et
750 3649 800 3699 Se·
836 3649 889 3701 Pal.
910 3653 941 3701 ll.
962 3666 990 3717 p.
1007 3650 1072 3702 loa:
1099 3645 1160 3702 οὔτ’
1177 3645 1240 3702 nixo*
1290 3645 1354 3716 ήνης

271 3716 363 3782 ptimia
372 3718 400 3766 et
410 3719 486 3780 Titia,
505 3720 598 3784 primis
607 3723 716 3785 Augusti
727 3725 800 3773 tem·
834 3723 928 3776 Πίνω·
948 3726 1089 3786 coaxatum
1107 3722 1202 3777 πάντα
1217 3723 1254 3776 τὰ
1303 3717 1354 3789 μό-

270 3789 381 3855 poribus
397 3805 508 3855 prorsus
524 3795 641 3847 inaudita
659 3801 736 3850 erant
758 3802 799 3849 ta-
836 3815 895 3851 σιση
935 3802 1030 3862 «Quin
1055 3803 1155 3866 inquit,
1182 3803 1226 3852 «in
1250 3799 1354 3852 Pindaro

271 3865 318 3916 lia:
339 3865 430 3917 l'uttius
445 3867 537 3932 iuius,
557 3871 706 3933 Quinctilius
716 3875 799 3924 Scoti-
835 3875 963 3928 imitando
997 3878 1069 3928 vires
1102 3889 1166 3928 suas
1199 3877 1352 3941 experitur.»

271 3941 331 4001 tinea,
351 3941 428 3990 litim
444 3942 586 4006 Septiniau.
616 3946 672 3998 Alia
695 3961 740 4000 res
757 3951 799 4000 est
836 3951 1292 4013 («Horatiusiuhisvv.l'itiiaudax
1302 3948 1354 3999 Piu-

272 4015 298 4064 in
315 4014 467 4068 nominibus
484 4017 580 4070 Italicis
596 4022 695 4072 narius
717 4023 798 4073 Steti-
835 4024 932 4078 darum
942 4026 1063 4078 imitandi
1075 4027 1193 4079 studium
1204 4025 1352 4080 comuntur,

271 4089 332 4151 44443,
350 4091 449 4142 Martio
465 4093 577 4159 Blatito,
597 4099 695 4148 Mariua
712 4098 798 4162 Eprio-
834 4099 995 4162 conlaudat,
1005 4100 1351 4166 aequanimus-oum.

272 4165 328 4214 tices.
360 4165 412 4218 Cir.
427 4168 561 4222 Drakenb.
574 4172 616 4222 od·
627 4173 680 4222 Liv.
694 4173 741 4234 22,
754 4173 795 4224 42.
834 4176 933 4237 Nimio,
957 4177 987 4226 ut
1002 4177 1123 4239 uidetur,
1145 4176 1268 4226 acumine
1284 4170 1353 4224 Wei-

271 4243 414 4294 Praeterea
425 4245 568 4309 Septimius
585 4243 640 4308 ille,
659 4259 742 4311 quern
754 4249 797 4299 Ti·
834 4250 911 4302 chert
927 4252 1001 4302 Po'e't.
1019 4253 1075 4302 Lat.
1089 4265 1116 4316 p.
1130 4250 1190 4302 385:
1219 4247 1314 4311 «Quid,
1331 4244 1352 4294 ⁵5
