2925 4892
531 328 592 379 ins
608 327 755 379 Potrici.

145 485 303 550 Traverso
325 482 450 551 odcmo
472 483 616 570 signum,
639 481 810 550 ambitiose
831 482 954 552 recidet

143 605 358 682 Omementa,
382 625 497 692 porum
521 603 618 671 claris
640 602 746 671 lucem
768 602 849 670 dere
870 614 980 692 coget,

143 729 265 812 drguet
285 725 437 812 ambigue
460 724 596 804 dictum,
619 723 773 791 mutanda
795 723 932 802 notabit,

142 845 213 912 Fiet
233 845 452 926 Aristarchum
476 867 540 912 non
562 844 662 912 dicet:
687 846 754 912 Cur
775 865 838 933 ego
859 846 1000 914 amicum
1127 829 1213 915 450ι

142 965 315 1034 Ollendnm
336 967 370 1032 in
391 967 511 1054 nugis?
554 968 623 1034 Hee
645 986 751 1054 nugee
775 966 861 1034 seria
882 965 1001 1035 ducent

132 1139 159 1196 S,
178 1141 248 1200 coget
264 1136 327 1186 dore
342 1136 422 1185 locem
437 1137 466 1186 T.
487 1165 514 1173 -
534 1135 591 1188 leo.
610 1137 669 1201 ooo]
686 1148 731 1186 nec
748 1135 812 1196 th,
831 1135 957 1188 undecim
970 1139 1056 1200 llegll,
1074 1139 1153 1189 LCtF.

133 1213 174 1273 (ut
189 1223 252 1271 nos,
270 1209 334 1274 Sdp,
353 1223 402 1260 nex
417 1211 515 1260 nostris
533 1213 607 1260 certe
624 1210 721 1261 decem
736 1211 800 1260 etin
812 1210 853 1260 his
866 1223 960 1262 omnes
972 1213 1156 1264 vetustiores.»

131 1284 237 1345 Besso.)
258 1310 285 1320 -
303 1282 361 1334 let.
381 1284 475 1333 dommi
491 1297 560 1334 unus
577 1285 724 1348 Pregensis.

97 1434 385 1494 Nertoretqeomeeqee
394 1433 473 1494 poeto
482 1444 561 1494 oeque
569 1445 627 1481 oro-
663 1429 750 1492 rihus,
770 1443 832 1481 cnm
842 1433 954 1482 veritate
967 1437 1083 1496 careant,
1102 1433 1185 1485 recidi

97 1513 140 1557 tor
161 1507 229 1569 sou,
259 1507 303 1568 poi
327 1519 477 1568 geometram
500 1505 627 1555 meliorari
662 1502 791 1554 iubebit.»
813 1505 1028 1571 Epp.2,2,l22:
1047 1508 1185 1558 lecet-lon-

97 1579 402 1643 puomseorhitroreter.
420 1579 624 1629 Hocetiommo·
662 1581 700 1629 tio
716 1585 858 1642 cornpercet.
874 1605 901 1616 -
920 1581 1015 1644 Argeot
1031 1583 1092 1646 cet]
1114 1585 1187 1647 eipso

97 1657 130 1705 lis
145 1655 278 1718 contingit.
296 1655 372 1704 Tusc.
385 1656 410 1715 s,
424 1654 465 1715 22,
478 1653 524 1703 63:
542 1653 626 1703 lotoe
662 1654 872 1718 reprehensione
898 1652 968 1704 clare
995 1655 1189 1706 demonstrabit

97 1731 165 1781 estet
181 1741 272 1793 potere
286 1729 369 1778 nescio
390 1733 529 1790 ermperto
544 1729 627 1792 mogh
663 1727 814 1779 huiusmodi
827 1728 1002 1793 amphiboliae
1013 1729 1135 1780 vitendns
1148 1743 1189 1782 es·

97 1819 178 1867 qum
193 1807 221 1852 in
237 1804 296 1853 otiis
310 1817 384 1853 suren
394 1803 626 1865 cetqeepulcleum
662 1815 719 1852 se.»
740 1829 768 1839 -
785 1803 916 1867 mreoodo]
940 1804 995 1854 lloc
1016 1803 1131 1854 relertur
1153 1805 1188 1854 ed

96 1885 151 1939 est;
168 1879 251 1929 celero
265 1878 389 1928 neutoem
399 1879 624 1942 cognootpottem,
663 1874 764 1939 singulo
780 1875 864 1926 verbe
882 1889 1030 1940 corumque
1049 1877 1186 1940 ordinem

97 1955 143 2017 gut
167 1953 214 2002 siti
237 1966 288 2002 oon
310 1954 417 2014 optimus
438 1952 574 2002 sumetur.
596 1978 618 1988 -
662 1949 697 1999 de
714 1951 777 2000 totle
795 1950 866 2001 enim
881 1951 1006 2002 versibus
1024 1951 1188 2016 corrigendis

96 2029 152 2078 stne
166 2027 253 2090 tiocli]
281 2028 366 2076 -Sene
382 2027 445 2090 quie
461 2024 547 2076 melos
562 2037 626 2075 vcr-
662 2024 726 2074 setis
744 2023 847 2075 dixerat
863 2037 906 2074 vv.
928 2025 1065 2077 itt-lli.
1088 2053 1116 2062 -
1135 2026 1189 2076 Fiet

96 2115 146 2154 sus
163 2101 350 2165 composuisti,
369 2113 450 2150 nemo
463 2097 553 2150 rivalis
564 2101 625 2149 tuus
661 2098 828 2164 Arismrcltes]
848 2099 976 2150 «Omnino
994 2101 1044 2151 erit
1054 2098 1121 2150 alter
1131 2101 1188 2150 Arl-

96 2189 177 2236 esse,
196 2179 286 2225 tecum
298 2173 462 2224 contendere
473 2173 557 2234 volet;
575 2185 625 2222 re·
662 2172 816 2232 storchus,=
841 2173 917 2222 culus
938 2176 969 2222 ut
989 2173 1087 2224 summi
1104 2173 1187 2223 critici

96 2253 140 2301 nis
164 2252 257 2300 eutem
283 2248 436 2299 hominihus
458 2247 547 2312 placet
567 2248 624 2297 sine
662 2259 762 2296 nomen
779 2248 806 2296 in
817 2246 988 2311 proverbium
1001 2246 1111 2298 chieret.
1131 2248 1185 2298 Cic.

96 2323 213 2375 aemulis
230 2335 318 2374 esse.»
339 2322 379 2373 Cl.
399 2323 453 2372 Cic.
470 2321 505 2372 ed
522 2323 553 2382 Q.
571 2322 625 2372 ire·
662 2321 697 2371 ed
712 2322 809 2382 Attl,
827 2321 870 2382 ll,
888 2321 917 2372 3:
936 2335 1046 2383 qrromm
1062 2322 1187 2386 (meorum

12 2409 13 2415 ’
97 2403 170 2450 trem
188 2397 305 2458 e‚8.t:
325 2397 345 2446 0
362 2397 412 2459 dii,
431 2397 624 2459 qrtomirtepm
662 2395 815 2459 orationum)
832 2397 1074 2448 tedrismroletses.
1093 2399 1184 2449 inPis.

98 2487 179 2536 quem
194 2485 220 2521 re
236 2474 288 2534 ipre
304 2483 395 2520 omens
409 2471 463 2520 sine
477 2471 562 2520 mooli.
662 2469 703 2530 30,
717 2469 757 2518 73:
772 2470 898 2531 Quoniam
908 2475 931 2519 te
942 2483 993 2520 eon
1001 2471 1184 2532 Aristarchum,

131 2545 269 2599 lle-lte.
296 2544 398 2608 mortes]
423 2545 501 2595 «sine
524 2545 580 2595 orte
597 2547 625 2594 et
660 2543 832 2592 recreatam
848 2545 1043 2606 praenuntiarem
1058 2545 1184 2606 mentes,

96 2622 228 2687 grovitete
245 2619 356 2669 lectos.»
374 2619 458 2669 cortu.
473 2619 551 2677 Ceno.
570 2620 625 2669 lm·
661 2617 704 2678 qui
726 2629 778 2666 noo
798 2621 885 2666 notem
905 2630 1020 2679 oppones
1041 2619 1186 2668 admotum

96 2697 193 2762 primis
213 2694 343 2758 significet
364 2693 476 2752 otiosos,
502 2691 566 2742 nihil
582 2691 624 2740 di-
658 2704 771 2751 oersem,
789 2691 832 2740 red
845 2693 948 2752 poetam
959 2692 1038 2740 ermis
1045 2703 1186 2754 persceo-

97 2773 207 2829 centes,
234 2769 307 2832 quod
332 2779 495 2830 megnopere
513 2767 549 2816 ed
564 2779 623 2816 rem
659 2779 695 2815 re.
722 2765 788 2828 (vid.
806 2765 923 2816 indicem
941 2768 1017 2816 Nom.
1033 2767 1136 2829 propr.)
1155 2793 1183 2806 -

96 2845 191 2903 ledat,
209 2843 259 2892 dte
275 2838 424 2893 heerlt'et't.
443 2841 519 2891 Voss.
536 2867 564 2876 -
581 2841 624 2888 to-
659 2853 710 2888 ooo
726 2839 798 2903 dhe]
817 2840 904 2900 siloc,
923 2839 946 2889 si
963 2852 1042 2889 eures
1059 2838 1183 2900 consulis,

95 2917 211 2981 correptis]
223 2917 327 2966 amicos
339 2913 503 2978 elegentibus
515 2917 624 2978 propter
660 2911 765 2977 plenius
777 2912 923 2977 fortiusque
935 2915 997 2974 exit,
1013 2914 1076 2976 quin
1088 2915 1115 2963 et
1125 2926 1186 2963 sen·

96 2994 182 3044 verhe
198 2990 307 3042 humilia
325 2995 352 3040 et
367 2983 470 3060 ἄκυρα,
488 2989 622 3040 interdum
662 2987 759 3038 tentiae
785 2999 892 3051 quoque
919 2987 1046 3051 ponderis
1068 2985 1184 3038 nonnihil

95 3067 139 3119 vel
165 3069 278 3132 propter
297 3077 395 3115 sonum
416 3066 574 3127 ingratum.»
593 3091 621 3102 —
660 3063 848 3124 gravitatisque
873 3061 971 3112 addit.»
995 3062 1087 3112 Bssrt.
1117 3062 1185 3122 Qulu

94 3141 231 3203 incompte
245 3139 308 3201 cet]
329 3137 423 3189 «obelo
438 3151 535 3189 versus
551 3137 624 3188 initio
661 3139 741 3187 etiem
759 3138 857 3188 rectior
873 3135 916 3196 lit;
942 3149 1003 3188 nem
1027 3137 1053 3186 ln
1071 3135 1184 3187 lectione

95 3217 220 3282 opposito
238 3214 273 3278 (id
290 3213 363 3277 quod
380 3215 450 3265 inest
469 3215 495 3262 in
511 3227 539 3262 v.
557 3213 624 3263 adli-
659 3225 705 3262 occ
728 3212 792 3261 dicet
816 3223 859 3260 vv.
883 3210 1056 3260 Aristarchum
1076 3211 1134 3274 fleri
1158 3211 1186 3260 et

94 3298 138 3343 net
154 3288 369 3353 eostrelclten)
389 3287 546 3351 significabit
560 3301 624 3338 ver-
658 3299 710 3334 ooo
720 3286 802 3334 dicere
812 3285 841 3332 ut
852 3283 974 3333 eiusdem
985 3285 1090 3346 generis
1101 3284 1185 3335 actio·

96 3379 159 3418 sum
177 3376 239 3416 esee
257 3361 429 3413 delendum.»
454 3363 523 3412 Dicit
533 3364 622 3412 eutem
660 3373 709 3410 nee
737 3369 863 3423 perverse
891 3357 1016 3408 videntur
1050 3357 1182 3420 coniungi.

95 3446 185 3491 dnm
206 3438 301 3489 lestive
318 3436 428 3500 dilogie;
451 3449 515 3486 nem
531 3439 560 3485 et
575 3448 623 3485 co-
660 3435 758 3484 Contra
790 3445 841 3481 oon
868 3431 931 3480 dicet
957 3429 1009 3479 hoc
1036 3429 1182 3493 significet:

95 3515 153 3566 lore
170 3519 258 3563 einen
274 3512 333 3561 eret
353 3512 460 3574 signum
479 3513 507 3560 et
521 3511 624 3574 signem
660 3507 803 3570 «quocirca
819 3505 863 3555 hic
881 3506 935 3554 tem
953 3517 1064 3554 severus
1076 3504 1183 3554 criticus

95 3587 177 3641 sitnm
194 3588 262 3637 meto
279 3585 360 3648 (Pers.
378 3583 409 3645 l,
426 3584 477 3646 43.)
495 3595 623 3634 vemuum
660 3591 797 3643 nonquem
814 3577 932 3643 prolecto
944 3577 1042 3627 dicet.»
1055 3601 1084 3614 -
1101 3577 1184 3627 iente-

94 3664 304 3725 incomptorum.
328 3685 354 3694 —
382 3658 522 3722 metuero]
549 3670 624 3721 age·
658 3655 706 3718 pls]
723 3655 766 3704 «in
778 3652 860 3703 rebus
871 3649 1003 3713 leviculis,
1022 3652 1052 3700 ut
1062 3653 1104 3701 est
1114 3663 1183 3702 unos

94 3735 315 3800 folleticlttigm
334 3732 432 3796 quihus
445 3732 568 3796 quemvis
579 3743 624 3781 eu·
660 3727 760 3778 alterve
768 3725 915 3778 versiculus
927 3725 1137 3788 reprehensione
1145 3725 1183 3776 di-

94 3810 273 3876 pervaceoels
288 3807 317 3857 et
332 3806 461 3858 stiectatis
476 3809 504 3856 tu
516 3805 623 3856 lectoris
660 3815 753 3866 gnus.»
769 3827 796 3838 ·-
808 3802 862 3851 Hoc
877 3813 961 3865 nuper
977 3800 1039 3864 oet]
1059 3801 1182 3850 «atvero

95 3883 304 3936 edmirotlonem
325 3885 352 3931 te
373 3884 510 3931 moturum
530 3891 623 3944 spere·
660 3879 711 3927 hee
737 3877 810 3940 ipsee
834 3888 920 3938 nugee
942 3875 969 3924 in
992 3887 1072 3925 ceusu
1095 3875 1182 3936 erunt,

95 3971 204 4010 veros.»
225 3981 253 3994 ··
269 3956 363 4006 recidet
378 3954 543 4018 ommneeto]
562 3955 624 4003 «Fi-
660 3952 690 4001 ot
706 3951 809 4001 emicus
825 3950 851 3998 in
870 3949 983 3999 eandem
1001 3949 1184 4012 turpissimum

96 4045 178 4095 geres
196 4029 354 4080 elocotlonis
370 4030 398 4079 et
413 4029 542 4091 imagines
558 4040 623 4091 pro-
660 4025 758 4076 lnniem
774 4023 885 4084 incidet,
904 4035 973 4086 quoe
990 4023 1130 4086 persecute
1142 4021 1184 4070 est

48 4165 52 4174 ‚
95 4109 157 4171 pter
174 4103 556 4166 idtentommodoquaesitas,
569 4113 624 4163 quo
660 4100 742 4150 etiem
766 4097 837 4162 epud
862 4097 1046 4162 posteritatem
1071 4095 1183 4147 Choeri-

95 4181 216 4231 novitate
234 4181 263 4229 et
277 4177 389 4230 eudocia
404 4176 528 4242 pleceent
543 4174 624 4226 lecto
659 4173 729 4235 lum,
752 4173 877 4233 Beuum,
894 4171 1039 4232 Maeuium
1066 4169 1093 4221 id
1110 4169 1183 4233 quod
