2925 4892
244 294 287 360 ιο
623 293 953 346 ncnnrnsnussnuu

243 455 348 540 Atque
372 460 480 517 aestus
502 470 664 539 curaeque
686 469 802 537 graves
825 470 844 515 e
865 458 999 536 pectore
1020 448 1125 536 pelli‘l
1271 451 1347 517 llo

243 575 372 651 Nonne,
396 570 602 659 cupidinibus
625 580 744 637 statuat
764 580 879 637 natura
899 569 1033 636 modum
1054 562 1175 657 quem,

243 694 329 774 Quid
351 692 455 759 latura
476 692 538 758 sibi
559 691 638 779 quid
661 692 702 758 sit
723 690 862 758 dolitura
883 701 1050 777 negatum,

243 814 410 895 Quaerere
432 814 504 901 plus
526 813 660 901 prodest
681 823 713 878 et
735 812 830 878 inane
852 810 1044 879 abscindere
1066 811 1182 879 scldc‘t

242 936 341 1012 Num,
365 936 422 1003 tibi
443 956 518 1003 cum
540 935 649 1001 fauces
671 933 735 999 urit
756 934 840 1012 sitis,
864 954 964 1000 auree
985 934 1119 1020 quaeris

312 1160 369 1210 tte.
395 1160 483 1224 arcias
503 1172 526 1209 c.
547 1186 575 1195 —
594 1158 615 1223 c]
639 1158 711 1208 ded.
732 1158 837 1221 -pettt
859 1171 922 1209 cum
944 1161 1043 1211 nostris
1065 1159 1145 1211 codd.
1163 1158 1202 1221 βκ
1219 1172 1303 1211 «cum

276 1234 362 1285 aliisi:
382 1234 434 1283 tcttt
446 1234 581 1284 «omnium
591 1233 752 1283 veterrimus
764 1231 946 1295 Btandinius»,
965 1229 1027 1296 λξτ,
1045 1246 1086 1298 pr.
1100 1249 1130 1295 v,
1143 1235 1163 1285 C
1175 1237 1202 1284 et
1213 1235 1299 1284 Bent-

276 1307 357 1367 leius,
374 1308 431 1357 vetti
447 1324 479 1369 φ.
495 1337 522 1345 -
542 1308 598 1358 ttt.
618 1307 706 1357 statuit
721 1306 827 1369 dp,LtF.
858 1307 898 1369 (tit
914 1320 977 1368 nos,
995 1320 1091 1357 omnes
1102 1308 1199 1368 nostri,
1217 1320 1299 1371 pree-

275 1383 317 1431 ter
333 1380 379 1444 dp,
398 1382 425 1431 et
441 1382 571 1445 Pottierii,
590 1376 692 1445 βμξω.)
712 1406 739 1416 -
760 1380 816 1430 tta.
836 1382 901 1443 Ouid
918 1381 1004 1431 latura
1019 1382 1080 1443 sibi,
1104 1382 1165 1442 qaid
1186 1383 1244 1433 LtF.
1266 1411 1297 1418 —

274 1456 331 1505 443.
350 1456 476 1507 abscidere
492 1458 518 1507 F.

237 1624 314 1688 periti
330 1650 345 1662 -
360 1650 375 1663 -
391 1626 489 1676 Bacchi.
526 1626 612 1677 Tertia
624 1629 667 1677 est
682 1627 766 1677 iuter·
803 1624 981 1688 distinguere,
1004 1624 1073 1675 hanc
1090 1624 1241 1689 praeterre,
1263 1624 1338 1677 illud

240 1700 354 1763 pretatio
370 1702 414 1750 vix
431 1702 536 1751 Latina:
564 1702 607 1751 «in
624 1700 704 1751 cubili
725 1702 765 1751 ia·
802 1713 931 1763 spernere
948 1702 1029 1763 atque
1047 1699 1192 1750 abiicere.»
1206 1727 1234 1736 —
1249 1701 1336 1767 wlco]

241 1776 376 1835 centem»,
400 1774 474 1825 sitst
494 1788 525 1825 er
547 1788 577 1823 sc
599 1775 646 1824 da.
680 1776 764 1838 lunge
802 1775 832 1822 ut
847 1772 943 1834 Sati,
962 1775 993 1833 s,
1011 1774 1056 1833 es,
1081 1773 1147 1823 item
1162 1772 1260 1823 caldior
1275 1787 1333 1839 pro

241 1851 344 1898 autem:
373 1848 484 1898 «cantat
507 1848 698 1910 (matronarum
720 1862 765 1899 se·
801 1847 908 1895 ratibor
932 1846 985 1897 Set.
1004 1848 1033 1908 t,
1061 1847 1091 1908 3,
1118 1846 1158 1896 53.
1182 1870 1210 1882 -
1233 1848 1331 1898 Totius

242 1920 356 1982 ctater),
384 1923 446 1971 citat
471 1920 630 1972 cantilenam
653 1922 766 1986 popula·
802 1918 854 1969 loci
878 1920 1008 1970 sententia
1034 1921 1102 1971 baec
1127 1921 1181 1970 est:
1213 1918 1333 1971 «solitae

241 2008 316 2055 rem,
342 1997 369 2043 in
395 2007 447 2057 qua
473 1997 529 2054 cst,
555 1996 691 2059 quomedo
716 2010 766 2047 ve·
801 1992 860 2043 illae
878 2006 976 2056 nugae,
999 1992 1097 2056 quibus
1112 1992 1186 2043 velut
1205 1994 1336 2044 mutiun-

242 2070 446 2118 natorsectctur
457 2066 590 2132 leporem;
604 2069 646 2118 cui
658 2070 765 2134 imagini
802 2065 869 2119 culis
886 2081 915 2117 se
933 2065 1070 2117 oblectere
1087 2080 1120 2118 ac
1136 2067 1261 2131 decipere
1279 2082 1334 2119 co-

241 2141 346 2204 apponit
363 2141 418 2203 (Οά.
438 2141 470 2201 2,
494 2143 522 2202 5,
549 2142 608 2204 lb),
633 2142 763 2207 adiungit:
801 2146 898 2194 nentur
914 2146 1062 2204 amatores,
1089 2156 1119 2193 re
1141 2156 1206 2193 vera
1229 2144 1265 2193 ad
1281 2158 1334 2195 re-

241 2218 312 2267 Mears
327 2220 362 2265 est
378 2228 453 2265 amer
469 2218 537 2265 cet.»
567 2216 638 2279 Virg.
658 2216 712 2267 Ecl.
733 2219 763 2278 6,
802 2222 873 2269 ctam
884 2218 1046 2281 beatamque
1058 2218 1139 2268 vitem
1149 2217 1212 2267 nihil
1223 2218 1330 2278 iuvant3

241 2290 287 2339 3⁴:
305 2290 421 2351 Namque
430 2290 546 2351 canebat,
564 2291 602 2340 uti
613 2317 627 2328 ·
638 2291 766 2353 -fciesent
801 2294 884 2344 satius
901 2295 944 2343 est
962 2292 1083 2356 prolecto
1100 2293 1182 2342 animi
1199 2291 1335 2357 cupidita-

241 2364 292 2413 cet.
313 2389 342 2400 -
358 2364 427 2426 petis]
448 2365 522 2415 Hanc
540 2364 684 2416 lectionem
702 2379 765 2417 cum
802 2368 927 2431 tesipses
938 2364 1031 2417 tollere
1043 2367 1179 2415 εοονοεὲάε
1193 2364 1243 2416 illis
1254 2366 1335 2416 ctus·-

242 2438 310 2488 meis
322 2438 406 2489 Codd.
420 2441 523 2489 servavi
541 2439 599 2491 coll.
626 2440 674 2491 Od.
688 2442 717 2501 t,
735 2443 764 2505 7,
801 2442 845 2501 tir,
864 2453 933 2503 quae
951 2440 1072 2501 modum,
1090 2452 1173 2503 quem
1191 2440 1248 2502 ipsa
1269 2441 1334 2490 sta—

240 2512 287 2562 at:
305 2525 372 2561 nunc
382 2512 440 2562 virm
455 2513 636 2575 poliandrum
656 2528 688 2565 ac
699 2528 764 2565 sane
803 2515 852 2563 tuit
862 2516 971 2576 natura,
989 2511 1067 2564 nobis
1078 2514 1228 2563 monstrant
1238 2514 1266 2562 et
1276 2526 1333 2565 ve-

237 2590 339 2648 pccters
358 2586 418 2648 pelli
435 2585 583 2639 allittcratic
604 2590 647 2639 cst
667 2589 764 2641 Latinis
801 2600 862 2637 rum
879 2587 1041 2650 distinguere
1053 2600 1069 2637 a
1082 2586 1146 2637 laiso
1164 2586 1270 2637 docent.
1297 2590 1334 2641 Ut

240 2660 350 2711 auribus
367 2662 524 2725 gratissima.
802 2663 892 2711 autem
908 2662 1004 2711 natura
1020 2662 1077 2724 ipsa
1089 2674 1123 2711 ee
1136 2662 1268 2722 ducimur,
1285 2664 1331 2726 ut,

802 2748 864 2785 cum
889 2734 946 2785 sitis
971 2734 1110 2798 lamesque
1135 2748 1185 2785 nes
1208 2735 1332 2798 cmciet,

273 2810 394 2859 tlt-titt.
412 2812 605 2872 mmcmquem]
618 2825 764 2873 quarsesse
801 2811 895 2873 paratu
923 2806 1052 2859 facillimis
1079 2810 1230 2873 quibusque
1258 2822 1334 2861 con-

239 2893 316 2945 pron.
344 2882 496 2945 interrogat.
522 2884 624 2946 primus
650 2884 764 2936 demon·
802 2883 866 2932 tenti
883 2884 980 2943 simus,
998 2882 1035 2931 ite
1052 2883 1132 2933 etiam
1148 2883 1176 2933 in
1186 2882 1269 2933 rebus
1279 2896 1334 2933 ve-

239 2955 333 3003 stravit
346 2953 471 3017 Bentley,
490 2967 552 3005 cum
563 2956 640 3019 volgo
653 2957 765 3009 ederent
801 2957 890 3007 nereis
907 2956 1070 3007 versandum
1087 2959 1141 3016 est;
1169 2971 1218 3007 cur
1238 2957 1330 3016 euim,

238 3028 326 3075 statuit
341 3032 437 3076 natura
453 3028 575 3078 modum?
591 3042 666 3090 quem
677 3032 761 3095 (pmn.
801 3043 864 3081 cum
885 3028 979 3080 ancille
999 3029 1043 3079 vet
1067 3030 1196 3094 puerulus
1218 3033 1331 3095 praesto

238 3098 325 3162 relat.)
344 3102 451 3151 «Nonne
469 3104 552 3153 setius
564 3106 606 3153 est
621 3117 762 3167 quaerere,
800 3106 854 3165 est,
868 3105 949 3155 salaci
959 3106 1093 3169 prurigine
1105 3106 1152 3156 diu
1162 3118 1212 3156 nos
1224 3106 1333 3155 curcia-

238 3185 320 3235 quem
338 3174 526 3237 cupiditatibus
544 3177 654 3227 modum
670 3181 763 3229 nature
801 3182 924 3229 remus‘t·
946 3191 1016 3241 quae
1033 3180 1082 3230 luit
1093 3180 1225 3230 sententia
1242 3180 1330 3231 etiem

239 3248 372 3308 statuerit,
400 3248 464 3311 quid
487 3248 601 3300 tolerare
618 3253 714 3315 possit,
741 3255 763 3304 si
800 3252 915 3303 Socratis
932 3253 1005 3317 apud
1021 3255 1143 3318 xenopb.
1163 3254 1241 3306 item.
1256 3254 1284 3314 t,
1298 3253 1328 3314 3,

238 3320 399 3385 denegetur,
419 3323 484 3387 quid
500 3323 664 3387 denegatum
681 3328 763 3377 susti·
801 3322 846 3375 tt:
873 3319 955 3377 Οὕτω
976 3325 1013 3392 δὴ
1035 3328 1086 3377 καὶ
1108 3321 1331 3398 ἀφροδισιάζειν

237 3409 302 3447 nere
324 3410 377 3447 non
399 3399 495 3463 possit,
523 3412 604 3463 quam
626 3402 714 3451 nimiis
736 3404 764 3452 et
799 3394 869 3461 τοὺς
888 3396 931 3465 μὴ
953 3396 1095 3463 ἀσφαλῶς
1114 3395 1237 3463 ἔχοντας
1252 3397 1331 3470 πρὸς

236 3470 372 3523 inutilibus
389 3473 576 3539 cupiditatibus
594 3473 761 3525 solliciteri‘t·
799 3466 959 3544 ἀφροδίσια
969 3468 1042 3541 ᾤετο
1058 3472 1165 3544 χρῆναι
1181 3474 1330 3546 nederus-

237 3546 322 3597 coss.
341 3547 420 3605 Cnuc.
448 3548 763 3600 Sicindirectatnterro-
799 3544 886 3610 aava,
904 3542 955 3598 ola
969 3545 1012 3614 μὴ
1025 3545 1101 3600 πάνυ
1117 3548 1329 3615 μὲνδεομένοο

236 3620 341 3680 gatione
361 3632 408 3667 car
430 3620 456 3670 in
473 3634 568 3672 versus
585 3624 638 3673 flue
655 3624 763 3687 ponitur
798 3619 852 3672 τοῦ
869 3618 1004 3687 σώματος
1021 3618 1076 3673 οὐκ
1087 3617 1124 3672 ἂν
1135 3639 1156 3672 π
1211 3620 1330 3687 δέξαιτο

236 3692 289 3740 Sat.
302 3690 332 3751 ἰ,
351 3690 380 3749 3,
399 3692 456 3741 487.
474 3694 503 3753 2,
522 3696 551 3753 7,
570 3695 626 3745 rer.
646 3722 673 3731 —
686 3696 762 3747 inane
798 3691 924 3763 ἡψοχή,
935 3695 1075 3761 δεομένου
1088 3694 1120 3747 δὲ
1132 3712 1188 3749 ουκ
1201 3692 1239 3747 ἂν
1255 3696 1331 3768 πρά-

235 3764 379 3814 abseindcre
400 3766 476 3829 soleo]
500 3767 616 3817 uinubtiu
638 3782 671 3818 ec
692 3782 761 3820 vana
798 3784 894 3835 γματα
906 3772 1037 3841 παρέχοι.
1062 3773 1137 3823 Cont.
1154 3773 1329 3823 omuinose-

236 3836 270 3887 ab
283 3834 390 3888 utilibus
400 3840 426 3887 et
437 3841 595 3890 necessariis
603 3842 760 3904 praecidere
798 3860 881 3897 necne
898 3849 979 3912 Epist.
993 3848 1050 3899 tta.
1067 3876 1094 3885 -
1108 3851 1231 3900 Paeones
1241 3850 1330 3898 rtem·

235 3912 262 3961 et
284 3923 440 3974 separarem
475 3914 559 3964 Curru.
582 3915 671 3976 Cnuu.;
696 3930 760 3981 pro-
797 3920 911 3984 bechc]
933 3920 1009 3972 cibos
1032 3925 1118 3985 pretio
1141 3925 1225 3987 magis
1242 3923 1327 3975 eriam

234 3986 292 4050 prie
317 3986 371 4048 «id,
399 3986 471 4050 quod
496 3990 569 4039 omni
594 3992 668 4041 caret
693 4006 759 4043 vero
797 4006 878 4057 quam
890 3997 1128 4059 saporeinsignee,
1147 4008 1328 4060 quorumcu-

234 4062 328 4123 pretio,
348 4074 363 4110 a
380 4060 464 4111 solida
481 4064 552 4113 sorte
570 4063 703 4131 (rapum,
722 4068 757 4119 ab
796 4068 874 4132 pidcs
899 4069 1005 4121 deridet
1028 4071 1081 4121 Sat.
1101 4071 1133 4131 2,
1155 4072 1185 4132 2,
1209 4070 1242 4120 23
1259 4082 1323 4134 sqq.

234 4133 411 4199 heudextgua
423 4138 551 4200 pecuniae
564 4151 678 4205 summe,
691 4143 758 4197 scite
795 4142 828 4193 ta
852 4156 912 4207 sqq.
939 4172 966 4180 —
988 4144 1082 4209 tempi]
1109 4143 1143 4196 de
1170 4144 1267 4195 eadem
1291 4156 1325 4193 re
