2925 4892
247 347 310 413 250
625 346 754 398 donarii
771 345 952 398 statuariunt

291 506 419 591 Pauper
441 502 592 590 Opimius
615 502 740 589 argenti
760 500 856 588 positi
878 500 963 566 intus
985 510 1019 566 et
1038 500 1122 576 auri,

290 625 355 704 Qui
378 624 588 692 Veientanum
610 621 700 689 iestis
721 631 835 709 potare
857 620 973 688 diebus

292 746 454 832 Campana
474 718 590 811 'solitus
612 741 706 810 trulla
729 763 933 831 vappamque
955 742 1119 831 protestis,

292 865 464 946 Quondam
485 863 630 952 lethargo
652 863 765 952 grandi
788 873 839 930 est
859 884 1052 952 oppressus,
1076 873 1111 930 ut
1131 862 1227 932 heres
1276 863 1338 931 445

291 990 360 1054 lam
382 987 505 1055 circum
526 985 651 1053 loculos
674 995 708 1052 et
727 985 835 1052 claves
856 985 961 1052 lactus
983 1005 1149 1073 ovansque

293 1111 454 1177 Curreret.
498 1109 592 1175 Hunc
612 1107 759 1175 medicus
782 1107 916 1174 multum
937 1106 1025 1175 celer
1046 1115 1143 1195 atque
1164 1105 1269 1173 fidelis

295 1230 418 1297 Excitat
438 1228 501 1297 hoc
522 1239 633 1317 pacto:
657 1248 803 1296 mensam
826 1227 901 1316 poni
925 1227 1015 1295 iubet
1035 1238 1132 1315 atque

293 1349 420 1418 Effundi
442 1369 556 1418 saccos
578 1370 798 1426 nummorum,
822 1348 979 1416 accedere
1001 1347 1112 1436 plures

295 1471 344 1538 Ad
358 1470 611 1550 numerandnm;
633 1470 797 1538 hominem
812 1471 860 1538 sic
875 1470 985 1556 erigit3
1008 1468 1098 1536 addit
1111 1478 1144 1536 et
1158 1468 1250 1536 illud:
1278 1468 1341 1534 4544

294 1594 332 1662 Ni
355 1603 411 1660 tua
432 1591 590 1671 custodis,
615 1590 730 1658 avidus
753 1592 817 1658 iam
838 1591 919 1660 haec
939 1589 1062 1658 auferet
1082 1591 1189 1658 herea

319 1791 376 1842 446.
394 1791 465 1840 44444
480 1792 506 1840 S.
528 1817 555 1826 —
575 1790 632 1840 464.
650 1790 705 1840 tom
719 1790 775 1839 4444
791 1788 888 1852 4444444
903 1788 959 1839 4444.
973 1787 1095 1839 Heinsius
1112 1787 1184 1839 baud
1200 1789 1303 1852 impro-

287 1865 369 1916 bante
386 1861 514 1915 Bentleio.

253 2044 352 2102 444444
360 2041 473 2104 04444444
481 2040 543 2104 cet]
554 2041 655 2090 «Homo
664 2041 778 2104 ignotus,
815 2040 882 2091 vetut
905 2039 960 2101 4444,
986 2039 1071 2104 propia
1095 2041 1135 2090 444·
1159 2039 1231 2090 444444
1252 2041 1340 2104 repta,

254 2117 300 2180 qui
312 2117 435 2179 quamvis
446 2115 597 2166 abundaret
613 2129 679 2164 auro
691 2117 719 2165 et
736 2128 780 2164 44-
816 2119 907 2164 444444
922 2115 1014 2164 Fertur
1030 2127 1116 2164 444444.
1137 2141 1164 2168 -,
1182 2114 1289 2164 multam
1304 2129 1344 2166 44-

254 2191 333 2254 genio
345 2189 419 2239 domi
434 2190 461 2239 in
478 2201 540 2238 arca
551 2188 671 2249 condito,
689 2191 780 2239 tamen
817 2189 862 2254 444]
882 2187 979 2240 «multa
997 2189 1078 2240 animi
1095 2189 1246 2253 praesentia
1262 2201 1345 2252 prae·

254 2277 350 2315 revera
372 2276 471 2326 pauper
487 2264 587 2327 arpenti
611 2269 635 2314 44
652 2263 713 2312 curt
730 2262 779 2325 (Cl.
811 2264 917 2314 ditus.»
952 2264 991 2314 De
1012 2263 1140 2313 adverbio
1160 2263 1266 2312 44444444
1287 2263 1342 2314 vid.

255 2340 308 2388 Sat.
326 2339 355 2400 4,
374 2340 402 2399 4,
420 2338 472 2401 79.)
490 2341 561 2398 erat,
588 2339 714 2403 44444444
739 2338 781 2388 di-
818 2339 853 2390 ad
870 2339 967 2399 Sati,
990 2339 1019 2399 3,
1037 2339 1078 2388 64.
1100 2365 1127 2374 -
1150 2338 1345 2388 444444--444-

255 2413 324 2463 vitiis
340 2413 396 2464 suis
413 2413 449 2462 444
465 2412 595 2476 parcebat
611 2412 667 2475 (ed.
686 2411 715 2473 3,
735 2413 780 2474 46,
817 2413 865 2478 rer]
883 2411 974 2474 Odi,
996 2413 1023 2473 4,
1046 2413 1093 2461 ra:
1120 2413 1345 2463 444444444ίά44-

255 2487 304 2537 28:
331 2488 440 2551 Mcpncs
459 2489 525 2538 444444
546 2500 604 2550 opes
626 2485 730 2550 44444),
752 2487 782 2536 ut
817 2489 920 2540 4444444.
942 2515 969 2522 -
987 2487 1032 2538 boc
1049 2488 1106 2550 444]
1125 2489 1155 2537 ln
1172 2487 1297 2551 auspiciis
1317 2489 1347 2538 44

257 2562 418 2612 Veientanum
432 2561 556 2613 4444444444
573 2562 653 2625 (Pers.
671 2563 699 2623 a,
723 2560 780 2611 444.
819 2563 954 2615 sacrificiis
986 2560 1144 2625 incipiendis
1175 2561 1221 2611 too
1254 2574 1303 2625 apo
1330 2574 1346 2610 4

256 2635 365 2688 Martini.
379 2638 409 2698 4,
423 2636 485 2699 4443,
499 2637 652 2700 9.),·vinum
662 2635 781 2696 acidum,
819 2649 953 2702 praecone
965 2634 1172 2698 inclamabam,
1186 2648 1239 2699 quo
1250 2647 1346 2685 omnes

255 2709 335 2774 quale
370 2711 513 2775 provenire
549 2708 655 2761 solebat
688 2710 782 2760 Veiis»
820 2713 911 2764 essent
936 2711 1030 2762 intenti
1056 2711 1095 2760 rei
1123 2708 1227 2760 divinae
1256 2721 1347 2772 neque

258 2786 419 2848 (etiamnunc
434 2786 497 2835 vina
513 2786 631 2836 Romana
645 2783 782 2835 vilioribus
820 2785 966 2851 quidquam
977 2784 1047 2835 aliud
1062 2783 1197 2835 mentibus
1207 2783 1346 2846 agitarent.

257 2858 485 2921 adnumerantur),
497 2857 586 2908 «iestis
599 2857 706 2919 diebus,
719 2870 784 2923 pro-
820 2861 952 2913 Plutarch.
966 2863 1052 2910 Numa
1064 2873 1087 2910 c.
1099 2859 1138 2910 44.
1153 2857 1250 2910 Coriol.
1264 2871 1289 2908 4.
1302 2859 1346 2909 25.

257 2934 331 2984 iestis
342 2945 471 2998 vappam,
488 2933 582 2982 vinum
599 2945 709 2997 prorsus
720 2945 784 2982 cor·
821 2935 890 2987 sulla
913 2934 985 2998 apud
1006 2935 1137 2985 Senecam
1160 2934 1195 2983 do
1213 2930 1296 2983 Clam.
1316 2934 1347 2994 4,

257 3011 366 3072 ruptum
382 3006 426 3057 vel
444 3005 525 3056 multa
537 3020 606 3070 aqua
618 3006 731 3058 duumm
745 3007 785 3058 bi·
822 3012 870 3062 444
899 3011 952 3060 Hoc
977 3022 1097 3074 44444444,
1123 3010 1150 3059 P.
1169 3009 1196 3059 0.
1225 3034 1253 3045 -
1281 3008 1350 3070 Quid

258 3082 337 3134 beret
356 3093 389 3130 ac
410 3078 487 3130 trulla
509 3084 595 3141 (vase,
621 3093 675 3143 quo
691 3083 783 3133 vinum
820 3085 885 3148 4444]
903 3085 998 3149 Opimii
1014 3082 1179 3136 suntverba.
1196 3107 1223 3118 -
1239 3081 1348 3146 inopch

259 3169 275 3207 4
296 3157 400 3206 cratere
423 3155 450 3204 in
471 3154 566 3219 pocula
587 3154 783 3219 infundebatur)
822 3161 1022 3221 «extenuatum,
1040 3157 1142 3209 viribus
1159 3157 1278 3222 corporis
1296 3157 1350 3221 pri-

258 3230 393 3290 uteretur,
418 3242 472 3279 non
492 3231 618 3292 argentea
640 3244 691 3281 nec
707 3244 785 3281 mur·
821 3239 939 3287 vatum.»
967 3258 995 3270 -
1024 3231 1110 3294 4444444]
1138 3243 1223 3296 aquae
1250 3243 1350 3294 corpus

258 3305 334 3355 rhina
346 3304 383 3367 [ut
393 3301 517 3355 solebant
527 3305 655 3369 ditiores),
668 3306 717 3357 sed
728 3309 785 3358 tan-
821 3310 948 3374 sanguine
972 3306 1046 3358 alunt
1067 3308 1193 3371 viresque
1214 3305 1348 3367 reficiunt,

259 3381 317 3430 tum
343 3377 428 3439 fictili,
458 3377 550 3442 quales
575 3379 787 3432 conficiebantur
824 3387 879 3436 iam
895 3383 1022 3446 sanguine
1040 3381 1255 3432 exhauriantur.»
1268 3379 1352 3430 -lo-

258 3455 286 3504 44
311 3452 482 3517 Campania.»
520 3453 581 3515 (Sat.
603 3455 631 3516 4,
658 3455 689 3517 6,
717 3457 785 3520 448.)
822 3459 890 3525 pens]
913 3459 1009 3520 ingens
1031 3454 1127 3506 luitura
1145 3456 1288 3520 propterea
1303 3467 1351 3504 ra-

260 3527 419 3578 Cic.Parad.
439 3527 468 3589 6,
487 3527 519 3577 3:
545 3529 655 3590 4444444444
671 3535 695 3580 ct
711 3531 787 3580 44444
824 3530 994 3598 mulcebatur,
1021 3530 1094 3594 quod
1110 3529 1153 3581 ille
1170 3543 1282 3594 prorsus
1302 3543 1351 3580 ox-

258 3628 274 3639 ·
284 3628 299 3639 -
309 3616 360 3651 44444
374 3603 448 3652 modo
464 3616 515 3652 4444
531 3604 625 3664 copiosi
641 3618 673 3654 44
689 3606 786 3670 4444444,
825 3609 936 3658 haustus
953 3608 1018 3655 erat.
1055 3603 1130 3668 (Nihil
1146 3602 1353 3668 improbabilius

258 3678 399 3728 sedetiam
422 3679 508 3742 inopes
530 3692 562 3728 44
584 3693 709 3742 pauperes
729 3684 787 3733 4444-
825 3695 907 3747 quam
923 3679 1033 3732 Bentleii
1050 3681 1203 3730 coniectura
1217 3692 1352 3742 praesens,

259 3751 377 3801 4444444444
393 3757 459 3802 suot.
475 3779 503 3788 -
518 3754 594 3815 positi
610 3755 686 3818 444444]
705 3756 745 3807 Cl.
760 3771 787 3808 v.
826 3755 970 3810 Marklandi
981 3757 1089 3820 44444444,
1108 3755 1241 3805 Sanadoni
1256 3755 1355 3804 44444444

261 3824 318 3873 ⁴⁴5·
826 3829 997 3882 aWielando
1022 3829 1151 3894 recepta.)
1193 3828 1354 3879 Stomachus

294 3896 416 3948 4444-4446.
439 3899 552 3964 44444444
567 3903 669 3968 maadi]
689 3906 787 3967 «gram,
827 3906 917 3956 autem
939 3917 1001 3955 cum
1022 3903 1144 3956 aedificio
1164 3905 1353 3970 comparatur,

260 3970 394 4035 profundo
419 3977 561 4026 veterno.»
592 4003 619 4013 -
646 3979 732 4042 44444]
759 3981 790 4032 Ut
827 3980 950 4046 quodne
969 3982 1087 4040 4444444,
1110 3977 1200 4031 tuleris
1218 3991 1250 4030 ac
1268 3976 1355 4030 solido

262 4047 524 4110 tritanpbcrodicitur
533 4050 568 4101 do
579 4051 621 4112 iis,
635 4053 681 4115 qui
692 4054 789 4116 gaudio
828 4055 1000 4106 tundamento
1020 4055 1094 4105 inniti
1120 4053 1214 4104 debet:
1246 4055 1285 4104 sie
1311 4049 1355 4101 ille

263 4122 406 4184 4444444444,
430 4125 469 4176 444
486 4125 568 4176 etiam
585 4141 675 4189 44444,
694 4127 738 4178 444
755 4128 789 4179 de
827 4129 942 4194 copiosis
959 4127 1098 4180 alimentis.
1134 4127 1217 4180 Plaut.
1231 4126 1355 4186 curci,

262 4197 429 4250 animalibus.
464 4197 521 4250 val.
534 4199 619 4252 Flacc.
633 4204 665 4265 6,
684 4202 732 4252 64;
755 4203 790 4254 Ac
827 4204 855 4266 3,
874 4205 924 4255 87:
950 4216 1071 4268 44444444,
1089 4217 1189 4266 444444,
1207 4203 1355 4269 omuino,
