2925 4892
265 388 329 453 466
613 378 743 431 aunarii
759 373 981 427 sustentauit

307 542 370 623 Qui
393 537 494 607 semei
516 534 682 622 adspexit,
706 539 862 619 quantum
883 527 1019 595 dimissa
1039 526 1149 615 petitis

309 665 496 738 Praestent,
518 665 643 725 mature
666 652 781 721 redeat
801 660 993 740 repetatque
1014 647 1134 717 relicte

310 783 412 852 lletiri
436 802 472 848 se
495 796 660 867 quemque
682 794 744 843 suo
765 771 899 841 modulo
920 792 960 839 ao
981 770 1068 859 pede
1089 788 1206 837 verum
1228 779 1289 837 est

309 1028 315 1041 ,
333 982 375 1033 96.
394 978 469 1030 dard
484 976 577 1029 bSodE
595 978 622 1025 et
639 985 734 1023 omnes
751 971 877 1022 Pottierii.
899 998 925 1006 —
946 970 1053 1021 caetea
1068 968 1098 1019 E.

267 1148 351 1210 tutor]
369 1146 470 1197 liumus
482 1139 603 1195 formula.
626 1140 681 1191 Cic.
696 1137 731 1188 ad
742 1138 795 1188 Ati.
833 1138 963 1199 «Aecum
977 1136 1021 1187 est
1036 1138 1065 1186 et
1080 1134 1160 1185 decet
1175 1145 1314 1199 musque
1323 1134 1359 1183 io-

269 1224 295 1273 tt
308 1260 313 1283 ,
328 1221 401 1282 t,t:
420 1215 640 1279 idqoeutfaeiue,
658 1212 798 1263 eottator
834 1213 873 1261 tra
891 1222 939 1260 eos
950 1209 1019 1260 lines
1030 1222 1141 1261 manere
1153 1221 1268 1272 eamque
1279 1208 1360 1257 num

268 1301 344 1357 atque
354 1292 461 1343 etima
475 1318 502 1329 -
516 1292 564 1353 (iat
575 1288 650 1339 meet
659 1286 722 1349 eet]
739 1287 797 1336 lam
834 1284 946 1348 eligere,
972 1294 1042 1347 quae
1062 1283 1196 1346 cuiusque
1211 1280 1316 1332 utribus
1330 1293 1360 1331 ee

268 1382 302 1419 ex
318 1368 370 1418 hac
388 1361 585 1415 narratiuncula
603 1364 683 1427 poeta
701 1358 799 1423 colligit
834 1360 873 1411 rel
891 1356 1012 1409 familiari
1029 1370 1111 1421 quarn
1122 1356 1239 1409 maxime
1251 1368 1361 1409 conmu-

269 1438 424 1505 generalem
449 1438 627 1489 seutentiam:
665 1436 718 1487 «lit
742 1433 799 1496 prl-
834 1434 914 1483 tanea
931 1431 990 1483 slt-
1009 1431 1048 1482 Ci.
1068 1431 1122 1482 Cio.
1136 1430 1170 1481 de
1183 1429 1257 1479 orne.
1277 1430 1302 1487 t,
1320 1428 1359 1489 at,

269 1528 345 1567 mum
362 1514 457 1577 aliquis
473 1512 624 1577 perspexit»
637 1512 690 1561 cet.
708 1508 799 1559 Lectio
836 1508 903 1558 litt:
921 1506 1058 1569 propriora
1071 1510 1194 1556 eumaeo
1208 1516 1359 1567 noum,

269 1590 344 1640 amul
376 1590 428 1639 boc
461 1586 520 1637 loco
554 1598 619 1635 sane
653 1594 797 1648 perversa,
834 1586 876 1642 ut,
894 1583 971 1631 mom
986 1582 1008 1630 ti
1024 1581 1073 1630 stit
1089 1580 1363 1644 diaprouioroutque

270 1678 436 1729 quamquam
452 1661 568 1727 inlonge
580 1656 797 1725 plurimiscodd.
834 1656 959 1717 mdioro,
992 1660 1077 1705 menen
1099 1667 1146 1705 ner
1168 1654 1253 1703 suedie
1276 1658 1362 1704 eom

269 1739 414 1805 reperitur,
434 1738 460 1787 ln
477 1736 569 1801 paucis
587 1732 724 1785 dumtaxat
735 1744 800 1783 vera
835 1736 938 1781 maore
950 1734 1061 1781 nutwue
1070 1728 1160 1793 reputo
1170 1728 1315 1778 mnarum.
1335 1754 1360 1764 -

269 1813 350 1864 senui.
370 1811 409 1862 Cl.
422 1810 470 1861 Od.
484 1810 509 1871 l,
523 1810 547 1870 3,
562 1810 585 1858 t.
605 1836 632 1844 -
653 1808 717 1858 btire
735 1818 802 1855 non·
835 1805 936 1855 modulo
952 1818 984 1854 uo
996 1803 1068 1867 pede]
1087 1803 1217 1853 «meduna
1234 1804 1276 1853 est
1287 1814 1364 1853 men-

270 1885 334 1937 nuili
349 1886 417 1935 baec
428 1898 477 1949 pro
489 1881 599 1946 Philippi
611 1880 711 1939 verbis,
730 1892 799 1943 quae
837 1891 913 1936 aura3
932 1877 1090 1942 metaphora
1106 1890 1138 1926 uc
1150 1877 1214 1939 pede
1229 1876 1265 1926 ab
1277 1877 1310 1926 iis
1321 1876 1365 1925 de·

270 1964 364 2011 Menae
376 1956 538 2017 inclamarit,
558 1954 718 2011 habuerunt,
737 1964 801 2001 cum
837 1954 944 2016 sumpta
965 1954 1020 2012 eet,
1046 1952 1092 2015 qui
1115 1950 1235 2020 corporis
1251 1950 1294 2000 sul
1310 1952 1365 2001 aia·

270 2032 394 2084 Horatius
419 2032 500 2079 totius
525 2030 564 2078 rel
588 2029 688 2077 exitum
706 2022 800 2075 callide
836 2028 925 2074 turem
942 2034 1054 2075 numero
1075 2024 1177 2088 pedum
1192 2024 1364 2073 metiuntur.»

271 2106 401 2157 tacuerit:
429 2100 492 2152 nibil
516 2103 587 2152 enim
604 2098 735 2151 attinebat
750 2098 802 2148 ad·
838 2098 928 2147 Oetae.
938 2099 1071 2160 —eenenl
1083 2100 1206 2158 «tostum,
1219 2108 1365 2162 aequum·

271 2182 381 2242 iungere
415 2190 430 2226 a
463 2174 583 2239 Philippo
616 2172 800 2223 misericordia
837 2170 1364 2234 Slusat.2‚3,3tt.Epp.t,t2,2³.Vrrg.

271 2255 342 2304 tacto
367 2252 472 2302 lienam
495 2250 622 2314 pristinae
645 2248 715 2297 vitae
733 2246 801 2297 illico
838 2242 1367 2302 ten.t2,tiii:meoeriurueienleuee

272 2328 424 2378 restitutum
449 2336 542 2375 rursus
568 2323 664 2374 iecisse
686 2334 802 2385 praeeo-
838 2319 876 2369 bia
890 2320 978 2383 iomar
993 2320 1070 2369 luere.
1094 2320 1133 2369 Ac
1149 2318 1368 2385 saepeapudbi

272 2402 354 2453 nium.
376 2428 404 2437 -
430 2399 516 2453 Metiri
540 2411 565 2450 ee
590 2410 712 2461 menate
736 2394 800 2460 eet]
837 2394 990 2454 vtum3vld.
1000 2391 1193 2444 Drakenborch
1205 2391 1275 2453 adt,
1285 2391 1328 2453 te,
1340 2392 1366 2442 2.

741 2573 890 2585 ...-—--

631 2722 1012 2801 exuensne

324 2906 390 2955 aEsi
415 2904 483 2953 baec
506 2898 617 2965 epistola
643 2915 677 2952 ex
692 2903 725 2953 lis
743 2901 844 2954 lloratil
859 2901 1040 2964 carminibus,
1065 2899 1139 2951 uude
1154 2899 1297 2963 egr-agium
1312 2898 1372 2948 etue

275 2987 425 3050 ingenium,
453 2983 554 3033 ‹tandor
577 2983 751 3047 incorruptus
774 2987 803 3035 et
824 2986 940 3049 ingenua
964 2984 1075 3036 libertae
1102 2996 1158 3035 non
1180 2984 1271 3033 minus
1286 2993 1372 3045 quem

274 3080 356 3119 verae
382 3067 527 3127 amicitiae,
554 3064 589 3115 ab
615 3067 689 3116 omni
711 3066 862 3119 adulatione
883 3071 1017 3129 remotae,
1044 3069 1072 3118 et
1089 3064 1255 3131 gratiarnm
1271 3076 1372 3115 sensus

274 3151 404 3216 imprimis
422 3148 536 3199 elucent.
572 3149 714 3200 Maecenas
732 3151 822 3211 enim,
842 3152 888 3215 qui
905 3154 1001 3216 poetae
1019 3148 1213 3201 consuetudine
1230 3160 1373 3211 nunquam

274 3246 328 3285 non
354 3232 500 3283 admodum
526 3230 706 3282 delectaretur
731 3235 760 3283 et
784 3234 883 3285 invitus
908 3248 1018 3299 semper
1043 3247 1106 3285 eum
1128 3246 1144 3282 a
1165 3245 1195 3283 se
1214 3230 1372 3293 dimitteret,

275 3330 338 3368 cum
356 3314 498 3381 aliquando
517 3314 652 3377 lloratius,
672 3316 721 3366 etsl
740 3315 872 3381 pollicitus
890 3316 958 3368 intra
975 3330 1076 3383 paucos
1093 3315 1151 3367 dies
1167 3328 1197 3367 se
1209 3314 1373 3374 rediturum,

275 3401 373 3452 diutius
391 3399 458 3450 urbe
479 3396 602 3458 abesset,
625 3397 653 3448 id
676 3412 757 3463 aegre
775 3398 866 3451 tulisse
883 3401 1000 3452 videtur.
1034 3402 1091 3451 lam
1109 3400 1188 3463 igitur
1204 3401 1285 3463 poeta
1303 3398 1375 3449 bane

275 3484 417 3551 epistolam
435 3485 508 3547 [sane
526 3485 674 3546 autequam
692 3482 820 3533 ederetur
836 3496 899 3533 oum
924 3482 968 3535 ilio
984 3484 1226 3541 communicatam,
1253 3482 1306 3528 atui
1322 3478 1374 3532 bat

276 3567 311 3618 de
336 3582 366 3619 re
392 3566 524 3619 dubitavit
538 3564 690 3627 weicheri)
714 3566 833 3630 scripsit,
861 3578 915 3629 qua
932 3569 960 3617 et
975 3567 1046 3617 banc
1062 3565 1213 3617 absentum
1228 3565 1375 3613 excusaret

276 3652 304 3699 et
328 3651 436 3701 omnino
458 3649 543 3701 libere
566 3646 751 3711 eloqueretur,
778 3659 831 3711 qua
854 3650 957 3699 ratione
981 3649 1115 3699 amaiore
1132 3646 1219 3697 amico
1236 3657 1303 3696 seeo
1319 3649 1375 3696 tra-

277 3733 342 3782 ctari
360 3730 448 3783 vellet.
484 3734 603 3783 Primum
620 3730 765 3781 certiorem
782 3730 846 3781 tacit
861 3732 1063 3793 Maecenatem,
1081 3744 1112 3781 ee
1128 3729 1243 3794 proximi
1261 3728 1375 3780 demum

277 3814 339 3864 anni
363 3816 485 3879 ternpore
511 3828 595 3865 verno
624 3814 659 3865 ob
686 3812 845 3864 valetudinis
870 3813 1019 3879 periculum
1045 3816 1157 3864 ltomam
1174 3814 1275 3862 reverti
1292 3824 1375 3876 pesse

279 3898 330 3959 (vv.
350 3898 431 3961 t-tai.
466 3900 545 3959 Tum,
572 3896 618 3947 ubi
642 3896 730 3961 lepide
756 3897 914 3961 significavit
938 3912 968 3949 se
990 3896 1075 3961 probe
1092 3893 1253 3957 intelligere,
1279 3893 1375 3959 quanti

278 3990 426 4041 generosus
452 3980 612 4031 Maecenatis
637 3981 743 4030 animus
765 3983 793 4029 et
809 3981 836 4031 iu
852 3978 991 4031 beneflciis
1008 3978 1149 4041 largiendis
1165 3978 1324 4029 humanitas
1341 3978 1377 4029 ia-

279 4060 375 4111 cienda
392 4060 426 4111 sit
443 4061 493 4124 ivv.
514 4059 628 4125 ibit),
656 4062 772 4113 maxime
789 4064 908 4112 aetatem
925 4074 1004 4113 suam
1020 4061 1219 4126 provectiorem
1234 4062 1322 4125 atque
1339 4064 1378 4113 iu·

279 4146 382 4195 certam
398 4142 579 4195 valetudinem
595 4145 715 4207 excusat,
734 4142 809 4207 quod
825 4145 933 4197 omuino
951 4144 1065 4211 posthc
1075 4145 1103 4195 iu
1114 4143 1185 4195 Urbe
1197 4146 1253 4194 tam
1264 4145 1377 4197 temdus

281 4240 310 4279 se
329 4226 441 4277 detineri
458 4240 510 4278 non
528 4238 655 4292 passurus
672 4228 707 4279 sit
724 4228 776 4289 (vr.
795 4228 919 4291 steen
947 4230 1028 4293 atque
1044 4225 1132 4279 tabula
1149 4227 1202 4290 tw.
1221 4226 1334 4293 nti-sti
1351 4232 1378 4279 et
