2925 4892
492 390 551 442 ΗΒ.
571 391 589 440 1.
626 391 724 443 Ertsr.
744 392 788 442 4.-’

146 547 231 613 Solve
252 557 473 616 senescentem
495 558 619 614 mature
642 550 741 614 sanus
763 569 899 636 equum,
922 570 964 615 ne

145 671 250 736 Peccet
270 669 310 736 ad
331 679 510 737 extremum
533 669 689 747 ridendus
711 681 744 737 et
766 669 821 736 iiia
842 669 948 738 ducat.

145 791 225 857 Nunc
245 791 351 878 itaque
374 801 407 857 et
428 811 543 857 versus
565 801 598 857 et
620 802 729 858 cetera
750 790 875 860 ludicra
897 812 999 880 pono,
1139 793 1177 857 to

165 971 201 1019 iti.
220 971 340 1022 Excisum
358 974 399 1021 est
416 967 508 1021 ioiium
526 983 540 1021 e
559 970 624 1022 Cod.
645 985 660 1020 c
687 974 749 1036 post
764 984 790 1020 v.
810 972 850 1020 to.
869 984 955 1035 usque
973 971 1048 1020 adv.
1068 972 1109 1022 59.

108 1133 151 1182 que
181 1119 375 1170 consuetudinis
410 1122 467 1169 eret
496 1122 612 1170 stantem
653 1113 762 1182 ὄχεσφι
788 1120 873 1183 θοοῖς
901 1120 931 1183 ἐς
958 1113 1083 1186 ἅμιλλαν
1110 1116 1175 1184 ἔβα.

108 1191 262 1256 inaniorem
299 1197 392 1259 petere
427 1195 613 1244 missionem·
653 1196 752 1246 Ennius
768 1195 839 1260 apud
858 1197 912 1246 Cic.
931 1197 989 1248 Cat.
1005 1200 1067 1248 mai.
1081 1199 1110 1259 6,
1131 1198 1175 1250 it:

108 1267 176 1318 itiiter
190 1269 310 1331 quidem,
329 1267 379 1318 sed
394 1269 438 1317 vix
455 1270 543 1329 recta,
567 1282 615 1318 ex·
652 1271 721 1320 Sicut
736 1271 811 1332 sortis
826 1284 916 1332 epora,
942 1273 1025 1334 spatio
1041 1274 1085 1335 qni
1105 1286 1179 1336 coepe

107 1343 168 1405 pouit
182 1343 307 1393 Diintzer:
338 1355 387 1392 unc
409 1341 539 1392 invalidus
562 1343 615 1393 iam
651 1358 768 1407 reprenso
788 1346 849 1395 Vicit
872 1345 1001 1408 Olympio,
1028 1362 1095 1397 υενισ
1110 1349 1179 1398 terrio

106 1418 227 1481 pristinam
243 1416 355 1480 gloriam
378 1418 512 1468 amitteret
533 1420 614 1480 etque
651 1421 771 1482 consectu'
789 1420 900 1482 συνοεάε
936 1421 1030 1471 Crates
1041 1422 1114 1485 apud
1131 1425 1178 1472 Ze·
1217 1465 1220 1471 .

106 1490 187 1555 popnio
203 1492 280 1542 tieret
300 1491 428 1552 ludibrio,
456 1493 534 1542 toties
552 1505 614 1542 cum
652 1494 763 1544 nobium
781 1494 811 1555 i,
830 1494 877 1547 ti:
896 1487 985 1561 Ἵππῳ
1001 1493 1179 1564 γηράσκοντι

105 1567 172 1617 viam
193 1566 225 1616 ab
248 1581 282 1617 eo
300 1569 448 1618 exoraret.»
486 1567 524 1617 Gi.
547 1568 613 1631 Epp.
652 1565 689 1620 τὰ
705 1571 811 1634 μείονα
828 1564 907 1619 noisi'
923 1568 1067 1630 ἐπίβαλλε.
1102 1574 1177 1624 ovid.

24 1701 26 1716 ⁴
106 1641 129 1701 t,
145 1641 185 1702 48,
202 1641 242 1692 66.
652 1645 772 1705 Tristi,
791 1645 820 1706 8,
840 1645 884 1694 is:
907 1647 1032 1696 Nccodat
1047 1652 1071 1697 ct
1086 1649 1180 1698 munos

650 1720 752 1783 patmos
767 1719 904 1769 inhonestet
919 1721 1038 1782 adeptas,
1064 1723 1180 1786 Mneui-

130 1793 178 1843 i·t.
195 1793 237 1843 list
253 1793 317 1842 miii
334 1792 396 1857 cet]
415 1792 511 1855 Optimi
532 1791 616 1841 inter·
653 1795 699 1844 dus
716 1794 744 1843 tn
757 1794 841 1856 pratis
856 1795 977 1857 promitto
993 1797 1077 1857 carpit
1092 1809 1178 1857 operm

105 1871 182 1929 pretes
204 1873 266 1920 sunt
294 1869 400 1920 Persius
425 1870 454 1928 6,
481 1867 529 1917 96;
560 1869 616 1917 Stat
655 1897 682 1906 -
701 1883 732 1919 oo
748 1869 841 1931 Pcceet]
859 1882 909 1920 nne
926 1871 1053 1920 continuo
1070 1871 1097 1921 iu
1116 1885 1180 1922 saxu

103 1948 178 1993 casim
196 1947 261 1994 ratio
287 1950 311 1993 et
332 1949 452 1994 secretam
475 1944 564 2008 pannii
589 1944 616 1992 ia
654 1945 781 2008 impingat
797 1946 845 1994 aut
860 1944 935 1994 humi
951 1943 1121 2008 prolabatur,
1143 1947 1180 1996 ita

24 2017 25 2044 ³
103 2032 189 2080 συσπ,
207 2020 305 2071 ieviter
322 2021 465 2070 imitatione
479 2021 615 2068 invertens
653 2021 683 2068 ut
702 2018 819 2069 eundem
845 2017 932 2080 ilium,
959 2021 1036 2071 euius
1060 2020 1181 2083 vigorem

24 2113 25 2140 ;
104 2093 258 2146 Horatianum
293 2099 424 2156 perronem
458 2092 615 2143 Plutarchus
653 2107 685 2144 ae
702 2092 870 2143 velocitatem
893 2092 957 2144 olim
974 2106 1069 2146 omnes
1093 2095 1180 2146 admi-

104 2163 163 2236 πρὸς
188 2163 322 2236 ἡγεμόνα
348 2161 522 2218 ἀπαὶδευτον
550 2170 614 2232 Cep.
653 2167 795 2230 rabuntur,
833 2171 971 2233 postremo
1006 2169 1178 2220 derideant.-

24 2239 26 2308 ξ
104 2241 127 2303 t,
149 2245 179 2294 2:
213 2243 267 2297 τοῦ
306 2241 532 2308 πεπαιδευμένου
566 2242 616 2292 soi
654 2241 701 2292 iiiii
720 2245 868 2306 exponunt:
896 2245 1047 2303 «vincatur,
1076 2257 1109 2294 eo
1125 2257 1179 2308 quo

24 2317 25 2346 ³
104 2318 316 2390 σωφρονοῦντος
357 2313 501 2388 ἄρχοντος
535 2315 616 2381 ἐντός
654 2316 717 2367 vetii
734 2329 788 2367 non
804 2318 969 2382 perveniat.»
984 2317 1178 2383 -itioducot1

24 2393 25 2448 Ξ
102 2391 167 2443 ἐστιν
191 2391 206 2444 ὁ
231 2391 323 2445 τοῦτο
346 2391 546 2460 φθεγγόμενος
570 2387 617 2442 ἀεὶ
655 2406 750 2456 «aegre
768 2393 890 2457 spiritum
907 2392 1001 2455 ducat,
1023 2394 1181 2457 frequenter

24 2451 26 2486 ἱ
103 2467 143 2516 aar
168 2465 437 2540 παρακελευόμενος
468 2461 617 2534 (ἔμψυχος
654 2467 787 2518 anhelet.»
805 2468 876 2531 virg.
891 2467 980 2528 sec,
1000 2469 1060 2519 tta:
1080 2471 1182 2531 imoque

24 2529 26 2582 t
102 2535 135 2590 nv
157 2541 186 2594 ευ
210 2540 294 2610 αυτῷ
322 2539 430 2610 λόγος).
470 2545 536 2594 nos:
568 2545 618 2594 σεε
653 2543 727 2606 tanao
744 2541 918 2605 συευμιιυ
937 2543 1047 2592 emmo.
1078 2544 1178 2594 cacan,

101 2616 194 2668 iacere
224 2621 356 2669 Stimmo
385 2619 437 2668 dos
467 2619 615 2680 flociteo,
654 2615 1181 2679 i,75ti:Pcctororaucopemunt,quue

102 2690 216 2745 Kantmuo
240 2705 386 2752 sermone,
419 2694 471 2743 dor
494 2693 617 2756 katepo-
654 2691 740 2742 creber
762 2692 885 2741 cnidum
904 2695 1007 2754 υνςυσι,
1032 2691 1066 2739 Et
1087 2692 1182 2755 desecto

100 2767 189 2817 risoie
211 2769 393 2831 imperatio.
427 2793 452 2806 -
484 2768 615 2833 persecut]
653 2767 742 2830 pronis
757 2764 1089 2828 toopetrcitititicpultua.
1115 2764 1180 2815 Ptin.

102 2841 186 2901 active,
215 2845 245 2893 ut
273 2842 328 2892 Cic.
354 2841 388 2890 ad
415 2843 487 2892 Fam.
508 2843 537 2904 6,
569 2843 614 2904 48,
655 2841 685 2890 it.
699 2841 730 2890 N.
743 2840 791 2900 66,
810 2840 854 2889 46;
878 2838 1183 2890 Vei—commutamn-

101 2913 126 2964 i:
149 2917 198 2967 ἰεπι
213 2923 301 2968 tamen
316 2929 457 2978 personare
473 2931 549 2967 aures
565 2917 618 2966 eius
653 2917 723 2966 tion
734 2915 780 2964 iiio
791 2913 945 2964 trahentibus
955 2913 1101 2964 aucitietur
1107 2919 1179 2975 poto.

101 2988 227 3042 iuiumiodi
250 2991 354 3042 ooeitm
377 3005 428 3040 που
452 2996 488 3040 cst
515 2991 615 3052 inutile,
687 2991 777 3041 to-ia.
795 2990 868 3039 Nunc
884 2990 979 3054 impote]
996 2991 1036 3040 De
1051 2990 1182 3054 positione

101 3065 163 3124 quod
179 3065 268 3117 firmat
294 3065 384 3116 Codex
401 3066 549 3127 Medioous,
568 3067 617 3116 etsi
654 3063 799 3131 particulae
829 3065 914 3126 itaquo
939 3064 1015 3114 Hand
1036 3066 1112 3115 Turs.
1139 3067 1181 3116 ili.

24 3133 25 3152 ¹
101 3143 238 3205 conuptus.
270 3140 542 3203 Virg.Aen.6,it7:
561 3141 618 3191 Cor·
654 3155 680 3204 p.
705 3139 767 3189 509:
802 3140 886 3189 «Livii
916 3141 1050 3204 tempore,
1080 3142 1183 3205 primn-

102 3211 163 3263 toua
176 3215 236 3266 iaec
253 3217 343 3280 inpetu
359 3217 456 3265 latratu
471 3229 552 3280 repca
569 3217 617 3264 iri-
654 3214 693 3263 ria
704 3210 897 3276 significatione
909 3212 1071 3274 oblitterata,
1085 3217 1113 3264 et
1122 3228 1183 3278 par-

24 3301 25 3310 *
100 3287 159 3346 imici
174 3291 302 3340 Personat.
324 3315 350 3325 -
371 3295 618 3354 parpocem--oo-
655 3286 734 3338 ticuia
747 3289 1022 3351 proipiteracccpta,
1038 3289 1182 3352 scriptores

101 3364 153 3427 mm]
166 3365 226 3414 Erat
236 3363 312 3414 vetut
322 3363 497 3428 proverbium
509 3363 543 3413 de
555 3377 618 3428 pur-
654 3362 727 3414 baud
756 3362 945 3413 contemnendi
974 3375 1035 3412 earn
1062 3363 1182 3414 secundo

102 3439 158 3498 gatis
175 3441 263 3503 (etiam
277 3442 354 3490 aceto
366 3441 439 3490 Pers.
453 3441 481 3502 a,
500 3439 551 3502 86.)
568 3451 617 3488 au-
654 3435 713 3488 ioco
737 3435 779 3486 vel
806 3438 883 3486 tertio
906 3449 1007 3501 ponere
1031 3448 1182 3485 consueve-

102 3511 173 3564 ribus.
207 3514 292 3565 Plaut.
314 3513 366 3566 itit.
388 3513 420 3578 gi.
444 3514 472 3575 3,
497 3516 526 3575 4,
554 3515 615 3563 tas:
655 3514 741 3562 runt.»
764 3539 792 3548 -
809 3509 904 3573 υσεευε]
922 3510 1040 3570 Festive,
1058 3509 1183 3560 dumde·

103 3584 146 3634 Tibi
159 3591 322 3654 perpurpatis
332 3603 436 3652 operam
447 3590 619 3639 actiniaco
654 3587 728 3652 ponit
752 3599 861 3648 versus,
887 3599 984 3637 versus
1008 3599 1071 3636 cum
1093 3587 1182 3636 amieo

101 3659 168 3713 uite.
188 3691 215 3701 -
240 3665 322 3729 Solos]
349 3666 391 3714 «Si
417 3665 489 3729 sapis
514 3663 616 3730 (sonas,
655 3662 849 3721 communicat;
876 3674 908 3710 ac
929 3674 959 3710 re
980 3674 1044 3710 vera
1061 3661 1181 3712 carmina

102 3735 127 3782 ut
140 3737 190 3788 Sat.
203 3741 232 3801 4,
250 3742 281 3800 5,
299 3739 361 3802 it),
381 3740 495 3803 detunge
513 3741 539 3790 in
556 3752 619 3802 per·
654 3734 754 3798 lyrica,
772 3737 822 3785 etsi
840 3748 893 3785 non
910 3733 1006 3797 multa,
1029 3736 1110 3786 etiam
1121 3739 1183 3800 post

103 3812 204 3870 petuam
221 3827 238 3863 a
255 3827 336 3864 curru
354 3826 455 3876 equum
472 3827 618 3864 senescen—
655 3808 785 3874 Epistolas
803 3811 915 3875 scriptas
927 3811 1093 3874 composuit,
1112 3811 1181 3861 adeo

103 3883 151 3934 tem
165 3889 388 3952 vacationemque
405 3890 430 3938 ei
447 3887 481 3938 da
499 3887 533 3938 ab
546 3887 618 3937 omni
655 3886 697 3935 est
714 3897 790 3934 mera
808 3885 900 3935 ironia.
930 3886 996 3949 Epp.
1013 3886 1042 3945 2,
1068 3886 1096 3947 i,
1116 3885 1178 3934 444;

103 3967 175 4019 opere
192 3974 224 4010 ac
240 3961 355 4014 liberum
366 3955 491 4027 (ἄνετον)
503 3963 560 4014 sina
573 3973 618 4024 pa·
653 3961 709 4022 ipso
725 3972 783 4023 epo,
801 3963 845 4021 qui
860 3960 942 4010 auitos
957 3974 998 4011 mc
1007 3961 1109 4025 σίμυιο
1120 3961 1183 4009 reri·

102 4031 148 4094 sci,
170 4033 216 4085 ubi
237 4037 317 4086 voit.»
346 4039 460 4101 Antiqua
477 4039 519 4088 est
543 4049 618 4086 com·
655 4034 711 4086 borc
732 4047 830 4096 υννευε,
853 4036 970 4085 Inventor
990 4036 1089 4085 Partitis
1109 4049 1182 4084 mco·

102 4110 205 4166 paratio.
241 4111 338 4176 Ibycus
356 4113 397 4162 Fr.
414 4115 439 4163 6.
452 4111 617 4162 Schneidev.
655 4109 752 4159 ductor.
772 4135 801 4145 -
819 4109 928 4173 ludicre]
945 4123 1066 4170 amores,
1091 4109 1179 4168 iocos,

104 4181 179 4240 pit:
191 4176 279 4235 Ὥστε
296 4188 451 4257 φερεζυγος
468 4186 554 4249 ἵππος
573 4179 619 4234 oie·
656 4185 776 4236 convivia
793 4186 845 4233 oet.
875 4185 941 4249 Epp.
954 4187 983 4245 2,
1002 4186 1031 4244 2,
1050 4185 1095 4233 55:
1120 4183 1181 4231 Sio-

103 4252 245 4328 θλοφόρος
268 4263 333 4312 ποτὶ
357 4259 432 4334 γήρᾳ
447 4258 547 4313 Ἅέπων
564 4256 618 4311 σὺν
654 4259 716 4324 puta
733 4259 763 4308 dc
778 4259 848 4308 notu
864 4260 927 4308 anni
938 4260 1099 4322 praedentur
1118 4269 1181 4306 cuo-

183 4349 273 4398 iioma.
289 4366 343 4400 vor..
360 4355 387 4400 li.
418 4367 457 4400 aa.
473 4365 525 4400 uni.
543 4353 580 4397 iti.
966 4350 995 4395 ii
1031 4337 1037 4346 ’
