2925 4892
426 816 466 923 Q.
490 816 678 909 HORATII
705 816 862 908 lincol

155 1044 286 1215 DE
343 1044 610 1217 iiiii
674 1044 1129 1223 Pontici

561 1348 728 1415 LlBEll.

512 1684 775 1741 Parumne.

165 1834 204 1883 De
223 1831 363 1883 Pisonibus
380 1832 448 1882 baec
465 1832 545 1882 tradit
559 1834 706 1897 Porphyrio
724 1836 751 1884 et
763 1836 866 1885 Comm.
880 1837 960 1899 Cruq.
974 1849 1000 1899 p.
1014 1836 1075 1887 695:
1096 1836 1186 1888 «Hunc

98 1916 212 1975 tibrum,
231 1917 276 1980 qui
288 1914 443 1966 inscribitur
453 1917 492 1965 Dc
508 1918 565 1965 arte
579 1918 692 1979 poetica,
706 1916 741 1967 ad
754 1918 780 1967 L.
794 1918 930 1978 Pisonem,
950 1920 994 1982 qui
1006 1922 1098 1984 posteo
1110 1920 1187 1974 Urbis

98 2002 191 2050 custos
217 2000 256 2061 lid
278 2002 331 2061 cst,
359 2000 518 2063 praefectus)
543 2000 603 2059 tuit,
630 1999 751 2064 (eiusque
768 1999 875 2064 liberos)
893 2004 971 2053 misit.
1003 2006 1068 2053 Nam
1087 2006 1187 2068 etipse

98 2084 160 2133 Piso
176 2086 256 2146 poeta
273 2084 321 2133 init
338 2086 364 2133 et
380 2082 531 2132 studiorum
547 2081 698 2133 liberalium
715 2085 826 2135 antistes
843 2086 868 2148 (Ι.
883 2098 906 2135 e.
921 2086 1041 2149 tentori.»
1067 2088 1140 2147 Quae
1152 2087 1186 2137 dc

98 2168 152 2217 boc
169 2166 227 2215 viro
244 2168 356 2227 scimus,
376 2166 443 2215 baec
459 2164 515 2215 iere
533 2168 603 2215 sunt.
630 2168 712 2217 Tacit.
725 2170 792 2219 Anu.
806 2168 830 2226 6,
845 2169 883 2217 40.
898 2182 922 2218 a.
936 2182 962 2219 u.
977 2182 1000 2219 c.
1014 2170 1074 2219 785:
1093 2172 1121 2221 L.
1134 2172 1189 2221 Piso

94 2250 228 2312 punitam
247 2262 338 2299 renen
354 2250 381 2299 in
398 2254 470 2298 mata
486 2248 649 2309 claritudine,
675 2249 730 2312 sato
747 2250 820 2311 obiit,
838 2252 931 2301 nntius
945 2252 1041 2302 seruilis
1056 2254 1189 2304 sententiae

97 2338 186 2395 spome
197 2338 288 2382 auctor
297 2338 333 2393 et,
346 2334 457 2395 qreotiens
467 2334 600 2382 necessitas
610 2333 747 2396 inpnreret,
759 2336 885 2397 sapienter
894 2336 1035 2386 mactans.
1057 2338 1189 2389 Patrernei

97 2416 240 2467 cenandum
247 2416 467 2479 (nusemnnoravi
475 2416 509 2478 (ln
519 2417 646 2480 cooperis
655 2420 741 2481 purte,
750 2430 819 2480 quac
828 2420 889 2482 post
896 2421 964 2469 Ana.
971 2420 995 2479 li,
1002 2420 1026 2470 ti.
1035 2421 1186 2483 intercidit).

98 2500 175 2550 Aetas
186 2501 221 2549 ad
232 2500 407 2563 octopesirnum
417 2513 512 2548 annam
526 2500 661 2561 processit,
679 2502 752 2549 denes
763 2502 913 2563 trininpnaie
924 2503 951 2551 in
965 2503 1084 2552 iltraacio
1094 2516 1190 2554 merste-

97 2590 150 2633 rat.
170 2584 220 2633 Seu
228 2584 367 2645 praecipua
378 2596 411 2633 ae
421 2596 450 2632 eo
460 2583 557 2646 pluria,
576 2584 643 2644 pnort
650 2584 793 2647 macianus
807 2584 865 2633 Urbi
875 2598 960 2634 recena
969 2586 1114 2635 continuam
1121 2592 1191 2647 pote-

98 2672 190 2716 statem
200 2672 224 2715 et
239 2667 370 2716 inscientia
383 2667 491 2727 parenni
502 2667 647 2729 praviorem
656 2667 720 2716 mire
731 2668 885 2729 ternperaoit.
911 2670 1023 2731 Propter
1032 2668 1103 2719 benc
1113 2682 1190 2733 prae-

98 2752 221 2801 iccturac
238 2748 313 2799 urbis
330 2749 587 2800 administrationem
604 2750 759 2812 magnifices
776 2748 869 2799 laudes
887 2752 912 2801 ci
929 2750 1021 2801 tribuit
1037 2749 1188 2811 vaticinat,

99 2834 142 2883 98.
171 2832 270 2896 Lepida
287 2832 321 2882 de
339 2846 372 2882 eo
384 2834 425 2883 est
437 2833 630 2883 narratiuncula
643 2832 715 2897 apud
725 2834 856 2884 Senecam
869 2836 949 2898 Epist.
963 2834 1005 2895 83,
1019 2836 1064 2884 te:
1083 2836 1111 2884 L.
1124 2836 1188 2896 Piso,

101 2916 177 2965 Urbis
191 2920 285 2974 nutas,
304 2915 387 2964 ebrius
402 2928 436 2964 ea
451 2926 501 2975 uno
517 2916 590 2965 semet
605 2916 689 2977 sactus
704 2922 740 2967 est
755 2918 818 2979 Mil
834 2919 956 2968 maiorem
965 2924 1064 2982 partem
1073 2919 1153 2968 noctis
1163 2919 1190 2968 in

98 3000 216 3049 conubio
231 2998 356 3061 ceipetat.
394 3000 472 3061 Usque
493 2999 520 3048 in
543 3000 633 3049 noram
646 3000 700 3063 fere
715 3004 814 3050 maiam
830 3000 967 3052 domitabat
973 3016 982 3061 ;
1004 3002 1050 3052 noe
1066 3004 1119 3052 dits
1135 3008 1189 3053 erat

97 3084 262 3132 matutinum.
293 3082 408 3146 Officium
424 3088 507 3131 menen
523 3096 610 3142 aean,
630 3094 679 3143 aaa
695 3084 774 3133 tutela
793 3084 863 3134 Urbis
878 3086 1066 3147 continebatur,
1084 3086 1191 3151 ditipen-

98 3168 194 3217 tissime
210 3166 404 3215 minuerant.
433 3166 498 3215 Huic
513 3172 536 3215 et
552 3166 624 3215 moen
639 3165 765 3229 aspasius
781 3168 847 3219 dedit
861 3174 956 3219 serrem
971 3170 1108 3232 mndata,
1134 3182 1191 3219 cnm

99 3251 174 3299 mean
195 3253 360 3311 praeponeret
387 3250 519 3310 ibraciae,
547 3262 624 3311 quarn
645 3250 801 3312 perdomnit,
828 3256 852 3301 et
869 3252 977 3301 Tiberine
991 3254 1149 3316 proficiscens
1164 3254 1191 3303 in

100 3333 285 3395 Carnpaaiarn.
311 3346 370 3382 cren
393 3332 474 3381 matta
496 3334 525 3382 in
546 3332 609 3383 Urbe
624 3338 648 3382 et
663 3338 777 3395 asspecta
793 3334 943 3396 relinqueret
959 3340 983 3385 et
997 3336 1087 3384 innisa.
1116 3334 1190 3385 idem

100 3416 264 3467 confirmant
280 3416 377 3466 Plinius
394 3416 425 3465 li.
440 3416 470 3465 il.
484 3415 529 3474 tl,
542 3417 586 3474 ἥ,
599 3417 641 3465 28.
655 3418 682 3465 et
692 3417 834 3466 Suetonius
845 3415 902 3466 Tib.
916 3416 956 3467 it.
985 3415 1082 3467 Consul
1101 3418 1190 3466 eutem

100 3502 150 3551 tuit
171 3512 196 3549 a.
217 3512 242 3547 u.
263 3514 287 3549 c.
306 3498 363 3549 7³9.
399 3501 461 3549 Post
482 3497 650 3549 consulatum
673 3498 787 3548 obtinuit
807 3498 989 3563 Pamphyliam
1011 3500 1190 3563 provinciam,

99 3583 175 3635 unde
193 3596 256 3634 cum
276 3596 301 3632 e.
319 3596 345 3632 u.
361 3598 384 3632 c.
401 3582 459 3632 ita.
478 3585 570 3631 contra
588 3583 686 3632 Bessos
704 3585 730 3631 cl
748 3580 856 3633 Sialetae
874 3581 973 3632 bellurn
993 3594 1087 3643 gerere
1105 3582 1192 3633 iussus

101 3669 188 3724 esset,
208 3666 258 3716 hos
274 3666 416 3729 postvaria
435 3664 533 3729 proclia
552 3664 708 3724 debellavit;
727 3669 837 3730 propter
849 3678 915 3729 quas
926 3678 971 3716 res
984 3664 1094 3716 feliciter
1104 3666 1193 3728 gestas

101 3752 126 3799 ci
144 3747 305 3814 supplicatio
323 3750 351 3798 et
367 3750 484 3798 bonores
501 3747 675 3812 triumphales
690 3748 791 3798 decreti
809 3752 878 3799 sunt.
908 3748 956 3799 Dio
972 3748 1013 3811 ti,
1026 3748 1067 3799 til.
1088 3747 1152 3798 Flor.
1166 3748 1191 3809 i,

102 3834 143 3892 ta,
158 3832 200 3881 ll.
228 3830 268 3882 Ad
286 3832 402 3881 eundem
419 3834 525 3882 exstant
541 3832 669 3895 Antipatri
686 3829 930 3882 Thessalonicensis
948 3834 1137 3896 epigrammata
1150 3832 1192 3882 lii.

102 3914 215 3965 bullum
233 3916 313 3977 atque
325 3913 483 3965 adulationis
495 3914 573 3978 plene
585 3916 611 3965 in
623 3913 736 3964 locobsii
748 3913 851 3965 Anthol.
866 3916 909 3965 Gr.
923 3916 992 3979 Lips.
1004 3914 1034 3964 ll.
1048 3926 1074 3979 p.
1086 3914 1191 3964 97-99.

102 4000 159 4048 lam
177 4009 240 4046 cnm
258 4000 349 4047 Artem
366 3999 499 4062 poeticam
516 4011 566 4048 nos
584 4010 692 4061 quoque
711 4000 740 4048 ut
756 3999 918 4048 Kirohnerus
935 3999 966 4058 Q.
986 3998 1016 4048 li.
1034 4010 1061 4062 p.
1076 3997 1116 4046 39,
1133 3996 1194 4046 utti-

102 4093 179 4131 mum
196 4078 240 4130 vet
258 4083 331 4131 certe
348 4094 432 4131 unum
450 4094 482 4130 cx
499 4080 598 4131 ultimis
617 4082 819 4131 lioretianorum
837 4094 949 4145 operum
967 4094 1027 4131 esse
1045 4080 1194 4131 iudicemus

103 4166 185 4227 eique
203 4164 272 4213 intra
288 4176 374 4215 anuos
386 4163 524 4214 iia-iiii.
537 4164 714 4228 compositam
730 4164 900 4224 arbitremur,
919 4164 1012 4214 remiis
1031 4166 1057 4213 et
1074 4162 1156 4227 petris
1168 4164 1195 4211 ct

102 4247 220 4299 iiliomm
244 4249 375 4299 rationem
400 4248 520 4299 ineamus
542 4260 653 4299 neccsse
674 4250 724 4298 est.
760 4248 854 4300 Natum
873 4248 949 4313 igitur
966 4250 993 4299 t..
1013 4247 1136 4297 Pisonem
1163 4258 1196 4297 eu
