2925 4892
514 389 621 439 nun.
657 389 792 440 aursni.
1138 386 1200 452 oso

158 543 282 612 indocti
305 543 478 632 stolidique
501 555 533 610 et
554 543 744 631 depugnare
764 545 881 631 parati,

158 667 190 732 Si
214 664 380 732 discordet
401 685 522 752 eques,
545 664 652 730 media
675 665 758 730 iuter
778 666 920 731 carmina
941 676 1078 753 poscunt
1141 665 1202 732 tot

157 789 220 852 Aut
240 806 353 851 ursum
374 794 430 850 aut
451 784 591 872 pugiles3
615 783 664 850 bis
685 805 761 850 nam
782 784 952 872 plebecula
972 785 1103 872 plaudit.

157 909 276 972 Verum
298 905 415 993 equitis
437 925 570 992 quoque
593 906 654 971 iam
678 905 826 992 migravit
848 906 889 972 ab
911 927 991 974 aure
1013 907 1160 996 voluptas

158 1027 273 1094 Omnis
295 1025 337 1092 ad
360 1027 499 1092 incertos
522 1025 634 1093 oculos
656 1035 690 1092 et
710 1025 829 1114 gaudia
850 1047 942 1094 rana.

148 1196 267 1246 Poitierii
284 1199 311 1246 ot
327 1195 472 1256 Schmidii.)
493 1223 520 1231 -
541 1195 596 1245 486.
614 1197 707 1259 paodd
723 1194 775 1258 hp,
794 1194 946 1258 complures
963 1197 1092 1257 Puttierii‚
1117 1201 1171 1246 tres

147 1270 290 1328 Schmidii,
309 1271 372 1330 LCt,
390 1267 532 1320 Bentleius.
552 1270 661 1332 (lituos,
680 1271 705 1328 S,
725 1269 790 1320 Cod.
805 1272 917 1333 Franeq.
930 1273 959 1320 et
968 1271 1022 1322 duo
1034 1273 1168 1332 Pottieriil

154 1372 181 1380 -
196 1345 253 1394 ist.
272 1345 362 1404 moitis
373 1342 457 1393 Codd.
471 1343 539 1402 noti,
559 1343 642 1394 LCtF:
661 1345 739 1406 equiti
749 1342 882 1395 Bentleius
894 1346 962 1394 coni.
976 1347 1003 1394 et
1019 1346 1052 1395 ll.
1068 1372 1095 1382 -
1116 1347 1171 1396 ⁴88.

147 1419 264 1482 baraton
279 1417 412 1468 Bentleius
430 1416 591 1467 coniectori.

116 1557 203 1608 blicoe
226 1555 393 1621 temporibus
414 1557 575 1620 temporaria
593 1557 643 1607 iic-
681 1560 771 1608 nostra
788 1559 815 1608 in
832 1556 947 1608 lectione
963 1523 1036 1621 grata
1056 1561 1097 1609 est
1108 1559 1206 1610 Latinis

117 1634 177 1682 rent
194 1645 227 1680 ex
245 1629 323 1694 ligno.
348 1631 442 1682 Mansit
459 1633 550 1682 autem
567 1643 641 1692 usus,
681 1632 792 1682 auribus
808 1630 957 1682 allitteratio
970 1633 1013 1695 pie
1025 1632 1095 1694 pino.

116 1708 145 1755 ut
162 1705 236 1755 ferae
254 1707 281 1754 et
296 1704 397 1769 pugiles
410 1706 490 1755 etiam
501 1705 528 1754 in
541 1705 643 1756 theatro
716 1707 836 1756 ist-too.
859 1708 948 1756 Vsmm
958 1707 1047 1768 coedis
1058 1708 1121 1771 cet]
1138 1710 1207 1758 Satis

116 1778 216 1844 populo
234 1780 361 1843 poscente
378 1777 581 1840 exhiberentur,
610 1793 643 1828 ao
682 1794 729 1844 pro
756 1781 868 1844 imperio
893 1778 1043 1831 Bentloins:
1078 1781 1205 1845 «depone

116 1857 255 1917 tempore,
275 1866 328 1916 quo
340 1850 393 1902 ludi
405 1851 504 1916 publici
516 1865 568 1902 nou
581 1853 645 1903 ede·
680 1855 773 1916 sonim
792 1853 864 1916 quod
882 1855 1001 1917 castigati
1018 1856 1150 1905 sermonis
1162 1869 1208 1904 ra-

116 1929 225 1978 bantur.
241 1955 267 1962 —
278 1927 384 1991 psaltes]
397 1923 520 1989 πύκτας,
533 1924 644 1994 πυγμά-
681 1929 717 1978 iio
742 1927 871 1993 postulat,
900 1931 930 1978 ut
953 1928 995 1978 vel
1020 1930 1095 1992 pueri
1121 1930 1207 1980 scient

116 1999 559 2064 xoogdiversosagladialoribus.
583 2003 642 2065 ipse
681 2003 734 2051 inm
758 2002 969 2052 commonelacti.
999 2004 1064 2052 Nota
1087 2004 1149 2052 sunt
1164 2001 1207 2052 illa

116 2075 644 2139 Augustusspecteottstadiostaaimopopi·
682 2079 709 2126 et
725 2074 834 2126 similia:
852 2077 929 2126 Haud
944 2080 1029 2126 tomen
1044 2078 1137 2126 esdod
1153 2091 1207 2128 ces-

117 2150 163 2198 ies
174 2149 315 2199 etmnciuie
323 2149 433 2200 misos-
444 2149 524 2211 (Suet.
532 2148 642 2212 ortis)
680 2153 711 2201 sit
720 2152 815 2216 [idacio
828 2151 918 2200 remo.
940 2151 1016 2200 Βανά
1025 2165 1095 2201 socae
1105 2165 1207 2202 accesso

117 2221 243 2273 Similiter
259 2225 349 2272 autem
362 2223 495 2286 Hecyram
513 2235 588 2272 suam
601 2221 643 2272 bis
680 2227 762 2290 gliscit
785 2226 903 2276 oiolmtio
929 2226 1038 2274 Tauno.»
1072 2227 1207 2276 sententia

117 2295 295 2347 disturbatam
318 2309 378 2348 esse
401 2297 523 2359 queritur
543 2297 644 2348 leren—
680 2303 740 2350 est:
768 2301 905 2360 «Verum,
932 2300 1006 2362 quod
1031 2313 1096 2350 sane
1114 2298 1208 2350 dolen-

117 2372 169 2421 tius
181 2369 354 2420 Prol.li.25:
383 2371 571 2432 &smmum
588 2383 644 2421 eam
681 2375 747 2424 dum
764 2376 819 2434 ost,
838 2376 888 2438 ipsi
905 2371 941 2423 illi
959 2375 1076 2436 equites,
1096 2375 1207 2438 quipo-

118 2457 195 2509 opere
218 2446 302 2506 comt,
326 2445 442 2508 punitam
464 2445 563 2508 plotio,
591 2446 644 2494 Fu-
681 2447 773 2498 litioris
789 2449 886 2510 ingenii
910 2461 970 2498 esse
987 2448 1131 2508 deberent,
1154 2449 1207 2498 iam

117 2519 232 2568 namneti
265 2521 350 2569 sodon
382 2521 484 2570 secem
513 2523 644 2582 suspecte
682 2521 877 2572 oblectamenta
894 2534 1040 2584 puerorum
1055 2521 1208 2585 praeierunt

117 2596 165 2643 tio:
197 2593 319 2642 Coacon
346 2599 491 2655 conventus,
520 2595 642 2656 studitum
681 2592 802 2646 tabulis.»
821 2595 889 2644 Vera
899 2607 980 2644 causa
989 2606 1124 2656 quaenam
1136 2595 1207 2643 erati

116 2670 214 2718 cinnor
238 2667 372 2717 musanen
395 2669 496 2728 Fecere,
526 2673 555 2718 at
586 2673 644 2718 nete
680 2672 720 2718 An
744 2667 816 2729 quod
834 2671 860 2716 et
880 2667 907 2716 in
923 2665 1057 2729 equitibus
1075 2670 1102 2716 et
1118 2667 1144 2716 in
1161 2679 1207 2716 se-

117 2749 215 2804 tempio
242 2743 339 2791 sciren
363 2743 443 2804 foras.
471 2771 486 2782 -
515 2771 530 2782 -
556 2744 644 2806 Refero
682 2741 784 2792 notorio
795 2739 889 2790 ordine
902 2741 982 2802 (huuc
990 2741 1063 2789 enim
1072 2753 1124 2790 una
1134 2751 1207 2790 com-

117 2819 207 2868 dureo.
236 2817 318 2866 Primo
336 2821 395 2866 actu
407 2817 510 2879 placeo:
531 2829 588 2866 cem
602 2818 644 2866 in·
681 2812 812 2880 plectitur)
825 2813 944 2864 studium
955 2813 1110 2876 dignitatum
1124 2815 1154 2864 et
1162 2827 1208 2863 cu-

117 2898 187 2943 tsren
207 2903 296 2940 necor
317 2891 385 2940 uenit
407 2892 503 2940 Dotem
527 2893 561 2940 iri
585 2891 644 2954 pto·
682 2901 711 2938 ra
729 2901 819 2938 rerum
837 2886 1005 2952 publicarum
1023 2887 1208 2938 iamdeterve-

118 2967 240 3015 dictores·
263 2965 372 3027 popalus
396 2965 525 3023 convolat;
551 2965 645 3014 tomut-
682 2966 737 3024 rat,
757 2963 913 3014 uudevanis
926 2962 1096 3028 spectaculis,
1110 2962 1207 3026 quibus

118 3045 239 3100 mactae,
256 3040 380 3100 ahmam,
399 3044 516 3103 papiensi
532 3041 562 3090 de
578 3039 643 3098 loco,·
682 3041 789 3103 tempus
812 3041 945 3100 tererent,
971 3040 1059 3103 potius
1075 3037 1208 3089 vacabant

118 3115 171 3177 tipo
197 3113 294 3164 bitem
315 3125 398 3162 meten
414 3127 464 3162 oon
476 3114 549 3174 potati
566 3113 645 3162 tutori
682 3125 732 3163 uec
760 3114 849 3162 miuus
880 3110 971 3163 oculos
999 3113 1031 3163 iis
1057 3112 1207 3176 pascebant

117 3187 207 3236 boton
240 3185 351 3236 ldemin
364 3187 456 3237 vitium
468 3187 644 3237 Athenienses
682 3184 917 3252 quampopellus‘i
932 3215 958 3224 -
977 3189 1091 3252 beatos]
1110 3199 1206 3249 «vagos

118 3259 246 3324 paulatim
264 3259 419 3310 inciderunt.
450 3259 488 3310 Cl.
510 3261 644 3310 Athenae·
682 3261 710 3310 et
725 3261 919 3322 inconstantes,
938 3263 982 3325 qui
1000 3273 1133 3324 nusquam
1145 3274 1208 3310 con·

76 3371 83 3380 .
118 3347 164 3384 um
182 3333 268 3393 l,3d.
288 3347 313 3398 p.
327 3334 367 3382 ts.
382 3347 412 3384 e:
428 3328 573 3399 Ἀθηναῖοι
584 3334 644 3384 Πο-
681 3336 778 3385 sistunt
801 3349 889 3397 neque
906 3335 1003 3384 eadem
1020 3349 1050 3384 re
1069 3335 1114 3384 diu
1131 3333 1207 3383 dele—

118 3405 205 3474 θεινῴ
223 3403 262 3473 τῷ
280 3405 480 3480 νευροσπάστῃ
501 3406 554 3474 τὴν
571 3423 644 3474 σκη-
682 3412 801 3468 ctantur,
820 3407 868 3458 sed
887 3406 967 3459 modo
984 3408 1019 3458 ad
1035 3409 1101 3468 boc,
1125 3407 1207 3457 modo

118 3479 171 3548 νῆν
189 3477 315 3545 idonea,
340 3476 391 3546 ἀφ’
418 3473 454 3548 ἧς
470 3483 645 3535 ἐνεθουσίων
682 3481 1028 3533 adilludseoouveriuut.»
1054 3482 1124 3543 virg.
1137 3484 1204 3530 Aen.

119 3559 148 3608 ot
164 3558 229 3628 περὶ
247 3550 412 3628 Εὐριπίδην.
434 3585 461 3596 -
478 3559 584 3622 plaudit]
602 3561 644 3610 Sic
681 3559 706 3616 ἱ,
719 3557 783 3608 224:
805 3558 948 3606 Tauron·
962 3557 1084 3606 incertum
1100 3555 1208 3604 exeunti

119 3635 134 3682 S
159 3645 224 3684 curn
250 3631 405 3684 melioribus
430 3634 521 3696 utique
547 3633 643 3690 codd..
681 3631 775 3682 comice
796 3633 910 3682 securim.
941 3629 1044 3690 Quintil.
1062 3630 1092 3689 8,
1111 3629 1138 3689 3,
1158 3629 1203 3678 68:

119 3709 167 3758 etsi
185 3707 204 3756 b
222 3708 314 3758 noster
331 3707 439 3758 exhibet
457 3709 557 3772 pendet.
591 3708 644 3758 Sed
679 3707 744 3770 sepo
767 3707 877 3767 inemo,
906 3718 986 3767 «vaga
1004 3707 1031 3754 et
1046 3705 1104 3754 sine
1131 3705 1206 3752 corto

118 3782 205 3832 solum
227 3782 254 3830 in
277 3779 391 3831 lectione
408 3795 423 3831 a
440 3781 518 3833 nobis
535 3785 643 3846 recepta
682 3777 791 3830 consilio
809 3780 913 3844 capta.»
935 3778 973 3829 Ci.
988 3779 1066 3828 soti
1079 3816 1085 3836 ,
1099 3777 1129 3836 3,
1142 3777 1204 3827 itis:

118 3870 211 3908 reram
222 3857 277 3908 vim
291 3857 387 3919 accipit
398 3869 424 3904 v.
437 3856 482 3906 liis.
505 3857 560 3907 lloc
572 3858 644 3906 enim
679 3867 792 3904 omem
808 3855 931 3904 iocornm
946 3853 1072 3915 rapientes
1086 3851 1205 3914 morsse-

119 3931 198 3981 dicit:
229 3931 296 3980 «ilis
321 3929 403 3981 rebus
430 3929 538 3982 ludicris
563 3934 643 3993 atque
681 3941 779 3978 roiam.
800 3929 918 3990 (Diversa
935 3927 1124 3990 significatione
1142 3926 1207 3975 ocati

119 4005 251 4064 inanibus,
265 4017 319 4054 non
331 4017 395 4054 vero
407 4004 511 4056 tabulae
525 4004 566 4054 vol
579 4005 645 4068 opti·
681 4003 771 4052 incerti
787 4001 912 4051 dicuntur
927 4003 1056 4052 aseneca
1068 4001 1150 4064 Epist.
1163 3999 1204 4058 83,

120 4092 193 4138 mae,
222 4077 383 4142 applaudit.»
417 4081 514 4129 Contra
531 4079 644 4127 Manum
681 4077 730 4126 2⁰:
757 4075 840 4125 ddiioc
860 4076 931 4125 ι’ἱὶανη
952 4075 1136 4138 ipporntionom
1150 4074 1204 4133 sei,

116 4153 244 4215 plebecula
259 4153 351 4215 pandet
368 4153 483 4202 otiosum
495 4155 536 4202 est
553 4154 580 4202 et
597 4151 644 4202 mi·
682 4150 792 4200 dubiost
805 4148 1144 4213 ponesaoptaootoveroo
1163 4148 1205 4195 is-

121 4241 179 4278 sere
205 4226 315 4291 languet
335 4239 400 4291 prae
418 4225 478 4281 illo;
505 4227 643 4289 praeterea
681 4231 760 4276 corios
771 4225 867 4286 conitor,
884 4225 993 4290 prodam
1005 4222 1204 4284 montanesii.)
