2925 4892
278 369 341 434 608
639 369 768 421 ananau
785 370 1005 424 ertsromaou

321 523 540 613 Compositum
566 522 738 612 illepideve
760 533 905 612 putetur,
937 524 996 591 sed
1018 523 1095 611 quia
1115 545 1233 612 nuper;

272 689 278 702 ·
320 649 386 714 Neo
408 645 534 712 veniam
559 645 715 733 antiquis,
746 643 807 711 sed
828 643 986 712 honorem
1008 656 1042 711 et
1062 645 1207 732 praemia
1226 647 1317 733 posci.
1427 642 1428 677 ff

321 771 418 836 Recte
441 787 543 834 neone
565 785 698 833 erocum
718 764 884 853 lloreeque
905 764 1109 852 perambulet
1128 769 1219 833 Attae

322 888 443 955 Fabula
465 887 492 954 si
516 886 676 964 dubitem,
706 883 847 952 clament
867 886 1005 972 periisse
1027 885 1187 974 pudorem
1316 886 1350 948 80

323 1009 434 1076 Cuncti
457 1028 562 1096 paene
584 1017 705 1095 patres,
737 1027 777 1072 ea
799 1027 872 1073 oum
894 1005 1135 1094 reprehendere
1157 1027 1267 1085 coner,

345 1181 386 1229 77.
412 1179 566 1240 intepideoue
588 1177 621 1237 E,
645 1175 711 1226 Cod.
735 1177 907 1226 Lovuuiensia
924 1178 952 1226 et
967 1175 1094 1227 Sebmidii
1110 1177 1227 1240 quintae.
1247 1205 1272 1213 -
1288 1175 1324 1225 tt.

312 1253 473 1318 perambulat
494 1251 550 1302 bEc
570 1253 597 1302 et
618 1253 674 1300 tres
695 1249 823 1300 Schmidii
841 1251 901 1313 (non
918 1249 953 1311 s).
974 1277 1001 1285 -
1019 1250 1061 1300 80.
1079 1251 1191 1300 doment
1212 1265 1229 1316 p
1247 1252 1273 1300 et
1289 1247 1326 1298 elii

314 1328 399 1379 Codd.
418 1326 489 1378 baud
506 1325 598 1391 pauci,
617 1323 745 1376 Schmidii
762 1327 828 1376 trea.
858 1325 899 1386 (ut
916 1337 966 1375 uoe
982 1324 1075 1388 bSEo.)
1096 1353 1123 1362 -
1141 1325 1183 1378 84.
1201 1339 1273 1376 coner
1286 1337 1327 1375 su·

282 1483 311 1540 9,
330 1479 374 1538 te,
392 1479 417 1526 2.
437 1476 584 1526 orationem
601 1486 677 1525 suam
693 1474 810 1538 proDe-
846 1486 871 1522 a.
892 1487 919 1522 u.
941 1485 964 1521 e.
986 1474 1044 1524 676.
1067 1476 1137 1525 teste
1157 1475 1311 1537 Hieronymo
1331 1473 1352 1520 in

282 1554 366 1603 iotaro
390 1553 470 1602 vocat
490 1550 665 1600 mouere-atum
689 1549 810 1598 terim
848 1547 947 1597 curun.
966 1547 1009 1597 ed.
1022 1547 1151 1598 ltoncaitii
1160 1562 1188 1612 p.
1200 1548 1255 1598 395.
1273 1547 1353 1597 ibouto

283 1640 367 1677 4444444
381 1627 433 1691 fito.
464 1623 722 1685 uolutamur&
740 1635 811 1672 orne
846 1633 873 1685 p.
885 1621 927 1670 to.
945 1620 993 1671 Ed.
1010 1623 1085 1671 Rom.
1103 1621 1179 1673 4846.
1199 1620 1354 1684 pomum

282 1704 362 1762 riore,
380 1705 523 1761 utuooout,
541 1701 632 1760 4444444,
651 1697 808 1761 metaphora
845 1694 1077 1758 coementem
1092 1696 1119 1743 444
1136 1695 1217 1745 444444
1233 1696 1273 1757 (an
1283 1695 1354 1743 droe-

284 1777 424 1840 desumptn
443 1789 457 1824 a
474 1773 600 1834 lanificio,
619 1773 748 1836 utpirpui
757 1772 810 1822 444-
845 1769 917 1832 bitti)
928 1767 1089 1819 muliebriter
1097 1771 1187 1820 vocat.
1210 1770 1354 1820 Memoratnr
1427 1836 1428 1839 Ἴ

282 1864 361 1901 nervo
379 1849 412 1899 nb
425 1849 565 1899 obesitate.
591 1849 748 1912 Oppositum
759 1846 809 1895 ba·
846 1843 927 1893 etium
943 1843 1101 1894 ulttomede
1111 1857 1139 1908 p.
1153 1843 1211 1895 488.
1224 1842 1355 1904 1³,qu

283 1925 332 1975 bes
350 1924 420 1989 apud
432 1917 538 1974 'Ausum
556 1924 621 1973 llos.
640 1921 702 1971 396:
721 1920 810 1970 Molita
845 1917 909 1967 risio
926 1931 952 1981 p.
967 1918 1025 1967 445.
1045 1917 1114 1980 (vide
1131 1918 1168 1967 ad
1184 1931 1210 1967 v.
1227 1917 1276 1979 449.)
1296 1917 1320 1965 et
1333 1916 1354 1964 in

283 2000 366 2049 subtili
382 1997 474 2048 nebunt
488 1997 550 2046 mibi
567 1997 684 2046 carmine
698 1995 742 2058 flio
757 1995 810 2044 Pie-
846 1991 956 2041 Soboliie
967 1992 1077 2042 Maianis
1090 1992 1126 2042 ad
1137 1994 1209 2056 virg.
1222 1991 1272 2042 Eoi.
1285 1993 1307 2052 7,
1318 1989 1351 2039 3³.

283 2070 810 2130 444444414444544444444444444444444·
847 2066 973 2116 Ceterum
986 2068 1062 2116 Attae
1079 2079 1229 2130 cognomen
1239 2066 1354 2130 reperitur
1427 2084 1428 2111 t

283 2152 354 2196 moto
368 2145 419 2208 fito.
436 2169 462 2179 -
482 2142 575 2193 Melius
593 2145 682 2192 autem
701 2144 743 2192 eat
758 2142 811 2191 itte·
846 2139 889 2190 vel
905 2154 930 2190 a.
950 2153 977 2204 p.
996 2141 1058 2191 Cbr.
1075 2141 1134 2191 eto.
1155 2143 1182 2191 in
1199 2140 1354 2204 inscriptione

281 2221 368 2282 ptdeoe
379 2229 460 2281 quam
468 2217 626 2278 timideque,
639 2217 729 2279 potest
736 2215 809 2264 enim
846 2212 918 2278 apud
929 2212 1097 2264 Kellermnnn
1107 2216 1165 2278 vig.
1177 2218 1233 2266 Lat.
1243 2215 1315 2280 pti:
1331 2211 1353 2261 G.
1427 2240 1428 2277 ,

284 2291 381 2354 aliquid
397 2291 509 2351 illepide,
535 2283 726 2359 ἀχαριέντως,
748 2289 811 2338 obue
846 2289 1088 2338 1VL10.ArrA.-
1103 2291 1216 2355 eromenj
1232 2287 1353 2352 liquidum,
1427 2284 1428 2357 i

283 2365 404 2425 4444444444,
424 2376 484 2414 esse
496 2364 689 2428 compositum,
709 2375 760 2412 uec
771 2364 811 2412 ta-
846 2363 1087 2426 Sosrueereeez.
1106 2362 1172 2415 Plio.
1192 2365 1223 2415 44.
1235 2366 1265 2414 N.
1276 2363 1317 2420 et,
1333 2360 1353 2417 t,

285 2451 346 2490 men
364 2450 457 2498 croese,
487 2451 597 2503 prorsus
622 2437 711 2500 inepte
729 2438 810 2499 atque
848 2436 895 2485 tt:
933 2437 993 2486 Vtro
1025 2437 1090 2486 orire
1117 2439 1235 2502 coaptarit
1256 2447 1353 2493 4444444,
1427 2426 1428 2433 ’

285 2512 373 2564 stulte.
389 2538 417 2548 -
436 2511 562 2576 4444444444]
587 2523 744 2562 «summum
761 2523 811 2574 ap-
842 2510 980 2572 praecipue
1003 2510 1087 2570 444444,
1110 2513 1201 2562 tritam
1222 2513 1256 2562 od
1269 2511 1355 2561 4444444
1427 2514 1428 2577 ζ

285 2587 434 2653 plausum.»
845 2577 973 2645 replendo.
992 2581 1060 2647 (vioe
1076 2597 1166 2636 4444444
1181 2586 1265 2635 ditum
1286 2578 1351 2647 Apul.

318 2662 414 2711 79-84.
442 2661 512 2711 ltecte
536 2661 598 2725 oet]
626 2659 723 2710 Fabula
745 2672 810 2710 vere
847 2657 910 2707 liet.
924 2658 969 2718 44),
983 2657 1034 2719 et.)
1060 2658 1189 2710 Fabulam
1206 2658 1354 2724 igiturlttae

286 2735 486 2801 pulchrarum,
505 2733 532 2784 id
544 2737 593 2796 eat,
613 2734 690 2784 tirmo
701 2749 732 2785 ac
744 2747 812 2785 nun·
847 2731 913 2781 dicit
930 2733 956 2782 iu
973 2745 1084 2783 scenam
1100 2735 1273 2798 productum,
1296 2743 1354 2795 quae
1427 2730 1428 2771 ἐ

286 2822 367 2874 quam
384 2807 512 2859 titubante
531 2806 573 2858 vel
591 2807 756 2858 claudicante
769 2810 811 2858 in·
847 2818 929 2856 aceua
945 2805 1058 2857 floribus
1075 2811 1103 2857 et
1118 2821 1202 2860 croco
1223 2809 1303 2872 spargi
1317 2817 1355 2855 so·
1427 2844 1428 2863 4

285 2896 379 2946 gressu
397 2895 507 2932 scenam
520 2883 699 2944 perambulare
715 2883 812 2933 dieitur
847 2877 892 2929 let.
911 2882 1016 2931 Lueret
1034 2881 1063 2941 2,
1080 2880 1144 2931 lid:
1170 2884 1204 2932 ut
1227 2890 1355 2932 mrem
1427 2882 1428 2889 ’

285 2955 363 3008 simili
389 2957 546 3020 metaphora
563 2958 643 3019 atquae
661 2956 754 3007 dieunt
768 2957 812 3020 so·
848 2967 922 3004 eroco
936 2955 1007 3006 Cilici
1019 2956 1273 3020 mmmmm.
1290 2951 1352 3004 04444.
1427 3000 1428 3003 ,

285 3031 371 3079 bolom
387 3034 455 3078 sture
465 3027 509 3078 vel
520 3028 554 3078 de
567 3031 700 3080 contrario
713 3033 811 3081 eventu
847 3034 878 3079 Α.
896 3032 927 3078 A.
944 3031 974 3090 t,
992 3029 1054 3080 tot:
1077 3032 1130 3081 Nee
1153 3033 1255 3095 merem
1275 3026 1355 3090 44444444

285 3104 388 3163 cudere,
407 3101 453 3151 ubi
464 3099 622 3165 exploditur.
646 3105 813 3154 1444444544-
843 3102 945 3165 pulpito
960 3103 1041 3153 rubro
1056 3117 1139 3155 eroco.
1164 3103 1270 3157 4444444441.
1281 3105 1308 3161 t,
1318 3100 1352 3157 44,

286 3178 383 3240 ligero,
410 3175 542 3238 cruquio,
561 3177 715 3228 Weicherto
733 3179 762 3228 P.
780 3180 808 3228 t..
848 3177 877 3225 t:
898 3175 975 3226 rubro
987 3178 1090 3240 pulpito
1107 3179 1193 3230 etmoo
1208 3175 1354 3242 8444444444

286 3265 312 3317 p.
331 3250 388 3302 eto.
414 3249 521 3300 videtur
542 3249 651 3315 dilogia,
677 3252 810 3316 siquidem
847 3251 924 3313 emon
936 3253 1203 3312 nemodotrreeroeo.
1222 3252 1354 3317 (444444444-

286 3323 382 3377 Paulus
399 3339 433 3375 ex
450 3326 527 3376 Festo
544 3339 571 3389 p.
583 3325 623 3376 ta.
637 3323 724 3376 Milli:
745 3328 812 3376 «44-
848 3327 890 3374 ete
911 3325 1045 3376 Gmnerun
1066 3326 1120 3376 bue
1142 3328 1222 3378 traxit
1236 3328 1317 3377 iuven.
1331 3321 1351 3379 ἵ.

286 3405 335 3451 tue
345 3397 522 3465 appellantur,
538 3399 583 3464 qui
594 3401 705 3464 propter
715 3402 810 3450 vitium
847 3399 911 3448 207:
929 3400 978 3460 Di,
994 3401 1123 3451 motornen
1136 3396 1353 3452 uouemere

287 3487 395 3526 cruram
412 3475 458 3524 ant
468 3473 569 3540 pedum
579 3472 676 3538 pantu
686 3475 812 3526 insistunt
846 3474 1354 3538 atnepondeeeterromspr'runtesoneere

286 3551 316 3599 et
335 3550 465 3612 attingunt
485 3549 568 3613 magu
589 3551 702 3610 terram,
728 3561 811 3614 quam
847 3559 895 3597 eoa
910 3553 933 3598 et
948 3549 976 3597 444
991 3562 1061 3599 euno
1071 3555 1223 3613 perpetrm
1235 3560 1285 3608 oer,
1301 3540 1351 3601 nell

286 3621 438 3682 ambutant,
465 3623 538 3686 quod
560 3635 709 3688 cognomen
727 3625 811 3685 Quin·
847 3620 1020 3673 Memorabile
1040 3636 1106 3674 sane
1126 3626 1168 3676 eet
1184 3614 1352 3686 Porphyrionis

287 3696 339 3746 ctio
347 3696 442 3758 poetae
451 3694 598 3748 adhaesit.»
618 3697 812 3762 Frigidumbu-
848 3693 984 3746 Scholion:
1004 3696 1229 3757 «Attaiulabulm
1247 3690 1353 3758 quaelu-

286 3768 402 3820 insmodi
419 3769 508 3818 iocum
523 3769 640 3821 laturum
658 3772 740 3824 luisse
752 3785 812 3823 me-
847 3767 973 3818 ecrtbitur
984 3770 1177 3822 Materterae
1187 3771 1294 3834 (comm.
1306 3765 1351 3814 ΕΝ

288 3845 337 3894 rito
354 3843 418 3892 dicit
429 3840 569 3904 bibliorum
589 3845 671 3896 immo
688 3849 746 3898 eine
758 3847 810 3898 ulla
846 3844 1032 3909 Materterae),
1044 3845 1187 3896 italiorum
1198 3855 1291 3909 geum
1300 3849 1353 3888 enu-

287 3917 330 3969 tuli
348 3916 538 3980 significatione
555 3918 606 3970 hoc
619 3922 722 3972 tantum
733 3921 808 3972 dicit:
847 3920 949 3980 marat,
967 3920 1066 3972 ulaine
1076 3919 1159 3970 dubio
1170 3913 1353 3983 reprebenden-

287 3993 398 4044 «Utrum
425 3992 576 4044 etiamnunc
597 3991 705 4044 laudem
722 4007 812 4046 mere·
848 3991 899 4043 dus
924 3994 959 4044 eit
978 3993 1014 4044 ob
1031 3995 1141 4044 nimiam
1156 3990 1351 4056 loquacitatem·

287 4069 365 4116 antur
373 4067 448 4116 Attae
459 4067 562 4130 togatae
572 4069 722 4119 necne-r.
733 4070 813 4129 Quin·
847 4068 877 4118 ld
903 4070 975 4133 quod
1001 4084 1097 4122 verum
1121 4074 1201 4135 atque
1223 4081 1254 4118 ex
1270 4060 1351 4115 velerit

287 4141 355 4192 etius
371 4143 431 4191 Atta
447 4142 561 4205 scriptor
576 4143 739 4204 togatarum,
765 4156 812 4194 aa·
848 4140 958 4194 attentus
993 4146 1148 4208 Interpretia
1174 4133 1352 4192 commentarit

287 4215 812 4282 tirarumepigrammatumquomortuua
848 4217 1037 4283 depromptum
1054 4231 1114 4270 eaeo
1126 4218 1225 4283 potestt
1242 4211 1353 4264 nodutu-
