2925 4892
521 361 580 412 tab.
600 363 629 412 tt.
667 362 765 414 Epist.
784 365 803 414 1.

154 518 202 582 Ne
226 515 360 582 rubeam
383 517 492 603 pingui
515 517 653 584 donatus
676 539 827 596 munere,
851 529 884 584 et
905 541 969 587 una

156 638 237 704 Cum
261 637 418 726 scriptore
441 659 514 705 meo
537 659 636 728 capsa
658 650 827 726 porrectus
850 651 962 728 aperta

156 759 292 826 Deierar
314 760 346 824 in
368 760 475 827 vicum
496 760 688 828 vendentem
711 761 785 827 tbus
808 771 841 828 ct
860 761 980 829 odores

156 881 194 946 Et
215 882 311 968 piper
332 890 364 947 et
386 880 544 969 quidquid
567 881 685 947 chartis
708 882 856 949 amicitur
878 883 1003 970 ineptis.
1139 886 1202 952 270

146 1081 274 1143 quattuor
290 1077 430 1134 Schmidii,
450 1077 536 1128 Lario.
555 1079 627 1138 Maii,
647 1081 680 1140 C,
700 1079 833 1130 Bentleius
852 1085 879 1132 et
894 1083 928 1131 bt,
950 1110 976 1118 -
996 1084 1052 1133 269.
1069 1085 1170 1135 oaorem

147 1153 202 1201 duo
220 1151 355 1202 Schmidii.
373 1178 398 1188 ·-
420 1153 477 1202 27⁰.
497 1151 623 1215 amicitur]
641 1155 785 1203 involvatur
800 1155 903 1218 primus
920 1155 1045 1206 Schmidii
1063 1172 1078 1208 c
1098 1157 1170 1220 glos-

146 1229 261 1276 semate.
283 1249 311 1262 -—
331 1227 445 1288 inemptis
463 1226 528 1277 Cud.
543 1225 586 1276 stt.
600 1238 723 1290 unusque
742 1228 819 1278 Feae.
840 1229 878 1291 (V,
892 1229 930 1290 Ρ.)

114 1397 208 1445 manet
225 1395 312 1457 imago
329 1409 354 1442 v.
371 1401 513 1456 porrectas,
533 1395 554 1443 si
572 1391 642 1443 mul·
680 1405 782 1442 rancun.
805 1417 831 1428 —
850 1394 941 1456 ctorem]
958 1395 1082 1447 Tuscum.
1103 1397 1150 1448 Hic
1166 1401 1204 1449 vi-

113 1467 200 1518 titudo
217 1471 373 1532 porrectum
390 1469 476 1527 videt,
496 1468 568 1532 quod
586 1467 643 1518 fieri
679 1481 727 1518 cus
746 1469 807 1530 (Sat.
820 1469 849 1526 Ξ,
868 1469 898 1526 3,
917 1470 985 1531 228.)
1011 1472 1037 1519 iu
1060 1470 1119 1522 loco
1136 1474 1203 1523 inte-

115 1557 167 1592 non
187 1544 277 1605 potest
291 1543 315 1593 iu
328 1556 408 1608 capsa
420 1547 523 1606 operto,
543 1541 640 1592 clausu.
679 1544 749 1592 riore
761 1542 837 1594 Urbis
848 1547 919 1601 erut;
938 1543 1000 1592 binc
1010 1548 1118 1608 proprie
1128 1561 1205 1597 usur-

114 1619 197 1667 Racta
216 1617 282 1666 Fen:
311 1619 422 1682 unptius
441 1619 482 1668 cst
498 1631 523 1666 v.
542 1623 641 1678 operto,
679 1619 725 1681 pat
743 1631 767 1665 v.
786 1617 893 1679 deserar.
911 1643 935 1654 ·-
956 1619 1052 1683 odores]
1071 1619 1204 1684 «liquores

114 1695 145 1742 ut
171 1691 240 1742 iiber
264 1691 360 1742 nullius
383 1694 477 1757 pretii,
505 1695 643 1754 tamquam
679 1691 807 1742 odoratos
823 1693 1077 1754 atqueuugueutu.»
1092 1697 1206 1756 -qnta-

115 1765 234 1816 cadaver
245 1765 358 1829 ignobile
371 1767 404 1816 ad
417 1765 548 1830 puticulos
560 1767 644 1816 omui·
679 1764 748 1828 quta]
766 1767 795 1814 ut
811 1763 930 1814 scombri
948 1765 1028 1826 (Pers.
1044 1767 1139 1831 t‚i3.)
1157 1783 1205 1820 ce-

115 1840 167 1890 bus
185 1838 301 1899 visibila,
330 1839 430 1890 teratur
451 1841 477 1889 iu
501 1853 582 1904 capsa
599 1838 643 1888 vili
681 1843 789 1901 tcraque
808 1836 933 1900 salgama.
958 1839 1010 1888 Cir.
1028 1841 1104 1891 Mart.
1118 1842 1148 1900 6,
1161 1845 1203 1903 oa,

114 1917 209 1978 aperta
234 1914 336 1964 cunctis
360 1913 460 1963 derisui
478 1916 505 1965 ct
522 1917 643 1964 contem·
681 1913 710 1962 7:
731 1913 813 1973 Quam
828 1912 900 1960 multi
917 1911 997 1961 tineas
1012 1921 1122 1974 poscant
1138 1916 1205 1965 bict-

114 1987 171 2052 ptui
197 1988 223 2036 in
239 1987 328 2037 vicum
349 1987 497 2036 thurarium
515 1989 643 2037 antician-
680 1992 768 2048 tasone
784 1987 882 2046 diserti,
899 1987 1073 2058 Etrcdimunt
1089 1989 1135 2038 soli
1147 2005 1205 2039 ccr-

115 2061 157 2110 dis
183 2059 327 2118 scombris,
360 2061 483 2124 tburique
507 2064 534 2110 et
558 2061 643 2125 piperi
679 2061 1203 2126 minodoctccocit—ineptis]btirocasu

115 2135 307 2198 excipiendis.»
337 2135 471 2198 (Ceterum
500 2137 642 2184 auctoritas
679 2133 844 2185 Wakefieidii
857 2135 925 2184 coni,
939 2135 1055 2197 inemptis
1065 2137 1205 2188 coufirma-

115 2213 227 2259 externa
238 2209 375 2272 utriusque
387 2207 507 2258 lectionis
516 2215 606 2271 aperta
618 2211 644 2259 et
680 2211 723 2258 tur
739 2223 754 2257 u
773 2208 856 2258 Codd.
870 2207 931 2271 aliq.
945 2209 972 2257 et
983 2210 1049 2259 Edd.
1063 2213 1127 2261 vett.
1142 2213 1203 2274 (non

115 2289 214 2346 operta
233 2286 263 2333 ut
279 2283 360 2333 babet
377 2284 443 2332 Van.
457 2283 541 2343 etan,
559 2297 643 2348 prope
680 2286 769 2334 tamen
781 2285 847 2333 Ven.
862 2283 944 2345 titt.)
969 2284 1036 2345 Sed,
1054 2287 1084 2334 ut
1100 2289 1204 2336 meeum

116 2371 166 2422 par
192 2361 243 2408 est.
275 2359 398 2408 Nostram
421 2356 546 2420 praetulit
563 2360 642 2408 etiam
680 2357 811 2408 vocabulo
835 2357 936 2418 ineptis,
962 2357 1036 2419 quod
1062 2357 1204 2409 subridere

115 2431 309 2496 wyttenbacb.
323 2433 396 2483 Misc.
407 2433 529 2482 Doctri.
540 2432 642 2495 ptit.)
680 2447 728 2482 nos
746 2433 830 2494 cogit,
848 2429 932 2480 multu
949 2433 1036 2494 aptius
1048 2431 1135 2482 claudi
1150 2435 1205 2496 epi-

117 2509 164 2558 «In
194 2505 282 2556 multis
305 2507 332 2556 ct
354 2505 432 2556 bunis
449 2504 522 2555 libris
540 2520 572 2556 cx
590 2506 643 2556 ire·
679 2505 774 2557 stolam
796 2517 878 2567 quam
894 2518 920 2552 v.
938 2505 1065 2566 innuptis,
1089 2507 1202 2564 accedit¹

116 2581 484 2644 quanticuuiusioneopcrtc‚
499 2579 642 2644 quodqui-
679 2579 752 2643 quod
779 2593 804 2628 v.
833 2579 971 2638 inernptra,
999 2577 1044 2627 ubi
1072 2581 1205 2642 reperitur

117 2655 167 2704 bus
186 2653 288 2718 placet,
308 2655 338 2704 iis
352 2653 497 2703 videndum
515 2655 557 2704 cst
573 2653 642 2704 mule
680 2652 770 2716 (Epod.
784 2653 809 2710 ἲ,
823 2650 869 2701 i8:
888 2651 973 2711 Dcpos
983 2652 1118 2711 incaptus,
1131 2653 1201 2714 virg.

116 2727 265 2778 laceratum
293 2741 325 2777 ac
349 2727 485 2777 foedatum
514 2728 642 2788 cadaver,
679 2724 1203 2788 Ge.i,433:dcpibus--toempttr.)‚non

117 2803 208 2866 quod,
239 2816 273 2852 nc
302 2801 391 2852 oculos
417 2803 642 2866 praetereuntium
679 2801 809 2864 significat
834 2812 881 2860 ea,
908 2812 977 2862 quac
1003 2803 1113 2864 propter
1129 2813 1205 2849 sum-

116 2877 215 2938 taedat‚
229 2877 331 2926 iniectis
343 2875 464 2938 stragulis
480 2877 584 2938 tegitur.
603 2876 645 2927 nl-
679 2888 765 2935 mam,
784 2876 811 2925 in
822 2887 874 2938 qua
889 2875 989 2934 iacent,
1009 2873 1203 2937 neglectionem
1235 2889 1240 2898 ·

118 2957 173 3002 tera
201 2953 291 3000 tamen
305 2948 391 3000 ¹lectio
409 2951 493 3012 magis
510 2951 545 3000 ad
562 2950 643 3001 libros
680 2949 785 3001 anulio
803 2951 942 3007 emuntur,
960 2962 1055 3000 verum
1067 2961 1203 3011 quaenou

118 3025 322 3091 accommodata
340 3026 396 3084 est,
415 3024 475 3087 qui,
494 3025 516 3074 si
527 3023 592 3074 boui
603 3038 645 3076 es-
680 3027 864 3089 amputabat,
892 3023 955 3084 scd,
981 3026 1012 3074 ut
1027 3023 1111 3085 depes
1128 3020 1201 3080 illac,

118 3102 190 3159 serit,
218 3099 306 3162 capsis
329 3100 406 3148 caute
424 3098 643 3162 contegebantur,
681 3112 713 3148 ar
739 3099 840 3150 domiui
865 3099 949 3150 bortis
974 3098 1113 3160 pascuisvo
1139 3109 1203 3160 pro·

118 3175 139 3224 si
157 3172 238 3234 viles,
265 3173 350 3237 aperti
367 3170 516 3224 iacebant.»
535 3174 644 3222 Dracen·
680 3175 820 3224 venerunt.

588 3369 728 3380 ——-

441 3543 879 3603 uxamensi.

185 3710 270 3759 «ires
287 3707 346 3758 libri
362 3708 441 3757 butus
458 3705 570 3756 secundi
587 3703 738 3768 Epistulae»
757 3702 816 3765 (abi
832 3713 882 3752 nos
894 3697 1014 3751 consulto
1025 3700 1059 3750 ab
1073 3701 1124 3750 hoc
1135 3700 1203 3750 libro

121 3792 303 3854 separavimus
319 3791 403 3840 Artem
416 3788 553 3852 poeticam)
572 3786 736 3838 «consimilis
750 3784 949 3850 quodammodo
966 3786 1030 3835 sunt
1044 3786 1202 3847 argumenti,

121 3887 180 3923 cum
204 3872 323 3936 singulae
341 3871 374 3922 ad
398 3873 487 3937 po'esis
505 3871 590 3922 studia
608 3872 767 3934 pertineant.
804 3871 832 3918 tu
850 3869 934 3932 prima
952 3869 1024 3918 euim
1041 3870 1203 3931 antiquiores

122 3961 214 4018 poetae
226 3956 337 4006 Romani
350 3968 411 4004 cum
424 3955 617 4005 recentioribus
629 3954 723 4002 aetatis
735 3954 894 4015 augusteam
913 3955 993 4015 utque
1005 3953 1114 4002 omuino
1125 3955 1205 4001 Grae-

121 4051 166 4087 cae
185 4041 273 4103 poesis
290 4039 399 4088 bistoria
418 4041 444 4088 et
462 4037 564 4088 indutas
582 4050 643 4088 cum
660 4039 715 4087 toto
733 4039 867 4087 Romanae
884 4049 998 4099 gauere,
1016 4036 1203 4092 contemptum

123 4123 146 4170 iu
172 4123 254 4172 attera
282 4125 372 4171 narrat
398 4122 519 4172 Horatius
544 4121 578 4170 de
600 4121 654 4171 suis
672 4120 765 4171 studiis
782 4120 908 4183 podicis,
935 4122 999 4169 tuuc
1015 4117 1124 4182 quidem
1141 4131 1156 4165 a
1173 4129 1204 4165 se

124 4203 262 4268 depositis,
291 4208 370 4267 atque
397 4204 430 4255 de
458 4202 602 4254 multorum
624 4205 664 4254 sui
687 4203 815 4268 temporis
831 4205 970 4267 potiturum
987 4201 1161 4265 perversitate
1179 4202 1206 4249 et

208 4295 418 4342 corrumpti.
449 4307 488 4340 eu.
505 4305 556 4340 urar.
575 4293 610 4339 111.
976 4290 1000 4337 tt
