2925 4892
510 386 569 439 arn.
588 388 619 437 11.
654 388 721 439 sar.
741 388 784 439 vr.
991 448 1000 459 ,
1136 390 1199 455 323

170 543 283 623 Quidve
304 543 346 610 ad
370 543 541 620 amicitias,
565 562 645 611 usus
667 554 849 621 rectumne,
873 544 976 613 trahat
997 566 1073 625 nos3
1157 548 1197 612 75

170 664 203 730 us
220 686 301 753 qirae
323 666 365 731 sit
387 674 500 732 nature
520 663 597 731 honi
620 686 850 754 summumque
871 666 950 755 quid
972 667 1053 733 eius.

169 785 290 853 Cervius
312 786 393 853 haec
417 786 499 853 inter
520 787 645 854 vicinus
667 788 767 875 garrit
788 786 890 855 aniles

169 908 207 971 Ex
228 927 262 973 re
282 906 424 975 tabellas.
468 907 501 973 Si
524 908 598 997 quis
621 928 695 975 nem
717 908 827 977 laudat
847 908 944 975 Arelli

167 1027 314 1095 Sollicitas
336 1030 467 1117 ignarus
489 1048 586 1117 opes,
610 1030 657 1098 sio
680 1030 806 1117 incipit:
830 1030 916 1098 Oiim

167 1150 306 1217 Rusticus
327 1148 487 1217 urbanum
509 1171 634 1217 murem
659 1172 731 1217 mus
753 1170 898 1239 paupere
919 1151 1020 1219 fertur
1158 1154 1199 1217 80

166 1272 331 1359 Accepisse
353 1290 449 1349 cavo,
473 1280 616 1339 veterem
639 1282 732 1339 vetus
754 1271 875 1360 hospes
897 1274 1050 1348 amicum.

164 1394 258 1481 Asper
280 1402 313 1459 et
333 1401 473 1459 attentus
495 1392 665 1480 quaesitis,
689 1402 724 1458 ut
746 1384 861 1461 tamen
875 1404 980 1461 artum

183 1636 221 1686 75.
238 1641 365 1687 rectmwe
381 1650 407 1701 p.
431 1665 458 1675 -
477 1638 518 1687 tr.
537 1636 633 1689 Certim
650 1649 675 1700 p.
698 1664 724 1673 —
744 1636 785 1687 ts.
804 1650 867 1687 nom
881 1639 903 1687 rt
919 1639 976 1699 eras
992 1640 1102 1703 spect.
1128 1642 1168 1702 (Ut

153 1711 281 1847 ἲοείεθδῗ,
305 1709 436 1777 γκλμνιω
460 1710 597 1775 «aliique».
630 1711 668 1761 Ct.
688 1712 741 1761 Sat.
759 1712 784 1772 2,
802 1710 827 1771 3,
844 1712 886 1761 20.
908 1710 949 1762 44.
970 1711 1027 1761 302.
1055 1714 1120 1778 Epp.
1142 1714 1168 1775 Ξ,

125 2009 323 2071 quemturque.»
352 2007 436 2059 Cornu.
451 2008 529 2064 Cano.
552 2034 579 2044 -
597 2008 639 2058 sert
675 2005 1200 2073 irequenstabellarumetexemplorunr

125 2082 276 2146 mmcpts
292 2080 353 2144 cet]
373 2081 436 2133 «sed
454 2082 579 2131 Socratici
594 2094 638 2145 ga·
675 2083 1055 2142 initium‚noatrumetnmat.
1083 2084 1201 2137 044.ῠο-

124 2157 185 2207 neris
208 2157 295 2208 nostri
322 2158 385 2208 sunt
408 2168 579 2208 sermones.»
608 2186 636 2195 -
676 2157 729 2207 nat.
751 2156 786 2206 ad
811 2158 916 2207 Terent.
936 2157 1019 2207 Andr.
1041 2160 1072 2218 a,
1098 2157 1130 2221 t,
1156 2161 1197 2211 20.

124 2230 561 2296 omnacont.1tpod.t‚7.—
579 2244 638 2281 mut
675 2232 783 2296 Eppt,
803 2232 832 2292 4,
850 2232 891 2282 43.
921 2232 1199 2294 onerantem:

123 2306 249 2371 roim]
275 2307 383 2355 «nuum
405 2304 468 2355 utile
494 2318 528 2355 an
552 2306 638 2357 hone-
674 2312 702 2357 ut
718 2307 847 2369 qnondam
863 2306 1201 2369 mhdepreusnretictis

122 2382 183 2430 stum
193 2380 325 2431 amicitias
337 2380 496 2430 contrahere
513 2378 635 2431 debeat.»
674 2394 803 2444 --opnc
833 2380 887 2431 Cir.
910 2380 986 2431 fland
1010 2383 1086 2433 Turs.
1107 2384 1150 2433 IV.
1171 2397 1198 2448 p.

24 2492 25 2523 ,
126 2466 329 2537 :mnusque
346 2451 408 2516 cet]
428 2449 638 2516 «certioretis
674 2454 723 2505 368
740 2466 783 2519 sq.
803 2481 830 2492 —
846 2456 960 2505 nauticus
975 2456 1038 2520 cet]
1057 2457 1199 2509 Notissima
1239 2513 1244 2522 .

24 2526 25 2581 4
121 2525 242 2592 cyneas,
266 2523 359 2594 ἡδονὴ
378 2522 399 2591 ἧ
415 2521 516 2599 ἀρετή,
539 2542 637 2593 perpe·
674 2529 743 2580 haec
772 2528 861 2579 tabula
889 2530 959 2579 tuter
987 2528 1133 2583 Bahrianas
1158 2534 1200 2584 cst

122 2604 159 2652 tua
180 2601 221 2653 ilia
239 2603 424 2654 controversia
448 2604 518 2653 inter
535 2605 638 2655 Stoicos
676 2604 731 2654 408.
754 2616 797 2667 ap.
820 2604 882 2653 Gor.
903 2604 961 2653 304.
983 2628 1011 2639 -
1029 2617 1128 2655 moron
1143 2620 1201 2656 mar

24 2724 26 2747 p
122 2680 144 2725 et
159 2678 315 2742 Epicureos,
338 2690 387 2729 nos
404 2690 512 2742 quoque
530 2679 635 2741 agitet-
675 2704 688 2715 -
704 2682 842 2727 -veterem
864 2674 947 2739 cem]
975 2676 1072 2727 «vides
1096 2677 1140 2729 hts
1164 2680 1200 2729 ita

24 2760 26 2811 1
122 2778 145 2786 —
161 2753 219 2815 aaa]
240 2751 310 2803 Vide
327 2751 476 2803 Excursum
493 2751 528 2802 ad
545 2751 593 2802 Od.
606 2752 635 2813 3,
674 2750 839 2813 disposuisse
857 2748 955 2809 verba.
974 2752 1005 2799 ut
1021 2750 1143 2802 eiusdem
1154 2764 1201 2803 no·

121 2824 159 2885 tt,
176 2828 214 2877 444,
674 2824 754 2875 minis
771 2823 893 2873 diversae
915 2822 1016 2873 tormae
1033 2823 1116 2875 attera
1132 2823 1201 2877 alte-

147 2900 230 2951 tt-tt.
258 2899 370 2963 amin]
393 2898 497 2964 lepidus
514 2914 546 2951 ac
563 2900 636 2952 tace·
674 2910 732 2949 ram
754 2899 903 2962 exciperet;
929 2897 956 2947 id
978 2899 1051 2962 quod
1073 2900 1200 2953 amabant

24 3012 25 3015 .
119 2974 156 3023 tus
177 2974 275 3025 Horatii
299 2974 414 3035 ricinus,
440 2975 517 3025 cuius
537 2988 636 3025 nomen
674 2971 746 3023 latini
756 2973 927 3037 scriptores.»
945 2973 1065 3023 Dicentis.
1078 2976 1199 3040 -asperl

119 3048 255 3106 posteritati
279 3048 386 3098 tradere
407 3047 505 3111 placuit
525 3051 634 3111 poetae3
675 3044 848 3107 «laboriosus,
862 3048 890 3097 et
899 3045 1009 3097 minime
1021 3046 1198 3101 luxuriosus.»

118 3118 215 3171 trettias
230 3123 326 3171 contra
343 3134 452 3182 avarus,
472 3123 536 3172 item
553 3122 579 3172 in
595 3123 636 3171 ri·
676 3148 703 3157 -
723 3121 845 3185 cuman]
872 3133 1011 3184 spurcus»
1037 3124 1068 3171 ut
1090 3122 1196 3174 Terent.

24 3236 25 3239 ,
119 3194 179 3244 einis
201 3196 336 3246 habitans.
381 3198 410 3249 ut
434 3197 541 3247 nornine
566 3196 636 3247 haec
673 3193 765 3256 ΑΜ,
784 3195 813 3257 8,
832 3195 1199 3248 siwiamhame*

119 3268 238 3330 protctts
248 3269 414 3329 habeamus.
434 3268 496 3320 nihii
514 3270 635 3334 proiecto
672 3274 745 3318 necta
761 3269 848 3319 munti
863 3281 957 3319 acmo.
987 3270 1041 3319 Cic.
1055 3282 1105 3333 pro
1117 3271 1198 3329 Quin-

118 3352 207 3393 oausae
224 3346 276 3395 est.
293 3344 636 3406 -0asst1neomrtsrnar-
673 3344 725 3393 ctio
750 3343 779 3401 3.
805 3344 851 3393 tt:
876 3342 1066 3405 paterfamitias
1089 3350 1113 3394 et
1131 3358 1198 3406 pras-

120 3418 154 3463 rat
168 3416 419 3481 tabeliashesopias
435 3418 529 3477 mites,
547 3418 636 3467 omni·
673 3419 732 3467 dem
753 3423 777 3467 et
799 3421 915 3467 aueum.
952 3416 1018 3480 Epp.
1041 3418 1067 3477 4,
1090 3418 1121 3475 t.
1145 3419 1195 3468 9⁴:

118 3485 163 3541 bus
177 3492 230 3543 iam
247 3505 300 3557 per
317 3492 449 3542 nutricum
468 3492 635 3542 narrationes
672 3493 771 3552 Dona,
799 3492 848 3552 uit,
874 3490 961 3550 Voltei,
983 3490 1059 3539 nnis
1074 3494 1198 3541 numat-

119 3562 172 3613 inde
188 3580 203 3615 a
220 3567 335 3630 pueritia
357 3568 446 3627 noas,
472 3578 524 3615 neo
546 3568 635 3615 tamen
672 3578 719 3628 pite
735 3566 827 3615 ndei-is
846 3566 907 3614 Esse
927 3563 996 3612 mihi.
1026 3565 1092 3627 Epp.
1110 3565 1140 3626 2,
1166 3568 1194 3627 4,

119 3648 229 3702 unwani
246 3640 419 3701 iniucundus,
438 3640 460 3691 st
477 3639 562 3690 tacete
575 3652 636 3689 nar·
673 3640 732 3690 trs:
749 3638 833 3701 paces
848 3638 944 3688 mona.
959 3664 988 3674 -
1000 3643 1029 3687 ut
1039 3640 1195 3705 tumescat]

119 3716 225 3763 sentin.»
257 3714 297 3765 Ci.
315 3716 369 3765 Sat.
389 3716 415 3775 4,
435 3715 480 3775 40,
498 3713 545 3765 tt:
570 3726 635 3777 par·
672 3714 722 3763 «ita
741 3715 846 3771 tamen.
864 3714 894 3762 ut
908 3712 1028 3762 animum
1044 3710 1109 3763 alias
1129 3727 1196 3766 con—

119 3786 165 3836 tire
182 3788 283 3839 tihellus.
305 3816 332 3826 -
350 3790 393 3837 Ec
408 3787 449 3852 ra]
472 3800 536 3853 «pro
558 3800 635 3837 corn·
671 3788 786 3837 tractum
804 3800 836 3836 nc
860 3799 946 3851 prope
962 3787 1069 3837 anxium
1094 3786 1197 3840 laxaret

120 3860 206 3923 modo,
231 3862 331 3923 idest,
357 3875 427 3925 quae
445 3875 507 3911 curn
524 3874 554 3911 re
570 3874 635 3925 pro-
670 3860 796 3923 hospitiis»
814 3861 940 3923 (deflens,
958 3862 988 3909 nt
999 3862 1091 3912 iuven.
1104 3861 1134 3923 t,
1147 3864 1193 3913 67:

119 3934 390 3995 positaconventant.»
409 3936 461 3986 Ctr.
473 3934 632 3985 HandTurs.
667 3948 781 3997 propera
796 3934 1053 3985 stomachantem
1068 3937 1195 4000 sapam,

119 4005 146 4055 ΙΙ.
167 4022 193 4072 p.
217 4010 276 4060 660.
309 4036 336 4046 -
364 4009 490 4059 Sollicitos
516 4008 633 4074 iponem]
673 4022 717 4060 «se
735 4007 894 4059 exhilararet
918 4008 1054 4059 interdum
1075 4009 1194 4074 hospites

118 4084 245 4143 «nescius,
277 4086 404 4148 quantm
430 4082 634 4134 sollicitudinem
671 4082 832 4133 invitando.»
851 4108 880 4119 -
894 4087 980 4132 astron
995 4083 1114 4147 Sotocrc]
1127 4085 1191 4147 Epp.

119 4154 207 4205 Aretho
225 4157 268 4207 isti
284 4158 421 4208 efferant.»
673 4158 701 4217 4,
720 4158 749 4218 h,
768 4158 814 4205 20:
842 4157 979 4207 Contracta
993 4168 1067 4216 quen
1081 4171 1133 4207 noo
1150 4156 1195 4219 (ie-

146 4228 231 4280 44487.
263 4232 340 4295 Otim]
367 4232 431 4281 Olim
457 4234 484 4281 et
509 4232 635 4293 quondam
672 4232 707 4279 cit
723 4230 885 4291 ebrietasit’n
897 4235 1048 4292 paupertate
1068 4230 1194 4279 mutum?
