2925 4892
493 345 553 394 ΗΒ.
572 345 592 393 l.
628 345 727 396 EPlS'l'.
747 348 767 396 l.

138 497 196 564 Sed
218 497 462 585 quadringentis
484 520 542 564 sex
565 511 690 588 septem
713 502 800 568 milia
822 503 954 570 desunt:

138 619 225 686 Plebs
248 621 323 686 eris.
368 623 406 686 nt
427 621 520 708 pueri
543 619 708 700 ludeuleS,
734 625 800 692 lter
823 625 904 702 eris,
928 627 1031 702 aiunt,

170 819 208 869 58.
227 819 285 883 Sed]
304 819 332 868 si
348 817 393 882 dp,
411 821 466 870 tres
483 821 609 882 poitiers,
628 821 708 871 neti.
729 823 768 883 (it
785 836 843 882 nos,
863 823 908 881 bS,
926 822 1002 890 βγκ.)
1019 853 1045 861 -
1065 828 1144 878 desim

129 906 142 941 e
157 891 236 943 codd.
256 894 308 959 (yx)
327 891 460 945 Bentleins
478 897 506 944 et
523 895 550 944 F.

102 1071 214 1136 spodosin
240 1071 309 1122 Plebs
333 1073 399 1131 criu
427 1070 515 1132 unde,
542 1085 612 1136 quae
650 1071 756 1135 septem]
782 1073 829 1122 Est
851 1073 1026 1137 proverbialis
1052 1077 1174 1128 lormula.

101 1147 183 1196 horum
199 1147 232 1196 sit
257 1148 382 1196 iunctura
405 1147 433 1195 et
452 1158 515 1196 cum
532 1157 612 1210 prae·
649 1145 756 1195 Terent.
770 1147 836 1196 Eun.
850 1149 881 1208 2,
899 1147 927 1208 3,
946 1148 991 1198 39:
1010 1150 1083 1200 Wom
1100 1153 1177 1214 lipast

101 1219 241 1270 rodentibus
269 1223 298 1272 et
326 1233 389 1270 cum
417 1219 610 1283 sequentibus,
649 1223 710 1270 444444
727 1223 855 1284 doiorum
874 1225 913 1274 bis
927 1226 1051 1276 mendbss
1066 1228 1119 1278 Sec
1134 1243 1176 1280 se-

101 1291 272 1358 aliquantisper
281 1293 406 1344 meditari
418 1293 500 1344 debet
517 1293 609 1344 lector.
645 1302 714 1360 piem
732 1312 854 1359 prorsam
870 1302 1025 1353 concidisse
1037 1306 1173 1365 prosituit.

101 1371 140 1428 Qui
154 1371 237 1419 minus
248 1367 444 1432 intelligebant,
463 1369 561 1419 misere
574 1370 612 1418 in·
649 1373 703 1422 Cic.
722 1373 757 1422 ud
774 1375 825 1423 nu.
846 1375 891 1434 40,
912 1376 941 1436 8,
963 1376 993 1424 6:
1020 1390 1066 1427 sec
1083 1385 1176 1442 septem

101 1441 296 1506 terpolaverunt,
315 1445 413 1508 partim
430 1455 557 1494 versuum
570 1455 612 1492 or-
647 1446 740 1496 diobns.
760 1447 823 1509 (Alia
840 1450 906 1498 retio
926 1452 968 1500 est
985 1449 1107 1504 locorum
1122 1456 1175 1505 Lu-

32 1579 33 1586 *
101 1516 175 1567 mem
196 1519 376 1580 invertentes,
404 1519 500 1583 partim
525 1517 610 1566 verba
648 1520 757 1582 creti,
777 1523 834 1572 327.
852 1524 1043 1588 bilbacbm.)

32 1591 33 1594 ’
100 1591 205 1642 nonnulle
222 1596 369 1644 mutantes.
385 1619 413 1630 ·-
426 1591 534 1655 animos]
551 1593 610 1641 «ln-

32 1685 33 1688 ¹
100 1667 189 1728 genium
209 1671 354 1731 praestans
375 1669 455 1730 utque
478 1669 607 1726 erectum,
679 1670 784 1720 liii-til.
813 1669 882 1720 Plebs
905 1673 967 1734 esis]
995 1673 1176 1726 «Contemne-

32 1759 34 1764 ·
100 1739 252 1793 laudabilium
269 1746 301 1792 et
317 1743 548 1805 magnanimorum
568 1742 610 1790 iu·
647 1745 696 1804 ris,
730 1744 799 1793 inter
823 1743 932 1808 plebeus
953 1747 1123 1811 reputaberis
1147 1755 1176 1802 et

100 1819 221 1879 ceptorum
242 1830 361 1882 caper·
387 1845 415 1854 -
443 1815 543 1880 buoso]
570 1815 609 1864 ia·
647 1819 672 1868 in
688 1819 753 1867 xlv.
767 1817 905 1869 ordinibus
923 1833 976 1871 non
993 1821 1129 1872 sedebis.»
1144 1853 1172 1862 -

100 1891 187 1943 mndia.
206 1917 234 1928 -
251 1891 373 1957 fidaque]
399 1891 459 1952 Est,
485 1892 515 1940 ut
535 1893 609 1941 recte
644 1895 719 1956 pesti
743 1893 853 1945 lucam
877 1895 944 1960 cet]
970 1897 1013 1946 Sic
1036 1895 1174 1961 explican-

100 1966 141 2016 iem
150 1967 306 2030 significavit
317 1965 471 2027 Lambinus,
490 1966 608 2026 Credit,
647 1968 711 2019 dum
729 1969 848 2018 videtur:
880 1971 972 2020 «Pueri
988 1970 1036 2020 ubi
1056 1973 1173 2024 intense

100 2038 170 2090 «bona
185 2041 253 2092 lama
266 2043 296 2092 et
313 2042 424 2106 propter
440 2041 609 2091 honestatem
647 2041 754 2103 ludunt,
776 2045 822 2106 qui
847 2042 964 2107 plurium
985 2044 1028 2095 vel
1052 2048 1173 2098 omnium

99 2116 120 2162 cl
141 2119 244 2180 propter
268 2114 438 2178 aliquantum
463 2115 607 2179 pecuniae,
647 2116 745 2167 iudicio
776 2118 846 2168 inter
872 2131 967 2185 omnes
993 2120 1173 2172 dexterrimus

99 2191 203 2250 quamue
218 2190 253 2240 ed
274 2192 434 2252 equestrem
454 2189 608 2252 dignitatem
647 2193 701 2251 est,
720 2204 767 2241 rex
784 2190 989 2242 declarabitur.»
1018 2195 1067 2244 liic
1085 2196 1173 2258 Chry·

100 2275 142 2312 non
156 2263 294 2314 sufficiet.»
326 2263 365 2312 Cl.
383 2264 501 2327 Pompeii
524 2265 606 2328 Epist.
646 2267 782 2316 sostomus
804 2265 838 2315 de
860 2278 944 2328 regno
965 2281 1005 2317 or.
1024 2266 1047 2318 4.
1065 2281 1092 2332 p.
1114 2271 1170 2320 llil.

100 2337 118 2384 in
134 2338 229 2389 Salustii
256 2340 301 2389 Fr.
320 2336 368 2388 Ed.
390 2349 468 2388 mese
493 2351 520 2402 p.
544 2339 607 2388 tit:
645 2339 691 2388 lt:
711 2334 783 2389 Οὐδὲ
794 2335 916 2410 γὰρτῶν
934 2337 1073 2393 παίδωνὸ
1089 2341 1173 2408 νική-

32 2467 33 2474 ¹
98 2411 200 2474 speon
215 2427 269 2463 rem
286 2412 443 2476 famularem
457 2413 546 2474 modo,
563 2425 609 2462 us·
646 2428 718 2476 σας,
748 2407 819 2463 ὅταν
846 2417 1001 2478 παίζωσιν,
1028 2414 1064 2466 ὃν
1087 2412 1173 2468 αὐτο4

32 2487 33 2544 j
98 2490 228 2538 muciam
243 2490 323 2553 tidem
339 2488 486 2549 consumpsi.
516 2489 606 2538 Horat.
645 2501 720 2548 φασι
749 2486 885 2549 docilia,
916 2487 957 2556 τῷ
990 2485 1053 2541 ὄντι
1082 2490 1172 2551 βασι·

32 2559 33 2570 ³
99 2561 229 2626 Epp.l‚6‚
248 2563 298 2615 344·Ι
325 2563 424 2612 Scilicet
433 2575 609 2614 wascum
645 2559 710 2624 λεὺς
726 2560 814 2612 ἐστιν.
850 2565 970 2627 (Propter
986 2565 1076 2628 ipsum
1091 2567 1172 2615 uls·

99 2637 143 2686 loc
155 2639 273 2702 fidensque
291 2643 316 2687 al
332 2638 426 2688 mnicm
441 2638 474 2688 Et
493 2651 570 2703 penos
586 2645 610 2690 ct
645 2639 728 2686 ductu
743 2638 824 2699 (uenis
840 2637 868 2687 in
884 2635 978 2699 ludis-l
995 2639 1040 2688 bic
1050 2637 1126 2690 locus
1136 2641 1172 2690 ad

98 2709 190 2770 lurucm
203 2715 298 2778 rapina
315 2713 423 2762 Pccrmic
439 2713 523 2764 dona.
558 2712 608 2763 Alii
646 2709 763 2775 pueriles
784 2709 922 2760 dumtaxat
942 2709 1020 2762 ludos
1040 2713 1173 2764 referatur

100 2784 210 2848 (collod.
223 2790 252 2849 t,
273 2787 322 2846 48,
342 2787 371 2836 9;
395 2787 426 2837 At
446 2789 506 2851 tides
521 2793 545 2838 et
566 2789 609 2837 in-
645 2795 758 2835 necesse
776 2786 830 2845 est,
849 2797 918 2845 nou,
937 2785 975 2834 uti
991 2799 1057 2836 saue
1073 2788 1172 2838 imme-

99 2861 145 2920 ossi
165 2863 276 2926 llenipnc
303 2875 367 2911 uero
392 2862 451 2927 cst.)
477 2861 610 2927 explicent
645 2862 696 2910 rito
719 2871 764 2910 me
787 2859 989 2923 reprebendens
1011 2861 1049 2910 ait
1072 2860 1172 2913 Dillen-

100 2934 240 2996 pronius..
256 2935 314 2986 Sed
325 2936 388 2986 bulo
399 2937 609 3001 interpretationi
645 2935 746 2997 burger
761 2935 789 2985 in
805 2937 896 2998 Progr.
914 2935 1036 2998 Aquisgr.
1050 2935 1124 2988 4844.
1142 2951 1169 3002 p.

100 3007 216 3061 adversari
239 3011 351 3062 videtur
375 3012 432 3075 ipse
463 3011 609 3062 verborum
645 3011 681 3060 9.:
701 3008 798 3060 «Aliter
814 3009 935 3072 proiecto
951 3010 1020 3060 baec
1036 3023 1079 3060 vv.
1097 3011 1172 3063 sire-

101 3085 161 3136 ordo.
173 3087 238 3147 Quid
248 3087 324 3138 enim
336 3087 518 3138 inconcinnius
526 3100 609 3151 quam
645 3089 682 3134 cte
697 3084 775 3147 fomes
791 3083 913 3134 scribere
930 3097 984 3134 non
1000 3086 1098 3149 potuit,
1120 3087 1171 3138 nisi

32 3155 33 3178 ³
102 3155 141 3208 boc
155 3173 231 3212 sensu
249 3173 358 3212 umores
375 3162 494 3223 honesti,
515 3162 609 3212 lacun-
646 3161 676 3210 ut
691 3159 818 3209 iustitiam
833 3159 861 3209 in
878 3159 1020 3210 iudicando
1037 3162 1065 3210 et
1080 3160 1171 3224 probi-

102 3229 134 3281 diu
153 3235 365 3298 probitasques‘i
393 3237 460 3286 Nam
486 3236 525 3286 sio
549 3237 610 3300 tides
646 3235 728 3284 tatem
738 3233 765 3283 in
774 3232 878 3296 agendo
892 3234 1079 3297 signiticaret.»
1098 3233 1170 3286 Talis

103 3317 153 3358 num
167 3309 236 3360 alind
253 3313 298 3361 est
320 3321 403 3372 quam
418 3323 525 3360 morum
547 3323 609 3360 rur·
645 3321 710 3358 vero
736 3306 834 3358 iudicia
850 3321 867 3356 a
888 3309 980 3371 pueris
1005 3307 1171 3358 decennibus

103 3387 228 3447 supersi
247 3413 276 3421 -
296 3383 392 3448 desim]
416 3384 482 3434 Huic
503 3382 609 3436 lectioni
646 3395 699 3433 non
716 3381 802 3445 fiunt.)
842 3381 973 3431 Dilierrmt
997 3393 1075 3442 sane,
1102 3394 1171 3444 qnos

103 3455 163 3507 lavel·
176 3461 304 3510 concinna
325 3458 456 3523 oppositio
478 3459 548 3508 inter
564 3471 607 3508 vv.
646 3459 699 3508 buc
711 3458 861 3517 traxerunt,
880 3453 924 3505 alii
934 3454 1002 3516 ludi,
1020 3456 1051 3503 ut
1060 3456 1169 3505 sueton.

102 3535 147 3578 unt
167 3536 192 3583 et
215 3535 312 3584 meost.
346 3561 373 3570 -
403 3533 607 3598 quadrinperttis]
647 3532 768 3583 Nenbb:
787 3528 1169 3592 ammomum

104 3603 281 3672 Quadringenta
310 3606 382 3658 milia
411 3609 441 3657 H.
463 3609 489 3659 S.
511 3621 608 3659 census
646 3609 673 3656 et
690 3607 775 3670 Spart.
794 3607 854 3655 sev.
872 3605 899 3654 t:
927 3604 1025 3654 nalem
1039 3604 1172 3654 almin-

104 3683 287 3746 erateqnester.
300 3679 521 3746 (succurendi.)
532 3681 607 3732 Conl.
644 3686 683 3732 ter
695 3693 790 3742 pocrm
805 3680 892 3728 ludum
914 3679 963 3727 nisi
986 3680 1026 3728 od
1049 3679 1172 3729 ludices

104 3753 127 3800 4.
138 3755 160 3803 Ρ.
172 3756 226 3808 383.
250 3758 300 3818 Qui
311 3755 446 3820 aliquanto
457 3754 516 3820 plus
528 3757 609 3807 etiam
645 3757 772 3817 meme,
790 3768 848 3804 cum
864 3756 916 3816 ipse
928 3755 1054 3816 proelotts
1062 3754 1172 3817 fascibus

104 3830 257 3887 possidebant
280 3833 308 3882 et
329 3844 445 3895 quorum
467 3832 520 3882 iam
543 3845 609 3882 avus
646 3845 677 3881 cc
700 3830 827 3882 cerambus
850 3831 938 3879 ordine
957 3842 1098 3891 pacronsm
1117 3831 1171 3880 cir-

104 3897 214 3963 lugennus
237 3906 335 3968 luerat,
363 3907 467 3970 equites
488 3906 607 3968 illustres,
645 3905 929 3956 cunutcutsscderctoc
944 3904 1077 3954 iudicaret.
1113 3905 1171 3968 [Ce-

104 3975 214 4041 ⁸iltutlidi,
231 3982 339 4044 indpm
355 3980 530 4042 vocabantur,
549 3982 609 4044 qui·
646 3983 734 4031 terum
760 3978 832 4030 Plato
849 3991 957 4042 quoque
973 3978 1071 4031 talibus
1092 3978 1172 4030 ludo-

105 4046 146 4100 btls
176 4059 256 4106 mnes
290 4055 503 4121 opponebantur.
553 4055 606 4106 Cir.
645 4067 706 4104 rum
723 4052 866 4117 puerilium
884 4051 1003 4104 lormulis
1020 4054 1102 4103 utitur
1113 4053 1171 4103 Phi·

106 4121 184 4190 Zumpt
205 4130 265 4180 iiber
289 4131 329 4181 dis
353 4130 496 4181 lidmiscben
521 4130 607 4181 llitien
646 4127 699 4180 leb.
722 4142 750 4192 p.
778 4128 810 4176 49
831 4127 861 4176 E.
885 4128 994 4177 Theaet.
1017 4140 1044 4191 p.
1069 4126 1117 4176 446
1138 4128 1168 4176 Α.

108 4195 332 4254 Beira-Abisact
347 4205 419 4254 4839.
433 4216 459 4269 p.
470 4205 510 4255 94.
524 4231 551 4240 -
565 4217 610 4254 sec
647 4202 700 4253 Cir.
714 4200 801 4252 Schol.
814 4202 841 4250 in
853 4201 988 4251 Theaetet.
1001 4214 1028 4265 p.
1041 4201 1089 4250 897
1101 4199 1129 4250 b.
1142 4213 1168 4249 v.
