2925 4892
567 395 790 446 snsrosrict.
1168 401 1228 464 755

179 549 360 614 Perfectum
382 547 494 616 decies
515 567 580 615 non
601 551 768 638 castigavit
788 551 830 617 nd
855 575 1004 641 unguem.

179 669 346 754 Ingenium
368 669 486 736 misera
506 669 584 757 quia
610 671 800 738 fortunatius
822 683 890 739 arte
1167 679 1229 742 295

179 787 289 854 Credit
309 801 350 855 et·
364 790 507 856 excindit
528 811 625 858 sanos
647 791 800 859 Helicone
824 801 936 881 potitae

178 909 396 984 Democritus,
420 911 504 978 bona
526 931 602 998 pars
626 933 691 979 nou
716 933 842 1000 ungnes
868 934 989 1001 ponere
1012 926 1116 994 curat,

178 1031 249 1095 Non
271 1030 425 1106 barbam,
449 1043 576 1099 secreta
597 1033 676 1119 petit
699 1033 786 1110 loca,
810 1033 925 1102 balnea
946 1036 1031 1102 vitat.

168 1235 346 1298 camaliam,
365 1238 510 1290 Lambinus
526 1243 606 1304 atque
624 1239 766 1292 Bentleins.
787 1242 826 1303 iiii
839 1256 898 1304 nos,
918 1243 1028 1306 bSPcd.i
1050 1273 1076 1281 -
1096 1247 1192 1296 ἀιοίοιιι

169 1311 200 1360 Β.
223 1338 249 1346 -
268 1311 327 1360 297.
344 1313 437 1376 ιιιιριιιι
453 1314 518 1364 Bl'c.
539 1341 566 1350 -
585 1315 643 1366 2⁹8.
662 1315 754 1366 barbas
771 1317 799 1366 Β.

134 1495 189 1544 cios
205 1499 279 1545 ortos
296 1508 357 1546 esse
374 1499 527 1559 aquattnor
539 1497 598 1549 filiis
608 1501 664 1549 Nn·
700 1498 759 1564 βὴς
776 1495 892 1570 σφόδρα
909 1502 959 1551 καὶ
975 1501 1009 1554 δι’
1026 1497 1133 1567 ὄνυχος
1149 1502 1226 1570 layo

135 1581 213 1627 mne,
231 1582 346 1632 qnorum
358 1571 466 1620 nomina
482 1572 665 1624 ineriniPom-
700 1577 774 1639 μένη
791 1573 894 1624 δίαιτα.

131 1655 182 1705 pa,
199 1643 288 1702 Pinna,
307 1644 413 1706 Calpen,
425 1645 593 1697 Mamercus.»
606 1649 665 1698 Dm·
734 1647 855 1698 ist-titii.
874 1649 1003 1712 inpertiam
1014 1651 1076 1714 cet]
1089 1651 1157 1702 «Sed
1167 1664 1226 1715 per·

136 1731 210 1766 ιιιιιιι.
230 1745 258 1754 -
276 1717 508 1785 ΜαΖω--ηια44α1
534 1723 573 1772 De
591 1723 664 1772 eius·
701 1719 1224 1786 multipodmntasnaideononeiimant,

135 1791 202 1841 dam
218 1793 292 1842 vocis
302 1795 460 1856 repetitione
473 1795 506 1844 ci.
519 1797 585 1860 Epp.
599 1798 623 1856 4,
638 1798 662 1855 4,
700 1795 762 1857 qnia
780 1796 922 1846 Democriti
934 1798 1088 1847 auctoritate
1101 1799 1177 1849 abusi
1189 1801 1226 1849 in·

135 1866 178 1916 20.
198 1867 228 1925 4,
242 1866 283 1927 ti,
295 1865 337 1917 to.
358 1894 385 1904 -
402 1869 527 1931 coemit]
554 1869 663 1919 «omnia
701 1868 898 1933 geniumatqne
911 1867 1135 1936 ἐνθουσιασμόν,
1152 1872 1226 1922 inro-

135 1951 340 2002 snpervacanea
357 1943 385 1992 et
403 1943 482 1993 nimis
498 1944 602 2007 turgida
620 1955 665 1992 re·
700 1953 760 1991 rem
770 1944 919 2005 poeticum,
930 1947 1069 2009 qnamipsi
1081 1945 1132 1996 sibi
1145 1945 1226 1996 tribn-

135 2015 235 2075 movit,
260 2016 289 2064 nt
304 2014 334 2064 iit
350 2016 377 2065 iu
394 2017 487 2067 vitium
504 2017 662 2081 pampinis·
701 2018 762 2077 unt,
789 2015 866 2079 longe
885 2021 1047 2082 anteponere
1064 2017 1150 2070 soient
1166 2021 1224 2080 arti,

136 2085 245 2147 Quintil.
258 2086 283 2148 4,
296 2087 320 2148 4,
334 2090 364 2138 b:
382 2089 444 2140 obes
454 2093 664 2141 mtremnmma·
701 2092 782 2154 atque
800 2089 835 2140 iili
853 2091 942 2141 omnin
959 2091 1039 2144 licere
1052 2095 1224 2156 contendunt,

135 2175 183 2212 aa.
203 2161 241 2212 Gi.
255 2163 321 2227 Epp.
333 2165 359 2224 2,
371 2164 396 2224 ἰ,
411 2165 472 2214 tii:
491 2167 665 2215 lunarisville
701 2166 770 2215 hanc
785 2165 906 2216 mamam
923 2179 999 2229 esse,
1018 2169 1097 2218 nimis
1114 2167 1227 2220 laborio-

135 2242 280 2298 compmact.
297 2238 481 2304 -Pcrsectan
501 2242 551 2290 «ita
565 2242 665 2305 utpcr-
701 2251 760 2290 sam
784 2251 834 2289 uec
857 2239 978 2303 dignam,
1005 2254 1057 2304 qun
1075 2243 1225 2292 exercenda

136 2311 238 2361 lectum
257 2312 302 2372 sit,
321 2313 512 2376 perlectionem
523 2315 663 2377 attingam»
701 2315 780 2378 potita
802 2313 955 2377 ingeniosus
978 2325 1038 2363 sese
1061 2314 1157 2364 inratra
1177 2329 1225 2366 ve-

136 2398 192 2435 non
209 2397 287 2435 vero:
310 2385 371 2436 «ubi
388 2388 441 2437 iam
457 2388 606 2452 perlectum
623 2389 664 2437 vl·
701 2392 772 2439 xet.»
797 2389 880 2439 Vetus
905 2391 994 2438 autem
1019 2401 1049 2437 ea
1071 2388 1226 2454 disceptatio

136 2459 248 2518 deutur,
267 2473 359 2511 rursus
372 2465 462 2512 tamen
475 2461 663 2526 expoliendum
702 2463 771 2512 inter
780 2463 904 2512 Graecos.
919 2461 1092 2524 Epicharmus
1101 2463 1224 2526 apstcb.

137 2533 344 2586 est.»codicnm
353 2534 453 2599 aliquot
462 2549 580 2586 errorem
589 2551 665 2599 prae-
701 2536 743 2597 29,
756 2535 801 2586 st:
817 2529 845 2583 ‘A
861 2533 892 2582 riti
907 2531 1013 2597 μελέτα
1029 2531 1137 2598 φύσιος
1154 2531 1226 2602 ἀγα-

136 2614 231 2659 sectnm
248 2609 365 2660 editores
382 2609 499 2660 nonnulli
516 2624 548 2660 ac
562 2609 665 2661 l-'oreei-
701 2605 759 2670 θᾶς
775 2605 882 2657 πλεῦνα
898 2606 1042 2678 δωρεῖται,
1061 2608 1151 2670 φίλοι.
1171 2613 1225 2661 Cri·

137 2682 221 2742 liuns,
237 2681 396 2733 Lambinum
408 2687 435 2734 et
446 2682 595 2735 Bentleium
605 2697 666 2747 spe·
701 2683 751 2731 tias
770 2678 832 2729 ibid.
847 2681 892 2729 iti:
908 2675 957 2730 Ἕκ
973 2680 1094 2748 μελέτης
1111 2682 1226 2746 πλείους

137 2755 573 2822 ciosaiectionedcceptossecuti,
588 2769 665 2819 prae·
702 2747 722 2819 ἢ
739 2749 855 2815 φύσεως
865 2749 981 2820 ἀγαθοί.
1003 2754 1084 2806 Aliter
1095 2757 1225 2807 Pindarus

138 2831 268 2889 tulerunt;
287 2831 336 2882 sed
353 2833 426 2881 recte
443 2833 494 2882 Fea
511 2831 602 2882 docuit
612 2843 664 2877 nn·
701 2828 805 2892 Olymp.
818 2829 843 2888 i,
856 2829 888 2878 86
900 2841 961 2894 sqq.
981 2830 1055 2892 (Vide
1072 2831 1107 2881 ad
1119 2845 1145 2880 v.
1157 2831 1225 2892 408.)

136 2907 197 2970 gnis
214 2905 328 2969 praecisi
344 2907 370 2956 in
385 2907 437 2956 bac
447 2904 538 2956 ultima
551 2902 663 2967 politura
702 2903 740 2954 Ci.
761 2903 839 2952 etiam
857 2903 963 2953 aristot.
978 2905 1050 2954 Petit.
1064 2905 1107 2968 44,
1125 2905 1154 2956 l:
1170 2899 1226 2956 Εὕ-

137 2977 241 3030 nntium
261 2993 322 3031 esse
344 2993 449 3030 usum.»
473 3007 500 3015 -
522 2975 662 3042 emicuerit]
701 2973 797 3041 φυοῦς
821 2973 839 3042 ἦ
858 2975 993 3046 ποιητική
1011 2979 1089 3031 ἐστιν
1105 2975 1126 3046 ἧ
1140 2995 1226 3046 μανι-

138 3051 320 3116 rexpoiinit3»
348 3051 425 3105 simili
450 3052 606 3115 metaphora
635 3053 665 3101 ni
700 3051 774 3104 κοῦ·
801 3049 910 3103 τούτων
932 3049 987 3126 γὰρ
1004 3055 1103 3121 οἱμὲν
1120 3049 1226 3107 εὔπλα-

136 3129 251 3178 coercuit
277 3127 418 3191 desumpta
446 3125 481 3176 ab
510 3124 661 3176 arboribus.
701 3143 782 3190 οτοι,
809 3127 840 3177 οἱ
862 3125 893 3178 δὲ
909 3127 1074 3182 ἐκστατικοί
1090 3131 1171 3182 εἰσιν.
1197 3155 1223 3166 -

136 3202 273 3264 Tbcophr.
285 3203 314 3252 C.
325 3200 363 3252 Pi.
374 3203 385 3249 i
396 3217 402 3251 ε
415 3196 546 3262 κολάζειν
554 3196 590 3249 τὰ
601 3197 664 3249 δέν·
701 3203 866 3267 Dmmeitnc]
885 3203 923 3254 Ci.
938 3205 1003 3268 Epp.
1019 3206 1042 3266 i,
1056 3207 1096 3266 42,
1110 3207 1150 3258 42,
1170 3207 1223 3256 Cic.

136 3273 202 3347 ripa.
220 3275 310 3326 Pollux
327 3276 357 3336 6,
377 3274 437 3325 itt:
465 3287 663 3346 capesseban-
702 3276 736 3326 de
749 3277 792 3326 0r.
806 3277 831 3337 2,
844 3275 888 3338 ib,
903 3277 963 3328 iiii:
982 3279 1062 3341 Saepe
1073 3281 1159 3328 andivi
1167 3281 1227 3341 pot·-

136 3352 223 3415 μένα,
241 3347 533 3414 κεκολασμένα,
556 3343 663 3412 altegra-
701 3355 754 3399 tam
771 3349 862 3399 bonum
878 3351 1054 3414 nominanda
1070 3352 1136 3412 pacti
1150 3355 1227 3402 aDc·

137 3425 214 3490 μένα
233 3421 292 3472 κτλ.
322 3421 444 3474 Pbiiostr.
464 3425 511 3487 Ep.
530 3424 576 3473 73:
604 3420 664 3486 (Aa
701 3425 807 3472 mocrito
829 3423 974 3473 stPiatouc
996 3425 1142 3486 inscriptis
1165 3425 1227 3475 reit-

137 3496 256 3561 σχίνου)
271 3491 326 3547 οὐκ
342 3490 464 3560 ἀφανῶς
481 3493 549 3561 τοὺς
566 3493 664 3549 dauid-
701 3503 769 3547 etum
785 3509 835 3546 csso
851 3495 945 3559 dimini)
962 3497 1014 3546 siue
1030 3498 1228 3561 inflammatione

136 3587 209 3640 γους
220 3568 401 3635 κολάζοντος.
421 3571 540 3622 Verbum
552 3585 568 3622 e
579 3571 664 3622 verbo
702 3572 846 3622 animorum
863 3571 979 3620 camatero
988 3583 1061 3633 posse
1071 3577 1094 3620 et
1104 3571 1157 3620 sine
1168 3585 1227 3632 qao

138 3647 292 3712 exprimere
315 3647 401 3710 poturit
417 3645 571 3699 bioiievant:
599 3647 666 3697 Stis
702 3647 762 3695 dam
783 3645 875 3710 afflata
900 3645 971 3706 paeri
995 3645 1097 3707 furoris.
1125 3645 1163 3694 De
1182 3645 1227 3696 Di·

137 3727 218 3782 tsmpr
227 3719 270 3770 n'a
281 3721 327 3770 dte
342 3721 391 3783 scis
409 3721 516 3771 citatis
529 3733 574 3770 soa
586 3720 663 3777 ecrit,
702 3722 757 3770 rin.
771 3721 795 3779 4,
808 3717 848 3780 37,
862 3719 906 3770 80:
925 3721 1006 3782 Nepai
1019 3719 1072 3770 sinc
1081 3717 1169 3781 [irrora
1179 3719 1228 3769 Ds-

139 3795 465 3859 Goupycontrarstoaciia.
473 3793 664 3859 -ndanpnemi
702 3793 821 3843 mneritas
834 3805 984 3855 qumquam
994 3795 1097 3856 poetam
1109 3807 1229 3856 mapnnm

139 3868 305 3918 Vidadsat.
320 3869 437 3930 t,5‚3t:
456 3870 608 3931 adaequem
618 3869 667 3918 Fa-
704 3881 754 3918 essa
775 3879 866 3929 posse:
893 3869 958 3930 qaod
983 3869 1048 3917 idem
1070 3869 1129 3918 dicit
1149 3867 1226 3917 Plato.

138 3947 195 3992 atra
205 3943 286 3992 bomo.
308 3943 351 3992 Sic
362 3941 511 4006 Polycletus
523 3942 612 3992 dicere
625 3955 668 3992 so-
704 3941 814 4004 Scripsii
832 3942 921 4000 autem
940 3939 982 3990 iiie
1003 3941 1066 4012 περὶ
1084 3937 1228 4004 ποιήσεως

139 4016 222 4077 lebat¹
235 4013 437 4074 χαλεπώτατον
447 4011 560 4068 εἶναιτὸ
571 4009 665 4087 ἔργον,
704 4019 731 4065 et
749 4015 811 4085 περὶ
819 4008 954 4085 Ὁμήρου.
974 4017 1048 4079 Diog.
1062 4017 1088 4064 L.
1103 4015 1127 4074 9,
1141 4013 1181 4064 48.
1198 4041 1224 4050 —

140 4084 214 4140 ὅταν
230 4089 262 4141 ἐν
279 4085 363 4152 ὄνυχι
380 4087 397 4141 ὁ
416 4087 508 4157 πηλὸς
526 4092 664 4158 γίγνηται.
705 4090 769 4140 bona
777 4089 850 4154 pars]
869 4103 979 4154 prorsus
992 4093 1095 4146 uiuos,
1115 4087 1162 4138 cin
1178 4101 1229 4152 pa·

141 4167 252 4228 Dionys.
261 4164 476 4230 Halictipdbl:
488 4165 666 4232 ἐκμέμακται
705 4171 751 4216 ter
769 4165 858 4216 risit.
879 4165 918 4215 Ci.
932 4165 979 4215 Od.
994 4163 1023 4224 i,
1036 4163 1062 4224 2,
1075 4161 1115 4213 iti.
1135 4163 1187 4212 Sat.
1203 4163 1226 4220 4,

142 4232 295 4300 εῑςὸνυχα.
309 4239 545 4306 Piut.8ymp.6,i:
561 4233 668 4310 ῆάκρι-
705 4243 735 4302 4,
755 4239 795 4290 ct.
817 4267 844 4275 —
863 4253 912 4289 non
929 4251 1023 4302 nepaes
1036 4249 1130 4300 pariere
1146 4237 1228 4298 curat]

1147 4327 1166 4366 a
