2925 4892
536 371 595 422 uit.
614 373 645 424 11.
680 375 749 428 SAT.
767 377 810 427 lll.

178 521 381 612 Chrysippus
402 526 493 611 ponit
513 525 651 595 secunde
672 531 705 594 in
726 543 822 619 gente
846 535 980 604 Meneni.

177 644 335 731 luppiter,
360 645 508 732 ingentes
529 649 585 734 qui
607 648 667 717 des
690 651 872 743 adimisque
895 656 1041 736 dolores,

176 766 278 830 ldeter
299 765 344 832 eit
364 767 457 853 pueri
480 789 610 836 menses
633 772 699 837 iem
717 775 863 864 quinque
885 777 1049 855 euhantis,

178 886 306 973 Frigida
328 889 356 952 si
377 909 516 976 puerum
536 901 695 978 quertene
716 894 898 984 reliquerit,
923 899 977 967 illo
1157 905 1222 972 290

174 1007 268 1074 liene
289 1007 360 1085 die,
383 1019 506 1097 quotu
528 1010 643 1078 indicis
665 1014 799 1094 ieiunia,
822 1017 930 1086 nudus

173 1128 210 1192 ln
232 1127 338 1195 Tiberi
363 1130 467 1198 stabit
512 1132 616 1199 Casus
637 1134 825 1205 medicusve
846 1138 961 1208 levarit

162 1323 229 1384 neu,
249 1327 300 1388 (iet
314 1332 369 1378 torn
384 1327 526 1392 meorum?
550 1330 580 1380 tt.
599 1329 713 1382 Scheibe
730 1333 894 1388 Schneiden.
914 1339 1004 1392 Philet.
1024 1343 1053 1394 V.
1074 1357 1101 1410 p.
1119 1347 1186 1411 473.)

164 1427 194 1436 -
211 1405 293 1451 morte
309 1401 375 1452 Cod.
394 1402 509 1453 Tonsen.
539 1431 566 1440 -
592 1405 651 1456 486.
667 1407 743 1472 vomo
760 1422 776 1459 c
794 1412 820 1460 et
837 1423 906 1462 corr.
925 1415 951 1464 S.
981 1443 1004 1454 -
1031 1419 1088 1469 isi.
1106 1423 1187 1472 444444-

160 1472 299 1535 manusb.

128 1624 257 1687 ptun'enti
284 1625 422 1676 bominem
452 1628 534 1681 istum
565 1633 655 1680 mente
693 1629 753 1682 lert.
766 1633 924 1702 -cnbcntisJ
938 1643 1139 1702 negrotanns.»
1157 1644 1215 1696 vid.

128 1701 237 1761 ceptum
255 1711 344 1749 esse.»
370 1701 435 1760 «Qui
451 1702 655 1754 venduntmeu·
693 1707 728 1756 ed
745 1707 797 1758 Set.
818 1711 846 1770 4,
866 1712 894 1772 9,
914 1713 954 1762 48.
976 1743 1003 1751 -
1022 1717 1064 1766 ilio
1080 1719 1216 1780 44444444,

128 1773 212 1836 opio,
230 1771 320 1823 solent
334 1774 387 1823 hoc
398 1773 532 1826 adiicere:
551 1777 656 1828 SANUS
691 1796 741 1844 pue
759 1789 787 1834 tn
806 1785 870 1849 444]
888 1787 931 1838 (444
954 1790 1033 1852 igitur
1052 1793 1135 1856 Iovis,
1162 1807 1217 1859 quo

127 1847 274 1898 CORPORE
284 1848 467 1899 eruntne.»
485 1852 577 1901 Pone.
597 1853 651 1902 Cio.
691 1855 814 1910 homines
831 1861 987 1926 orientales,
1006 1865 1109 1928 ludaei,
1127 1868 1216 1933 Aegy-

126 1921 161 1971 de
178 1921 254 1971 04444.
275 1922 305 1982 3,
332 1924 375 1983 47,
401 1924 448 1973 ii:
476 1926 528 1974 Nec
548 1939 609 1975 vero
627 1928 655 1975 in
690 1932 737 1995 ptii
759 1933 885 1985 ieiunium
903 1949 1012 1989 seruere
1029 1943 1057 1991 et
1078 1942 1104 1992 iu
1126 1943 1216 1998 flumi-

124 1997 238 2058 praertiis
253 1997 335 2044 444444
350 1997 518 2047 recem„
528 2001 653 2050 mutan
690 2006 769 2058 nibus
779 2009 900 2073 explendi
914 2023 944 2062 se
954 2016 981 2062 et
991 2017 1121 2078 purgandi
1134 2031 1215 2070 conse

125 2071 292 2132 [muneque
309 2072 437 2130 44444444·
460 2074 504 2122 ted
526 2075 603 2124 etiem
626 2076 654 2123 in
689 2078 772 2130 lever-i
797 2081 927 2135 solebant.
972 2088 1047 2139 Coni.
1069 2093 1159 2142 iuven.
1184 2093 1213 2154 6,

125 2147 313 2207 menapiorum
345 2147 485 2197 conditione
518 2149 654 2198 venditoris
689 2155 758 2214 522,
784 2155 830 2205 ubi
852 2157 948 2209 lemine
969 2165 1153 2226 superstitiose
1172 2165 1216 2216 Hi·

125 2220 198 2283 44444
221 2223 303 2268 mnnis
325 2221 475 2270 4444444444.
512 2223 563 2293 Oui
586 2222 653 2271 enirn
688 2227 793 2278 4444444
817 2231 902 2293 fracto
928 2233 1010 2296 plocio
1036 2239 1161 2289 4444444444
1187 2240 1214 2290 in

126 2297 189 2344 44444
199 2294 297 2355 weit,
316 2295 473 2357 4444444444,
486 2297 516 2345 de
531 2297 604 2360 supa,
623 2298 653 2346 444
688 2313 801 2363 osunen,
822 2304 867 2353 Ter
881 2309 1006 2359 malenino
1024 2309 1104 2362 Tiberi
1119 2327 1215 2378 merae·

125 2369 209 2432 Mis,
220 2373 336 2430 praestat
345 2369 425 2419 edicto
433 2371 560 2421 4444444444.
575 2373 649 2423 coni.
687 2380 730 2424 tur
741 2381 764 2426 44
779 2378 839 2440 ipris
856 2381 991 2432 Vorticibus
1006 2385 1121 2436 timidrnn
1137 2393 1214 2450 capnt

126 2442 372 2504 sennenn,
391 2444 415 2493 4.
445 2446 544 2508 Digest.
563 2447 648 2496 init.
687 2450 777 2500 abluet.
817 2454 900 2516 (Hune
926 2455 983 2506 dies
1004 2471 1019 2508 e
1042 2463 1147 2524 septem
1172 2462 1213 2514 dis

125 2518 154 2566 T.
167 2519 195 2566 t:
216 2517 266 2578 Oui
280 2518 541 2581 mmmmm,
559 2522 651 2570 certio·
687 2525 844 2589 designandi
861 2541 965 2580 morem
981 2532 1128 2585 admodum
1140 2550 1213 2588 com-

123 2605 164 2641 444
187 2592 288 2655 [444444
314 2598 449 2656 emere,
484 2595 544 2656 quid
570 2596 651 2645 morbi
686 2613 798 2652 munem
821 2602 920 2652 lectum
944 2617 1004 2655 esse
1021 2607 1092 2670 epud
1115 2609 1213 2660 Rome-

123 2669 227 2728 nitiiqse
252 2668 343 2728 cuique
368 2669 413 2730 sit,
448 2671 506 2730 quio
530 2670 651 2734 [iodim
686 2687 736 2724 nos
757 2673 942 2725 demonstrent
964 2678 1044 2728 etiem
1068 2679 1161 2730 Tibull.
1181 2685 1210 2743 4,

123 2755 212 2792 mooe
235 2743 269 2791 n‘t
294 2755 395 2792 444444
419 2744 515 2793 remen
534 2759 586 2795 non
606 2747 647 2807 sit,
687 2747 713 2809 3,
742 2747 781 2798 48.
811 2749 860 2798 Dio
882 2749 956 2802 Cess.
978 2751 1021 2812 37,
1045 2753 1085 2803 48.
1109 2757 1136 2804 44
1156 2755 1210 2807 vti.

123 2819 258 2879 eodem
274 2817 370 2878 444444,
396 2831 454 2868 nnn
469 2831 501 2868 44
521 2820 650 2882 mancipio
686 2822 793 2872 dierum
810 2823 913 2886 picture
931 2826 1092 2890 Pompeiane
1110 2827 1136 2878 in
1152 2829 1213 2878 ilu-

122 2891 250 2952 eninm,
269 2893 440 2953 potornreete
456 2895 647 2955 pronuntiante.
685 2896 1034 2950 innotescentes.
1065 2902 1118 2952 Cir.
1139 2903 1158 2952 l.
1180 2903 1209 2954 C.

122 2966 368 3029 Coni.Epp.2‚2,
387 2967 433 3016 te:
458 2968 648 3032 Desnmnmos,
686 2971 756 3021 llere
773 2985 805 3020 on
828 2971 969 3022 4444444444
991 2975 1021 3038 of
1040 2975 1079 3026 444
1099 2978 1163 3038 depe
1186 2977 1217 3042 ο(

121 3047 259 3104 incepta
274 3041 338 3090 nibil
352 3046 376 3091 te
391 3044 413 3091 ri
427 3043 493 3107 sepa
509 3045 602 3096 444444.
617 3073 646 3083 -
681 3045 725 3094 444
750 3045 818 3094 44444
844 3046 872 3094 in
897 3047 1060 3112 Pbitoieptcat
1086 3052 1208 3102 44444444.

120 3117 172 3167 lior
199 3115 351 3180 4444444]
381 3119 647 3181 «superstitiosorum
685 3119 1020 3182 Cambridpet83t.1.)—
1038 3124 1211 3188 4444444114-

120 3189 345 3241 multitudinem.»
357 3215 384 3226 -
398 3191 558 3258 ctnpnppus]
570 3195 646 3245 cont.
684 3193 742 3256 guis
760 3194 785 3243 iu
804 3192 997 3246 oulemltetlbus
1014 3200 1211 3261 osuperstitio·

119 3265 172 3315 Set.
192 3266 221 3325 4,
248 3264 279 3325 3,
308 3265 356 3314 tre
381 3279 421 3328 sq.
443 3291 470 3302 -
489 3268 597 3330 4444444
621 3271 648 3319 tn
683 3268 720 3318 sis
738 3269 818 3317 etiem
834 3267 904 3316 inter
920 3268 1032 3330 gentiles
1042 3271 1140 3322 ieiuuie
1151 3285 1211 3324 ser·

118 3339 204 3404 perte]
234 3338 425 3402 fruentiore
451 3341 645 3407 Sippsebost.
684 3343 744 3390 vete
767 3353 828 3392 esse
849 3343 961 3391 testetur
982 3343 1157 3395 Tertullianus
1175 3345 1208 3395 de

118 3414 196 3464 Voss.
224 3441 252 3449 -
277 3414 383 3476 ueneni]
409 3415 524 3466 bominis
546 3418 646 3479 inseni,
683 3415 784 3465 ieiunio
806 3417 854 3464 itt:
884 3416 947 3464 Cum
967 3421 1047 3477 stupet
1068 3417 1165 3467 onolton
1187 3423 1210 3468 44

119 3491 182 3537 turm
201 3485 330 3537 omnibus
351 3485 423 3537 bene
444 3490 508 3539 noti.
544 3493 649 3542 «itene-
683 3494 740 3538 oret
755 3501 850 3550 444444,
876 3489 1038 3552 nudipedalia
1057 3492 1209 3542 4444444444-

117 3563 178 3612 nius
201 3561 252 3611 iuit
276 3559 326 3611 illis
349 3562 516 3626 temporibus
538 3565 647 3616 insonus
683 3564 926 3622 tw,··-lndoicum
943 3569 1009 3614 44444
1024 3565 1210 3618 4444444444-

116 3635 159 3685 vel
176 3639 253 3685 certe
271 3633 407 3699 plebeius,
431 3638 476 3700 qui
493 3637 578 3688 videri
596 3638 646 3690 voss
683 3653 730 3701 qen
747 3638 894 3688 celebratur.
915 3667 943 3675 -
963 3639 1041 3690 Casus
1057 3640 1119 3704 444]
1138 3641 1209 3692 «Etsi

115 3707 164 3758 luit
179 3724 197 3759 a
214 3711 352 3769 Menenio,
372 3711 418 3772 qui
428 3714 552 3763 senetum
563 3716 591 3763 et
601 3728 648 3779 po-
683 3713 795 3763 lortesse
817 3725 896 3763 cesus
916 3713 1072 3765 medicusve
1093 3727 1208 3778 puerum

115 3782 211 3845 pulum
227 3784 255 3832 in
270 3783 381 3845 gretiam
396 3784 509 3835 reduxit.
522 3811 562 3824 ·-
573 3789 646 3839 Unde
684 3801 717 3837 ex
739 3787 798 3850 ipso
820 3788 890 3836 vitee
913 3786 1032 3852 periculo
1056 3789 1208 3852 eripuerit.»

115 3857 257 3906 iteneniee
284 3856 404 3919 (comm.
431 3858 511 3924 Ctuq.
536 3860 646 3914 ridicule
683 3861 733 3910 Axt
750 3861 887 3911 contendit
897 3862 988 3912 Letine
1000 3861 1052 3912 diei
1063 3874 1115 3911 non
1127 3875 1208 3926 posse

114 3931 216 3992 4444444)
254 3929 380 3981 stultitiae
418 3931 461 3982 vel
498 3935 646 4000 ineptiae.»
682 3935 768 3984 leuare
783 3947 816 3984 44
832 3935 921 3996 atique
935 3947 965 3984 44
985 3948 1035 3986 neo
1058 3937 1142 3986 444444
1157 3937 1208 3986 444-

115 4006 213 4054 Peme.
249 4005 451 4058 «lleneniorum
476 4007 573 4060 lumilie
598 4011 648 4062 luit
682 4021 756 4069 enen
768 4009 879 4072 (morbo)
892 4023 926 4059 44
939 4011 1089 4072 praecipiti,
1107 4009 1207 4062 ideirco

116 4079 329 4141 superstitiose.»
359 4081 439 4130 Aeno.
682 4083 924 4147 interpungendum
942 4097 1017 4135 esse:
1036 4084 1114 4135 Cone
1128 4087 1209 4134 medi-

150 4150 278 4202 tes-sse.
308 4153 428 4216 ttppnor]
454 4153 574 4207 Aitemm
598 4169 646 4209 su-
681 4171 755 4208 onsoe
771 4159 876 4221 4444444,
902 4159 1012 4224 Aeprwn
1027 4172 1062 4210 44
1073 4160 1209 4222 4444444444

118 4225 280 4285 perstitionis
300 4227 409 4279 insenos
430 4229 585 4294 exemplum
605 4231 646 4283 et-
681 4237 765 4284 meter
781 4233 862 4285 deliro
872 4233 1208 4297 mmn--fntnnqnere-
