2925 4892
517 376 577 427 utu.
595 376 627 427 ll.
662 376 762 428 lister.
781 376 812 427 ll.
1150 372 1212 439 667

162 536 197 599 ln
219 552 323 600 vacuo
344 532 449 599 laetus
470 552 581 599 sessm
600 531 799 621 plausorque
821 532 961 611 theatro;
1150 529 1212 595 tao

161 656 279 722 Cetera
299 654 356 742 qui
378 654 463 721 vitae
485 664 632 721 servaret
651 654 762 721 munia
784 664 873 721 recto

160 776 266 851 tiore,
290 775 396 841 bonus
417 796 497 842 sane
517 776 658 854 vicinus,
681 774 829 843 amabilis
850 774 986 863 hospes,

161 897 272 965 Comis
294 896 326 962 in
347 916 498 973 uxorem,
521 906 634 984 posset
654 898 710 984 qni
735 896 904 983 ignoscere
925 896 1030 963 servis

162 1018 201 1084 lit
222 1018 315 1105 signo
337 1016 428 1086 laeso
449 1038 514 1085 non
538 1018 680 1085 insanire
701 1016 853 1106 lagonae,

187 1260 245 1313 tal.
263 1261 332 1326 ttouo
347 1278 375 1327 y,
393 1262 461 1313 teste
478 1259 597 1313 Bondelo
614 1260 650 1313 ad
666 1262 719 1313 Sat.
739 1263 764 1325 t,
783 1263 808 1321 7.
826 1261 868 1313 82.

120 1488 228 1545 rentur,
254 1497 309 1535 non
329 1496 398 1549 quae
420 1483 580 1548 decipiant.»
607 1485 649 1537 De
685 1482 782 1535 notitia
818 1485 890 1553 allio
916 1486 1000 1547 Lycas
1026 1486 1113 1537 dictus
1138 1488 1211 1537 est·

120 1562 208 1611 semet
225 1560 283 1623 ipso
299 1558 368 1609 haec
385 1558 448 1609 dicit
467 1570 530 1609 cum
547 1558 650 1623 perspi·
687 1560 772 1609 Coun.
793 1558 872 1616 Cano.
894 1586 920 1595 -
946 1559 1029 1623 Arpis]
1055 1562 1101 1611 Est
1126 1574 1157 1611 ex
1181 1562 1212 1612 iis

120 1647 170 1683 cue
187 1634 289 1695 mnia,
305 1632 392 1697 probe
409 1633 534 1683 conamus
549 1646 580 1683 so
596 1646 649 1683 nec
685 1633 816 1695 historiis,
843 1646 912 1698 quae
935 1634 965 1685 in
980 1634 1078 1687 scholis
1094 1634 1213 1699 philoso-

119 1708 236 1759 delirum
269 1719 359 1769 neque
388 1708 509 1771 ineptum
540 1710 648 1770 poetam
685 1708 802 1771 phorum
825 1710 925 1759 narrari
949 1708 1080 1759 solebant.
1114 1710 1212 1761 Similia

120 1794 191 1833 csse.
222 1780 290 1831 tlale
307 1780 349 1831 olii
366 1780 433 1831 haec
449 1781 549 1831 lioratti
564 1780 648 1833 verba
685 1782 768 1833 relert
787 1782 821 1833 de
839 1781 976 1846 Thrasyllo
993 1784 1146 1835 Atheniensi
1163 1786 1213 1834 Ae-

120 1854 249 1906 iocularia
272 1856 344 1905 serio
362 1855 481 1907 tribuunt
497 1856 589 1906 nescio
605 1856 649 1907 cui
685 1854 771 1908 lianus
788 1858 819 1907 V.
833 1858 865 1907 H.
877 1856 903 1920 l,
916 1860 973 1919 th..
996 1858 1069 1909 idem
1087 1858 1121 1909 de
1138 1857 1213 1923 Aby-

119 1932 218 1995 poetae
235 1928 320 1989 malo,
339 1931 433 1993 quiite
445 1943 506 1981 sese
518 1930 649 1981 deiende-
685 1928 757 1982 deno
775 1930 892 1995 quodam
909 1932 1099 1983 Pseudaristot.
1118 1933 1152 1984 de
1164 1934 1214 1983 ml-

120 2006 163 2055 rit.
179 2032 207 2039 -
225 2003 307 2067 duat]
324 2006 433 2068 Proprie
445 2004 649 2068 nundinantur
686 2004 744 2055 rab.
763 2008 842 2056 Auso.
856 2006 898 2056 aa.
915 2018 941 2070 p.
955 2007 996 2057 70.
1015 2007 1137 2057 declam:
1156 2006 1211 2059 Λέ-

119 2090 212 2138 oenes,
225 2090 289 2127 cum
299 2078 397 2128 rictum
408 2077 568 2139 diducendo,
583 2080 650 2130 den·
685 2094 767 2146 perat
782 2077 814 2131 δέ
830 2094 894 2130 τινα
910 2080 942 2133 ἐν
957 2073 1064 2148 Ἀβύδῳ
1081 2096 1102 2131 π
1177 2078 1212 2132 ό-

120 2158 162 2205 tes
179 2152 349 2204 osundendo
365 2156 394 2203 et
409 2153 546 2205 hinniendo
562 2154 649 2203 viato-
686 2162 789 2218 ψαντα
804 2154 840 2227 τῇ
856 2153 972 2225 διανοίᾳ
988 2158 1038 2207 ent
1049 2158 1090 2219 εἰς
1101 2172 1135 2207 το
1147 2156 1213 2208 θέα-

120 2227 197 2279 rihus
219 2240 326 2277 mamus
342 2228 514 2287 minitantur;
539 2229 647 2278 Terent.
685 2244 755 2299 spon
771 2226 931 2301 ἐρχόμενον
948 2230 995 2281 ἐπὶ
1015 2227 1124 2294 πολλὰς
1140 2227 1213 2297 ἡμέ-

119 2303 229 2354 phorm.
242 2302 274 2360 2,
290 2302 319 2359 2,
339 2302 385 2351 27:
411 2302 455 2352 lltc
469 2304 595 2365 riopttur,
621 2308 649 2353 tu
687 2318 741 2373 ρας
765 2306 885 2377 dawprtv
912 2300 952 2367 ὥς
980 2301 1213 2376 ὑποκρινομένων

119 2378 220 2433 videon
245 2374 292 2424 ubl
313 2377 445 2427 Muclus:
473 2377 586 2441 «lllopt
607 2378 650 2427 est
687 2372 1098 2445 τινῶνκαὶέπισημαίνεσθαι·
1113 2381 1163 2430 καὶ
1173 2374 1213 2443 ὥς

120 2449 286 2503 stomachari
302 2451 427 2509 tacitum
446 2453 575 2501 ostentm
593 2455 650 2503 tra·
686 2454 814 2519 κατέστη
832 2450 884 2519 τῆς
900 2453 1085 2523 παρακοπῆς,
1103 2448 1213 2521 ἔφησεν

119 2524 184 2577 letio
200 2538 217 2574 u
235 2524 348 2575 cauilms
364 2524 523 2577 intraturis.»
542 2526 597 2577 Cic.
614 2526 649 2575 ad
687 2522 894 2595 miserescito]
912 2525 963 2578 τὸν
984 2527 1093 2599 χρόνον
1111 2524 1214 2594 ἥδιστα

119 2601 175 2651 tu.
192 2599 225 2659 l,
243 2601 273 2658 u.
291 2601 321 2650 2:
352 2600 579 2664 haemonam,
606 2601 651 2662 out
685 2600 858 2662 βεβιῶσθαι.
895 2606 932 2651 Aa
952 2602 1112 2653 simillimam
1129 2605 1214 2653 histo-

119 2676 211 2725 oillom
225 2688 266 2724 me
280 2674 380 2725 mohrte
388 2676 474 2737 sorau
482 2674 581 2726 hohor.
603 2676 651 2725 Est
686 2677 755 2725 riam
774 2676 808 2726 de
820 2675 900 2727 nobili
913 2674 1083 2726 adolescente
1096 2678 1213 2741 Hispano

121 2762 201 2813 ergo:
221 2749 398 2800 «stomachari
409 2750 437 2799 et
447 2750 568 2810 cruciari,
586 2762 649 2801 mm
687 2749 824 2814 eleganter
841 2752 930 2801 namat
947 2750 1045 2805 lluarte
1056 2752 1173 2801 Examen
1184 2752 1215 2801 de

119 2824 223 2885 raptum
239 2823 364 2887 quidem,
381 2823 408 2873 id
427 2825 469 2875 est
484 2825 571 2873 norim
586 2824 650 2873 artis
686 2825 799 2888 lnporum
819 2838 890 2887 poro
914 2826 953 2874 tas
976 2824 1091 2875 cicadas
1126 2826 1166 2875 Eo
1188 2825 1214 2875 lo

120 2896 244 2961 regulus.
267 2910 318 2949 nec
340 2901 430 2949 umen
446 2899 479 2949 iis
496 2899 649 2949 satisiacere
687 2900 730 2962 off.
749 2900 856 2949 Ptootto.
876 2898 949 2949 ⁴593.
973 2897 1026 2949 Fol.
1043 2898 1084 2950 ³8.
1119 2898 1213 2950 Forma

121 2984 237 3037 queam,
254 2984 287 3021 ao
303 2976 446 3036 propterea
463 2974 586 3023 mihimet
599 2973 651 3036 ipsi
687 2973 772 3036 Arpos
788 2986 837 3037 pro
849 2974 957 3037 Arpinus
968 2976 1010 3024 est
1021 2972 1130 3037 quidem
1142 2972 1213 3037 apnd

121 3050 207 3099 iratus
223 3049 384 3112 perspiciam
399 3060 460 3098 men
470 3050 533 3097 vitia
546 3052 574 3098 et
584 3062 651 3112 pec·
687 3046 771 3097 Pluut.
794 3048 925 3112 Amphitr.
949 3047 1018 3099 Prol.
1038 3048 1092 3109 ⁹8..
1119 3060 1214 3098 verum

121 3126 221 3181 oetan
248 3122 345 3185 quibus
369 3136 464 3173 rursus
489 3124 651 3173 adversariis
689 3122 796 3173 lloretio
813 3122 892 3173 tribui
904 3135 956 3172 nou
968 3126 1065 3187 potest.
1081 3150 1109 3159 -
1126 3124 1214 3173 cetero

121 3196 340 3259 corengouen,
365 3200 396 3246 ut
418 3198 444 3247 in
463 3197 589 3247 omnibns
606 3210 651 3246 re·
688 3198 732 3258 past
749 3196 812 3260 cet]
830 3197 971 3257 «Quamvis
986 3210 1035 3260 per
1047 3196 1160 3247 candem
1172 3198 1215 3246 in·

121 3272 189 3332 hus,
214 3272 248 3320 ite
265 3272 395 3334 imprimis
411 3272 438 3321 in
455 3276 529 3336 poesi
547 3270 651 3321 dillioil-
688 3272 792 3321 santam
811 3270 912 3334 reliquo
929 3273 999 3319 vitae
1020 3272 1123 3333 negotia
1140 3273 1214 3321 recte

121 3348 216 3399 limam
247 3356 309 3395 esse
338 3346 431 3409 optimi
458 3346 651 3410 perfectionem
688 3356 721 3393 ec
738 3344 885 3407 prudenter
896 3347 1116 3405 exsequeretur.»
1130 3356 1215 3393 -re-

121 3418 421 3484 atquemsolutionem.
443 3421 651 3483 interrogatione
689 3423 728 3467 cto
739 3418 818 3481 liora]
839 3430 968 3481 «prorsus
985 3418 1015 3466 nt
1031 3416 1112 3465 ceteri
1131 3416 1215 3466 homi-

122 3495 216 3545 antem
234 3506 296 3543 cum
314 3492 445 3545 Glareano
462 3494 574 3558 aliisque
591 3496 652 3558 post
690 3492 812 3541 nessani
831 3504 863 3541 ex
880 3494 987 3553 recepta
1007 3488 1090 3540 semel
1103 3501 1215 3538 consue-

121 3584 149 3619 ν.
172 3570 244 3632 riupt
268 3569 353 3633 posite
377 3570 462 3619 ironia
478 3570 561 3634 perit,
588 3581 652 3619 sen-
689 3568 781 3617 tudine
793 3568 818 3616 in
829 3565 953 3616 omnihus
963 3565 1213 3627 rehnssegerunt.»

122 3645 208 3695 wuda
226 3645 283 3707 ipse
301 3643 470 3695 ohscuratur.
691 3668 719 3677 -
739 3641 817 3691 horus
832 3640 1017 3704 muccinium]
1044 3638 1214 3689 «Commoda

157 3718 651 3782 tusam.1²=et]·s10‚»tnquu,·onm
689 3717 833 3766 occasions
851 3716 982 3779 percurrit
998 3716 1083 3766 officia
1096 3715 1158 3764 honi
1171 3728 1216 3778 pa-

123 3794 204 3843 notus
221 3790 264 3841 ille
280 3792 390 3856 &phur
405 3794 498 3843 detines
509 3795 599 3842 mente
611 3805 653 3840 re·
689 3792 737 3841 tris
750 3788 888 3840 inmittas.»
906 3792 999 3839 Ponrn.
1015 3818 1041 3827 -
1057 3788 1147 3852 posset]
1164 3788 1216 3838 ale-

124 3870 202 3930 cepta
228 3880 323 3917 rursus
349 3868 474 3929 sapiebat,
505 3867 653 3930 riopehotur
690 3864 740 3915 cilo
766 3877 781 3913 a
803 3877 833 3913 se
856 3864 1038 3926 impetrarem
1067 3865 1112 3913 Vis
1137 3864 1215 3913 huius

125 3945 197 4003 (sese
209 3941 390 4003 excruciabat)
402 3944 513 4005 propter
523 3940 653 3990 violenter
689 3939 765 3988 verbi
783 3938 929 3989 admodum
948 3942 1060 4001 augetur
1076 3951 1123 3999 eo,
1142 3936 1215 4000 quod

124 4014 176 4065 sibi
202 4018 332 4065 extortam
363 4017 489 4067 continuo
513 4015 651 4079 spectandi
690 4014 733 4065 his
744 4014 872 4077 deinceps
885 4013 917 4075 (v.
930 4013 986 4063 433.
1002 4012 1143 4074 stultit.)
1156 4024 1216 4075 pro-

124 4090 276 4152 tragoedias
301 4088 496 4153 voluptatem·
527 4118 554 4126 -
584 4091 653 4139 houd
690 4089 789 4139 nomini
808 4087 917 4137 relatiio
931 4089 1111 4151 praepositum
1124 4088 1173 4135 cst.
1186 4112 1213 4121 —

124 4164 249 4227 ipsohtlts]
275 4166 305 4215 llt
330 4166 425 4214 Cicero
452 4164 591 4228 aliquoties
616 4163 650 4214 de
689 4165 760 4227 sipon
782 4163 865 4224 tasso]
892 4162 1121 4225 quemadmodum
1144 4160 1214 4209 servi

125 4238 332 4302 municipiorum
342 4237 652 4289 incoliszoirdomtauoc
689 4238 774 4287 vinosi
802 4237 937 4288 interdum
966 4236 1073 4300 lagenas
1096 4235 1215 4285 exsicca-
