2925 4892
498 374 557 424 hlB.
578 375 596 424 l.
635 375 703 424 SAT.
722 376 764 424 lV.

151 527 309 604 Custodes;
332 526 500 594 videamus
523 536 597 594 nter
617 527 690 616 plus
713 529 858 598 scribere
881 533 993 619 possit.

151 647 184 713 lli
203 647 282 714 bene
303 648 460 727 lecerunt,
484 649 590 737 inopis
613 669 666 716 me
688 650 847 739 quodque
868 653 975 740 pusilli

151 769 307 836 linxerunt
328 769 442 848 animi,
466 789 541 836 raro
563 781 596 837 et
617 791 784 858 perpauca
804 771 977 861 loquantis.

149 893 182 955 tlt
200 901 230 955 tu
250 890 418 958 conclusas
439 890 572 958 hircinis
595 891 724 960 lollibus
746 914 860 972 aoros,
900 920 906 934 ·

146 1011 242 1098 Usque
262 1010 461 1088 laborantes,
485 1012 563 1078 dum
585 1009 706 1081 lerrhm
728 1012 850 1081 molliat
872 1015 968 1103 ignis,
1137 1020 1179 1084 20

146 1131 178 1198 Ut
196 1132 309 1208 mavis,
334 1133 469 1200 imitare.
513 1135 632 1201 Beatus
655 1133 795 1202 Formias
817 1135 901 1202 ultro

166 1291 200 1340 ts.
217 1292 351 1354 ιοακαυαη
369 1291 461 1343 Lamb.
481 1294 550 1343 coni.
571 1306 657 1357 eoque
669 1295 779 1344 auctore
791 1293 934 1346 Bentleius.
951 1324 978 1332 -
996 1297 1146 1360 2⁰.me

136 1365 186 1414 dani
199 1383 223 1432 y.
237 1392 263 1402 -
277 1368 387 1417 meollict
403 1366 538 1418 Bentlelus
556 1368 718 1419 coniectura.

108 1497 177 1545 parca
186 1486 310 1548 muenia]
323 1487 474 1548 «taciturni,
488 1499 542 1538 non
554 1500 614 1551 gar-
649 1486 736 1539 Sicllia
753 1500 777 1538 a,
796 1501 823 1538 u.
842 1502 866 1538 c.
884 1489 954 1550 tto,
978 1491 1023 1554 qul
1044 1497 1106 1556 post
1125 1508 1177 1558 pu-

110 1558 170 1608 mlin
199 1561 287 1611 Senon.
316 1561 428 1612 Animus
449 1564 539 1612 autem
562 1575 612 1612 au·
648 1575 728 1625 gnam
745 1561 944 1627 Philippensem
960 1568 1126 1632 proscriptus
1142 1569 1176 1618 ad

109 1636 155 1682 ator
168 1637 205 1685 est
218 1636 348 1686 sermonis
359 1633 402 1685 vel
419 1637 494 1699 parci
511 1634 553 1686 vel
568 1649 612 1686 co·
648 1636 708 1686 Ser.
734 1636 892 1699 Pompeium
914 1637 980 1700 tagit
1003 1642 1030 1688 et
1052 1653 1077 1689 a.
1100 1654 1126 1690 u.
1149 1657 1173 1692 c.

108 1707 169 1770 piosi.
195 1710 221 1759 C.
236 1712 339 1760 Passow
349 1709 461 1760 contulit
476 1711 609 1774 aristoph.
648 1709 704 1758 7⁴9.
719 1708 754 1758 ad
766 1709 799 1760 ll.
813 1709 957 1759 Antonium
974 1710 1090 1775 deiecit.)
1110 1715 1176 1764 lieri

107 1781 201 1833 hohern.
220 1783 280 1834 l85:
299 1775 430 1849 ἅγενῦκ,
449 1776 611 1834 dedimam
648 1782 758 1845 quidem
776 1783 875 1846 potuit,
900 1785 930 1832 ut
946 1785 1045 1834 llorotii
1065 1787 1176 1840 Fannius

107 1852 225 1924 καρδία,
250 1851 362 1907 'Arcto'
388 1857 500 1919 ἐκεῖσε,
534 1849 611 1926 κᾷτα
648 1857 715 1906 mira
735 1857 853 1906 vanitate
875 1857 983 1909 inflatus
1006 1857 1088 1911 libros
1112 1874 1177 1913 suos

106 1925 156 1993 τὴν
176 1929 331 1998 κεφαλὴν
352 1930 415 1983 ἐκεῖ
436 1929 609 2004 Παράσχες,
648 1933 675 1981 et
695 1931 840 1994 imaginem
863 1929 933 1982 ultro
954 1931 1073 1984 deierret
1088 1935 1115 1985 iu
1132 1935 1176 1987 bi·

105 2002 222 2056 electio·
238 1999 300 2056 ἅττ’
312 2000 351 2056 ἂν
367 2000 442 2077 αὐτῇ
459 2009 509 2058 σοὶ
525 2005 608 2079 δοκῇ.
647 2003 811 2058 bllothecam
829 2005 864 2056 ab
881 2007 970 2057 hsinio
987 2007 1119 2070 Pollione,
1146 2015 1176 2062 ut

106 2081 254 2130 -eoncluras
265 2082 330 2143 cet]
341 2079 494 2132 verbosum
512 2095 545 2132 ac
557 2085 611 2132 tur-
647 2081 683 2130 alt
700 2079 799 2132 Plinius
814 2081 846 2130 ll.
858 2082 889 2132 N.
904 2083 934 2143 t,
952 2081 1005 2144 ³0,
1019 2083 1175 2145 parociam

104 2153 176 2214 gidum
197 2168 281 2218 genus
304 2155 440 2206 scribendi
463 2157 608 2220 significat,
647 2167 670 2204 a.
691 2167 717 2204 u.
736 2169 761 2205 c.
780 2155 838 2205 illi.
868 2155 903 2217 lin
928 2169 981 2219 qua
1007 2158 1083 2218 tunc,
1111 2172 1174 2209 cum

105 2227 150 2288 ipso
162 2242 254 2280 versus
271 2241 337 2280 sono
355 2229 422 2280 tollis
433 2229 541 2281 sibilum
553 2245 612 2282 cre-
647 2227 821 2289 conderetur,
851 2230 887 2279 ll.
919 2229 1025 2280 tuentii
1054 2233 1176 2282 Varronis

103 2301 221 2368 pitunque
242 2305 370 2356 imitatus.
391 2333 419 2342 —
436 2305 544 2370 soltibqu
566 2307 610 2356 ln·
646 2305 720 2354 amita
744 2304 850 2354 moeniis
872 2304 956 2365 posita
979 2305 1064 2369 anano
1085 2307 1172 2371 orat),

104 2389 150 2426 ven.
166 2379 193 2439 l,
219 2379 285 2430 tit:
316 2379 383 2430 lime
409 2380 530 2430 inmenso
554 2381 611 2430 caol
647 2379 668 2429 si
690 2379 771 2428 satira
794 2378 861 2428 haec
884 2380 983 2442 scripta
999 2383 1041 2430 est
1057 2395 1082 2430 a.
1101 2394 1128 2431 u.
1147 2395 1171 2432 c.

103 2451 183 2511 spiram
197 2454 331 2520 mendacin
346 2454 425 2516 folles.
647 2453 703 2503 722.
723 2451 765 2504 vel
783 2453 891 2503 duobus
908 2452 1027 2504 tribusve
1044 2458 1106 2506 ante
1123 2469 1173 2507 an-

126 2526 202 2578 tint.
228 2529 331 2590 mata]
357 2527 451 2579 «stulte
475 2528 526 2580 sibi
552 2531 609 2594 ipse
646 2529 695 2578 uis.
733 2526 787 2578 Gir.
810 2527 949 2578 welchert
971 2530 1044 2578 Poet.
1067 2531 1124 2579 Lat.
1144 2543 1170 2594 p.

100 2597 192 2661 placens
207 2605 289 2666 atque
307 2602 535 2654 immortalitatem
551 2606 609 2654 ani·
646 2600 703 2650 290.
743 2601 795 2650 sad
816 2612 879 2650 cum
902 2614 953 2665 per
975 2603 1061 2651 totum
1082 2601 1173 2654 locum

102 2684 137 2722 mo
149 2677 218 2738 quasi
235 2677 433 2740 praecipiens.»
447 2705 475 2714 -
488 2677 609 2741 Fannius]
646 2688 680 2726 ne
691 2674 775 2726 ullum
786 2674 897 2737 quidem
906 2675 1021 2725 verbum
1032 2677 1079 2736 sit,
1098 2677 1171 2739 quod

100 2745 181 2799 lloratii
204 2749 371 2802 obtrectator
397 2751 490 2814 (poeta
514 2751 610 2816 loqua-
646 2750 681 2800 ad
705 2749 896 2798 bibliothecam
922 2747 1058 2812 publicam
1078 2750 1172 2800 reterri

100 2823 205 2876 tissimus
230 2827 258 2875 et
283 2826 492 2888 ineptissimus.»
522 2828 606 2878 couri.
645 2825 743 2887 possit,
771 2820 901 2873 lambino
923 2822 993 2872 duco
1015 2823 1116 2873 Franks
1133 2822 1173 2874 al-

101 2897 181 2958 terat,
200 2902 279 2950 notus
290 2902 432 2964 praeterea
444 2903 473 2950 ut
484 2898 609 2971 ααράακ-
646 2901 731 2948 teram
752 2899 823 2949 hanc
842 2898 994 2962 proposuit,
1020 2909 1085 2948 sane
1108 2911 1173 2962 pro·

99 2983 138 3032 τος
150 2972 244 3036 Tigellii
263 2975 438 3037 Hermogenis
456 2987 490 3024 ex
507 2975 561 3026 Sat.
582 2977 606 3036 l,
646 2970 819 3034 habiliorem,
838 2973 1098 3035 interpretationem:
1125 2974 1172 3023 «si

101 3045 134 3106 lt,
149 3047 185 3097 80.
203 3049 267 3112 post
289 3048 360 3098 hanc
377 3050 485 3112 scripta.
516 3051 608 3114 Utique
646 3049 794 3113 spreveris,
824 3061 894 3111 qaas
920 3045 1083 3098 scholiastae
1109 3059 1173 3097 nar-

99 3121 252 3173 mauiiestum
276 3125 319 3172 est
340 3135 404 3172 eum
425 3122 495 3172 inter
513 3124 610 3174 etiam·
647 3125 731 3182 rent»
752 3124 788 3184 (at
805 3122 902 3171 merito
914 3121 1036 3186 quidem;
1054 3121 1173 3172 incredi-

100 3194 232 3247 tuncvivos
251 3198 405 3247 memorari.
442 3196 515 3248 Falsa
532 3199 610 3261 igitur
646 3195 728 3246 bilem
746 3196 861 3246 enimin
878 3195 989 3245 modum
1008 3195 1052 3244 hic
1068 3208 1172 3258 nugan-

99 3272 158 3328 sunt,
175 3284 244 3334 quae
263 3270 426 3322 scholiastae
444 3271 553 3321 tradunt
565 3269 609 3322 vel
647 3271 717 3332 tur3)
738 3273 781 3320 «ct
796 3271 860 3335 ipsis
878 3270 977 3319 lloratii
992 3268 1084 3319 verbis
1100 3271 1174 3321 insti-

99 3345 291 3396 venificatorem
315 3345 404 3410 ipsum
428 3347 518 3410 (quem
541 3347 609 3396 Fan·
646 3345 724 3404 teris,
738 3357 851 3395 necesse
863 3345 905 3393 est
915 3343 1060 3393 confiteare
1072 3343 1171 3394 dixisse

99 3415 157 3466 ilum
187 3419 354 3480 Quadratum
383 3421 493 3483 vocant)
526 3423 607 3472 testa-
646 3419 767 3482 poetam,
789 3431 804 3465 a
825 3415 905 3480 plebe
929 3417 965 3478 (i)
988 3414 1031 3465 vel
1052 3429 1069 3464 a
1085 3415 1172 3466 doctis

99 3493 245 3544 meamhoc
271 3494 428 3556 mandasse,
455 3497 485 3544 ut
510 3507 607 3558 capsae
646 3491 815 3542 hominibus»
835 3488 933 3552 (malim
948 3487 1104 3553 simpliciter
1121 3488 1172 3538 «ab

98 3558 208 3619 librorum
226 3581 291 3618 cum
308 3568 423 3631 imagine
441 3567 561 3633 publicas
582 3570 609 3618 in
647 3567 713 3630 lisa),
742 3564 804 3628 «qui
826 3564 916 3628 inepta
938 3563 1027 3613 Fannii
1047 3565 1172 3626 poemata

99 3634 258 3694 bibliothecas
272 3641 454 3704 deterrentur,
473 3643 514 3694 vel
533 3645 610 3694 hera-
646 3640 752 3706 plurimi
776 3640 896 3690 iacerent
918 3641 946 3689 et
964 3638 1171 3700 admirarentur,

98 3709 197 3777 dipelas,
215 3731 287 3780 quos
304 3717 385 3768 homo
398 3719 496 3779 tenuis,
516 3730 607 3768 scurra
647 3716 670 3765 ei
694 3713 886 3765 loculamenta»
905 3713 1019 3777 (scrinia)
1041 3713 1171 3777 «pretiosa

98 3783 273 3854 Hermogenis,
308 3791 352 3842 vix
380 3791 515 3852 habebat,
551 3792 608 3842 elus
647 3793 674 3840 et
694 3791 839 3853 imaginem
860 3789 931 3840 dono
952 3789 1014 3840 data
1036 3790 1065 3838 et
1084 3786 1171 3838 delata

97 3865 202 3918 manau
219 3864 265 3915 illo
282 3867 385 3916 honore
403 3866 540 3927 affecisse;
565 3866 608 3916 cul
647 3877 716 3915 esso.
752 3865 816 3916 lado
840 3865 977 3924 lloratius,
1004 3865 1034 3913 ut
1056 3862 1101 3926 qui
1123 3875 1172 3912 sua

98 3931 292 4000 interpretationi
321 3940 452 4004 imprimis
477 3943 609 4005 repugnat
646 3939 744 4003 scripta
777 3953 810 3990 ne
841 3938 909 3989 lecta
935 3938 1044 4002 quidem
1071 3936 1172 3986 nedum

97 4018 116 4054 v.
127 4010 193 4061 ultro.
209 4012 325 4077 (Falsum
337 4015 403 4065 item
414 4015 523 4079 Spohnii
535 4028 609 4066 com·
646 4013 751 4063 laudata
764 4015 864 4074 nosset,
877 4015 1004 4063 Fannium
1013 4010 1084 4062 salse
1095 4023 1173 4075 prae·

97 4085 202 4136 mentam
217 4088 292 4153 apud
308 4089 445 4150 lahnium,
471 4091 607 4140 lloratium
646 4088 744 4138 dicavit
755 4087 880 4138 mum.»
907 4085 1115 4138 scholiasteram
1126 4097 1173 4132 au-

96 4151 156 4218 loqul
175 4161 207 4212 (la
224 4164 255 4214 C.
275 4164 372 4214 Fannio
389 4164 525 4225 Quadrato
545 4163 605 4214 trib.
646 4165 701 4212 tem
723 4165 875 4213 commenta
898 4165 956 4211 orta
973 4173 1034 4212 asse
1052 4172 1083 4209 ox
1102 4157 1171 4207 male

97 4227 125 4289 ll·
142 4247 164 4283 a.
180 4250 205 4286 u.
224 4251 249 4288 c.
269 4237 339 4301 695„
361 4252 411 4303 pro
432 4242 557 4303 praetore
581 4238 607 4289 in
644 4235 779 4288 intellecto
805 4250 830 4288 v.
852 4237 956 4295 Beatus,
987 4247 1041 4297 quo
1066 4231 1108 4282 alii
1126 4230 1174 4282 (la-
