2925 4892
276 347 338 415 548
633 345 1002 399 404444444440444044

317 505 411 573 Dicet
432 523 553 592 eques;
579 502 639 569 sed
661 502 739 591 equi
759 501 884 569 frenato
904 511 956 568 eet
976 500 1066 567 euris
1087 500 1210 566 inore.
1232 536 1279 549 -

318 626 419 692 444404
440 634 547 689 utrum
568 621 724 711 populum
745 622 893 689 frumenti
914 621 1011 709 oopiu
1031 630 1155 708 pereat,

319 746 520 815 Colleotosne
541 744 652 812 bibant
673 743 795 810 imbree
815 753 976 831 puteosne
996 762 1160 830 perennes
1323 742 1360 806 45

319 868 406 955 iugis
428 886 549 955 equne;
571 902 615 915 -
635 885 710 931 nem
731 864 807 931 vina
828 863 906 929 nibil
927 884 1038 931 moror
1059 862 1143 929 illiue
1164 882 1262 941 orue3

319 990 405 1055 Rure
427 1008 501 1054 meo
523 1006 658 1073 possum
680 984 809 1072 quidvis
831 984 977 1071 perferre
998 984 1149 1071 patiqu03

319 1106 369 1175 Ad
392 1128 481 1195 mare
502 1128 577 1175 eum
598 1106 686 1183 veni,
710 1126 906 1193 generosum
928 1115 961 1172 et
979 1103 1054 1172 lene
1075 1104 1223 1192 requiro,

319 1228 415 1309 Quod
436 1248 531 1295 eures
553 1228 674 1314 abigat,
697 1226 884 1315 quodcum
906 1246 966 1314 spe
987 1225 1086 1292 divite
1108 1235 1216 1293 manet

319 1351 356 1415 ln
376 1370 477 1416 venne
498 1329 705 1436 animumque
728 1368 853 1425 meum,
875 1346 965 1435 quod
986 1346 1087 1414 verbe
1104 1347 1278 1422 ministret,
1322 1349 1365 1415 2⁰

344 1519 384 1571 43.
403 1520 461 1581 equi
476 1518 523 1581 bd,
541 1517 738 1580 4444444484,
750 1517 835 1567 Lete:
854 1516 981 1579 oquitsii,
992 1518 1026 1579 444
1037 1515 1332 1579 «etaient-coenum,-

308 1592 457 1652 Benileiue‚
476 1594 542 1645 rui.
563 1620 591 1631 -
606 1594 650 1656 45.
666 1598 803 1655 puteosque
822 1591 849 1640 d.
870 1615 899 1627 -
918 1590 959 1641 to.
977 1591 1066 1641 4144044
1085 1593 1141 1641 4444
1163 1592 1282 1642 Pottierii
1304 1595 1334 1641 et

309 1670 371 1719 LCt.
397 1669 476 1733 (lupis
497 1668 607 1732 bSEdp,
632 1664 711 1733 pope,
730 1667 784 1716 44440
802 1664 887 1717 codd.
904 1665 1087 1729 Oudendorpii
1102 1664 1138 1715 ud
1154 1666 1233 1716 coes.
1250 1666 1282 1716 B.
1300 1668 1332 1716 G.

309 1745 335 1804 8,
350 1744 401 1803 te,
420 1744 536 1793 Pottierii
553 1741 688 1807 plerique,
706 1742 808 1791 Veneto
826 1740 911 1800 4484,
929 1739 1074 1800 4444444444,
1093 1739 1160 1800 440.)
1179 1766 1208 1777 -
1221 1741 1263 1789 ti.
1273 1752 1335 1801 poe·

308 1818 357 1869 4404
367 1819 415 1882 Ep.
428 1842 456 1854 -
467 1818 611 1881 querenti.
622 1816 746 1868 Heinsius
758 1818 787 1865 et
796 1814 972 1878 Coniugium.
986 1815 1028 1878 (414
1037 1826 1096 1876 404,
1114 1812 1229 1877 bSEdp.)
1241 1840 1270 1850 -
1282 1814 1336 1877 uf-

276 1966 368 2027 natm
394 1967 456 2027 4044,
484 1968 514 2016 ut
535 1966 604 2026 4444,
631 1978 693 2015 eum
715 1963 802 2014 44444444
839 1963 1065 2026 Frequentimime
1093 1961 1128 2013 444
1158 1963 1364 2027 municipiorum

277 2040 362 2090 verbe
379 2039 441 2089 nibil
464 2041 566 2098 iuvant;
593 2040 663 2090 444444
681 2038 745 2101 equi
761 2040 804 2089 444
839 2036 932 2087 ineolis
948 2038 976 2087 in
992 2038 1124 2101 inseripti.
1142 2039 1304 2100 usurpetur:
1324 2038 1366 2089 So·

278 2114 306 2163 in
317 2126 364 2163 ore
376 2111 491 2173 beneio,
510 2111 537 2164 444
555 2115 610 2173 444,
630 2125 714 2176 equos
726 2111 802 2161 beno
839 2117 915 2161 044444
931 2110 1088 2173 populisque
1110 2110 1209 2172 4444444,
1234 2112 1364 2173 Murena,

278 2185 414 2237 moderari
431 2187 552 2247 oportet,
570 2186 594 2233 44
610 2183 735 2235 volumus
754 2198 802 2235 404
838 2186 995 2246 Amantius.
1018 2186 1104 2234 44404.
1116 2197 1153 2234 m.
1166 2186 1223 2235 444.
1234 2185 1295 2235 tte.
1308 2186 1364 2237 444.

277 2257 355 2310 nobis
372 2257 483 2308 obedire
494 2260 619 2321 viamque
631 2256 708 2307 nobis
718 2256 804 2321 pinei·
840 2256 898 2307 446.
930 2256 1115 2321 «Hyperbolen
1137 2259 1219 2320 igitur
1238 2258 1365 2321 «lyrim

277 2335 334 2383 44444
350 2332 443 2381 inire.»
472 2332 523 2393 sie,
541 2329 804 2381 ubianteomninil-
839 2333 870 2381 ut
885 2330 1045 2381 iloebedero
1055 2332 1210 2391 4444444444,
1228 2333 1365 2384 4444404404

279 2404 325 2457 lud
342 2406 481 2467 4444444444,
503 2404 587 2455 verbu
603 2406 661 2455 Non
671 2430 687 2443 -
698 2430 713 2441 -
723 2406 804 2455 440444
838 2418 895 2456 non
905 2405 1273 2471 inorepaturus-inum]
1285 2406 1366 2457 «volo

279 2478 801 2545 linginltuvocenbequiteprouuntieri,
839 2479 1104 2543 mummolenum,
1126 2492 1180 2531 404
1200 2479 1322 2544 pluviem
1341 2483 1367 2531 iu

279 2569 334 2607 non
350 2554 437 2607 4040444
455 2555 533 2605 tueite
552 2556 675 2618 eogitari,
697 2568 742 2605 vv.
759 2554 804 2604 404
840 2556 962 2607 eisternis
978 2554 1131 2616 0044404444,
1150 2558 1178 2606 et
1191 2556 1305 2619 quidem
1315 2570 1367 2622 pu-

278 2631 336 2694 equi
352 2633 404 2681 eet.
418 2629 481 2681 nihil
498 2629 600 2681 hebent
609 2630 704 2695 inepti,
724 2631 803 2679 etto·
840 2632 898 2681 4404
914 2642 1064 2694 perennes,
1083 2630 1129 2694 qni
1144 2642 1367 2695 nempereqmm

278 2718 343 2757 men
360 2703 436 2756 multi
452 2705 612 2768 interpretes
632 2706 660 2755 in
682 2705 714 2755 444
737 2705 804 2754 4444-
839 2703 1015 2769 praebeant.»
1041 2703 1282 2769 Sionbineoipiee,
1296 2704 1366 2756 44444

280 2781 381 2832 444444.
410 2779 533 2840 Halm,
552 2780 659 2843 «244444,
679 2780 802 2839 444444,»
839 2774 1014 2844 4440404ογ404
1036 2779 1116 2829 inerit
1134 2779 1163 2828 in
1182 2790 1228 2829 vv.
1246 2784 1367 2841 04440444

277 2854 387 2916 nmmo,
401 2854 508 2903 4204444
520 2852 686 2915 (Doederlein
697 2854 760 2915 spe.
770 2854 801 2903 V.
836 2868 959 2917 04444044
969 2857 997 2905 44
1006 2856 1075 2919 144444
1084 2868 1179 2917 nqeue,
1191 2868 1263 2919 quoe
1275 2854 1365 2916 440444,

279 2940 306 2991 p.
317 2926 412 2977 44444.
425 2940 452 2990 p.
466 2927 544 2989 434),
558 2928 629 2991 opud
640 2930 735 2992 poetes
747 2928 803 2979 4444
841 2942 904 2979 eum
919 2942 946 2980 v.
961 2930 1030 2993 iuptr
1044 2930 1079 2979 444
1097 2930 1184 2980 rarius
1199 2942 1233 2979 ne
1249 2930 1367 2995 scripto-

280 3012 440 3063 eynouyme.
474 3000 548 3051 ovid.
569 3004 628 3052 444.
650 3002 680 3061 3,
702 3002 731 3064 4,
755 3004 801 3052 io:
841 3002 916 3053 ribus
932 3002 1047 3054 4444444444
1058 3004 1266 3064 444444404444,
1284 3016 1366 3069 pne-

282 3074 313 3123 444
324 3075 438 3135 primum
453 3086 580 3124 0044444404
595 3076 669 3125 mut
685 3076 803 3139 44444404,
841 3076 950 3127 terendo
966 3076 1073 3127 ridetur
1088 3076 1164 3128 444444
1174 3078 1276 3139 4444044,
1294 3090 1365 3141 quoe

279 3148 410 3210 mmmm
425 3148 453 3197 44
469 3149 549 3211 emm
564 3148 628 3199 4040
640 3150 724 3199 400444
732 3151 801 3201 iube.
841 3164 907 3203 44444
923 3151 1105 3216 interpolatori
1116 3152 1240 3203 44444444.
1258 3153 1301 3203 Gi.
1310 3155 1365 3203 844.

281 3224 408 3274 Ceterum
419 3234 452 3273 40
469 3222 577 3272 nomine
594 3224 713 3287 praestet
724 3223 804 3277 lectio
841 3227 873 3287 4,
891 3227 922 3288 e,
940 3227 965 3277 4.
980 3252 1009 3263 -
1019 3226 1082 3275 nillil
1095 3226 1192 3291 4440404)
1204 3228 1286 3277 «Vim
1297 3225 1367 3277 4444444

279 3298 336 3360 equi
353 3294 429 3347 444444
445 3297 525 3359 opole,
548 3297 621 3360 quod
637 3298 664 3348 in
681 3297 722 3349 4444
740 3313 804 3363 per·
841 3302 943 3351 4440444
959 3310 1022 3350 oum
1038 3314 1181 3364 eeperner,
1199 3298 1263 3350 nibil
1280 3300 1318 3351 444
1333 3302 1367 3350 444

280 3386 361 3437 quem
392 3373 521 3423 concinne
553 3374 630 3435 equiti
661 3376 805 3438 opponitur
841 3376 1290 3440 tepereontor3nempropoeltum
1301 3374 1367 3424 mibi

279 3449 345 3499 ilem
367 3460 437 3499 unus
459 3447 518 3498 eius
534 3458 633 3513 ,equum
660 3449 684 3499 ei
707 3447 805 3512 legeris
842 3451 896 3509 444,
922 3448 980 3499 oilie
1005 3462 1088 3512 quum
1110 3451 1214 3513 asperis
1238 3447 1290 3499 44444
1314 3462 1366 3499 nee

279 3524 362 3586 404444,
387 3523 434 3573 flet
449 3521 523 3574 400444
540 3524 691 3573 communis
708 3522 805 3575 admo·
841 3520 921 3573 uelde
936 3524 1075 3586 generosis
1091 3525 1138 3574 uti.
1166 3526 1254 3587 Atque
1271 3524 1300 3573 in
1316 3524 1366 3573 Se-

282 3597 347 3647 dum
363 3596 511 3660 languidus.
841 3597 906 3647 bino
931 3597 1042 3660 quidem
1065 3610 1129 3647 meo
1153 3598 1265 3659 44444444,
1296 3597 1368 3660 {ulta

314 3670 402 3721 44-444.
426 3673 511 3722 440404
521 3674 585 3735 eet]
602 3672 650 3726 Ubi
666 3674 753 3723 maior
763 3676 807 3724 444
841 3672 984 3737 Neptune)
1001 3672 1088 3722 0444444
1110 3672 1216 3735 generis
1235 3670 1315 3722 eiboe
1334 3684 1366 3720 40

281 3741 366 3793 nutas
383 3756 517 3805 44440444,
536 3745 661 3797 omnibue
678 3748 705 3797 in
721 3746 805 3800 444404
841 3749 916 3809 vinu.
935 3747 1056 3812 perferre
1072 3758 1185 3811 poenum
1199 3749 1366 3812 propterub

281 3816 449 3867 commodius
470 3818 575 3869 vivitur.
604 3823 716 3885 Propter
736 3823 803 3883 4400,
842 3834 915 3882 rem,
941 3822 987 3885 qui
1009 3822 1213 3872 0040004404444
1227 3821 1315 3882 iuret,
1340 3822 1368 3869 et

282 3889 804 3956 nonobneseioquameordidemum-
841 3897 954 3962 propter
974 3895 1129 3961 beqneutee
1152 3895 1203 3948 4444
1225 3894 1288 3946 diuo
1307 3908 1368 3945 444-

281 3966 382 4028 4444444,
401 3966 435 4018 de
453 3967 577 4020 immenti
594 3972 672 4035 eopia
687 3972 804 4022 4444404444
841 3969 1007 4023 4444404444
1037 3974 1130 4023 eontra
1158 3985 1207 4037 per
1231 3971 1366 4029 4444444444.

280 4040 432 4103 interroget.
455 4040 603 4103 (Fertilibue
614 4046 641 4095 in
651 4045 805 4110 regionibus
842 4058 906 4097 eum
921 4058 1047 4111 magnum
1063 4046 1117 4098 44444
1139 4048 1245 4112 purtem
1261 4050 1368 4097 004440-

280 4114 444 4165 trumentum
461 4117 542 4167 etium
558 4118 654 4171 44444404
674 4131 736 4172 esse
758 4134 805 4171 eo·
841 4126 896 4171 04444
917 4122 972 4185 lopo
989 4121 1069 4185 (Epp.
1089 4123 1118 4182 4,
1136 4121 1166 4181 t,
1186 4120 1257 4183 44),
1275 4121 1368 4170 unum

281 4187 337 4239 lere
354 4188 477 4253 opinetur
488 4191 623 4256 44444444.)
635 4220 661 4231 -
672 4193 804 4259 populun]
841 4188 989 4259 4444444440
1004 4195 1030 4258 (e
1052 4193 1112 4247 loeo
1134 4197 1163 4246 et
1181 4192 1245 4257 vite)
1265 4208 1301 4245 40
1316 4194 1368 4245 4444
