2925 4892
523 364 583 415 ne.
602 364 633 414 n.
669 364 737 415 slr.
755 364 786 413 v.
1136 364 1200 429 3⁰5

156 520 310 595 llesene,
335 516 424 608 quod
437 518 554 595 dicam,
578 518 694 587 lactum
709 530 775 587 est:
798 540 879 587 anus
895 520 1171 609 improbalbebis

155 644 199 708 liu
222 650 415 709 testamento
437 640 484 709 sic
509 651 560 707 est
581 640 681 707 elata:
705 640 845 709 cadaver
1158 646 1200 709 85

155 764 290 833 [luctum
312 760 386 829 oleo
408 760 498 849 largo
520 762 615 829 nudis
636 761 780 829 humeris
802 761 872 830 tulit
892 764 1004 839 beree,

155 884 285 953 Scilicet
306 883 390 951 elabi
413 884 439 949 si
463 894 575 971 posset
597 896 739 963 mortum
762 883 878 961 eredo,

157 1006 252 1087 Quod
275 1005 410 1072 nimium
433 1004 589 1073 institerat
609 1006 739 1073 viventi.
785 1007 906 1074 Caunis
928 1006 1033 1075 adito:

155 1130 223 1195 Neu
246 1127 337 1195 dosis
359 1147 494 1215 operae,
517 1148 601 1194 neve
626 1126 856 1194 immoderatus
877 1128 1034 1197 abundes.

157 1248 327 1317 Difficilem
350 1259 382 1315 et
403 1269 568 1315 morosum
591 1247 734 1316 offendet
755 1247 920 1337 garrulus,
942 1250 1026 1317 ultro
1161 1254 1204 1317 90

148 1446 219 1513 apud
239 1448 328 1497 leam.
349 1472 378 1483 -
407 1448 447 1497 88.
474 1447 605 1495 exstiterat
630 1448 745 1497 coms.
774 1471 801 1483 -
826 1447 866 1497 90.
893 1450 998 1511 offendet
1017 1449 1169 1511 oseuctr:

148 1522 250 1587 offeruit
268 1535 295 1585 p,
314 1538 340 1586 y,
359 1520 413 1571 duo
431 1522 561 1581 Pottiarit,
579 1522 685 1584 offendes
701 1519 835 1573 Bentlelus
853 1523 922 1573 roni.
941 1525 968 1573 et
985 1525 1019 1573 lt.
1048 1552 1075 1561 —
1101 1527 1171 1575 ultro

147 1609 285 1661 superscr.
304 1610 319 1645 o
335 1595 364 1657 b,
390 1596 511 1659 pun-ritus
534 1594 617 1657 nura,
641 1596 698 1645 Non
716 1596 750 1657 C,
775 1597 898 1659 poenitus
916 1597 991 1647 uitro
1009 1598 1067 1647 Non
1090 1600 1171 1651 lient-

147 1670 228 1731 leiue,
255 1670 392 1735 penulas,
418 1670 488 1719 ultra
504 1670 561 1719 Non
579 1670 605 1719 F.
641 1670 669 1732 [Ε
687 1671 743 1721 suis
760 1670 897 1722 codicibus
918 1684 1006 1736 neque
1023 1672 1170 1732 Bentleius.

146 1746 190 1810 qai
208 1744 273 1809 legit
289 1746 371 1807 ultro,
397 1744 508 1795 alteram
526 1744 668 1795 lectionem
686 1747 815 1806 enotavit,
840 1758 928 1809 neque
946 1746 1099 1807 Pottierius,
1126 1750 1171 1811 qui

146 1820 229 1872 babet
245 1822 327 1882 uitro,
347 1818 427 1871 ubam
444 1821 602 1871 vineatam
619 1820 797 1881 memoravit.)

118 2000 266 2064 petulanter
283 1997 417 2049 ludificata
429 2002 471 2051 eet
484 1999 640 2051 heredem.»
679 2000 805 2050 nocebis
819 2000 903 2061 bees,
930 2002 975 2061 orii
991 2000 1113 2061 reliqum
1127 2006 1207 2052 testo·

120 2098 144 2111 -·
164 2075 249 2125 lbetlis
270 2076 334 2137 cet]
356 2074 467 2126 Videtur
489 2075 557 2125 hacc
580 2088 643 2125 nar·
680 2076 743 2125 toris
757 2089 808 2125 non
831 2075 859 2125 in
881 2090 954 2125 mure
972 2077 1107 2125 secundun
1130 2077 1207 2139 ipsius

117 2147 262 2199 ratiuncula
281 2148 361 2199 dueta
378 2162 438 2200 esse
454 2148 496 2200 vel
515 2163 547 2201 ex
559 2151 641 2200 mimo
679 2150 833 2199 uotroitotem
854 2149 957 2211 obieoit,
988 2151 1031 2201 sed
1057 2152 1206 2201 morioris

118 2222 203 2287 aliquo
221 2224 264 2275 uel
288 2237 320 2273 ex
343 2224 402 2274 ioco
422 2224 556 2289 populari;
584 2228 643 2275 ete·
679 2226 806 2275 tumunue
822 2226 974 2275 condicionis
988 2226 1133 2287 sepultarae
1148 2230 1206 2275 tru-

118 2298 390 2363 nimnllumunquam
400 2298 642 2351 testamentumvel
681 2301 751 2350 didit.
787 2302 827 2350 Fr.
841 2298 881 2350 et.
902 2313 942 2364 pr.
960 2301 991 2349 Ι).
1009 2300 1043 2350 de
1061 2302 1165 2363 tegatis
1183 2302 1204 2351 1.

117 2372 228 2435 Thebis,
249 2372 469 2439 utlepldetlngit,
488 2373 530 2425 vel
545 2376 642 2426 llomae
682 2376 758 2439 l³⁰·l³
793 2376 955 2437 Pornponius:
986 2374 1079 2437 Turpio
1106 2376 1204 2439 tepula,

16 2438 18 2519 ζ
118 2450 154 2498 sic
171 2450 336 2513 conceptum
361 2462 436 2508 esse,
467 2462 576 2513 prorsus
602 2450 643 2499 iu·
682 2463 747 2512 quoe
762 2450 896 2499 denotandi
912 2450 995 2513 inopis
1012 2450 1131 2513 tepoterii
1146 2452 1208 2501 rcri-

17 2526 18 2553 l
118 2522 244 2573 credibile
263 2526 314 2573 est.
349 2524 418 2573 Saue
435 2525 642 2575 atrociusetiam
681 2524 788 2585 bantur,
807 2525 864 2574 odio
880 2523 1009 2573 scribentis
1020 2538 1071 2587 pro
1086 2526 1209 2575 uonscri·

118 2602 156 2648 est
172 2595 295 2661 Eumolpi
311 2600 501 2649 testamentum
513 2598 584 2663 apud
597 2602 644 2649 Pe-
678 2600 729 2661 ptis
745 2599 875 2647 Moenrur.
905 2599 984 2647 Gaius
1006 2600 1036 2657 2,
1054 2598 1116 2649 ata:
1145 2600 1208 2661 out-

17 2710 19 2731 ,
119 2674 183 2722 lrou.
202 2671 260 2721 til.
281 2684 339 2722 rem
363 2672 398 2721 ita
420 2675 641 2735 exaggerantem:
681 2673 786 2722 bradone
803 2673 887 2733 placet
903 2685 999 2733 poenae
1020 2674 1119 2722 nornine
1140 2673 1209 2724 ltere·

17 2740 19 2805 ῗ
119 2746 205 2796 ΟΜ
221 2750 266 2806 pre
283 2746 310 2795 iu
327 2750 469 2795 testunrento
486 2760 540 2795 uteo
557 2746 643 2810 teputu
682 2748 739 2796 dem
761 2747 857 2795 institui
877 2760 928 2795 non
949 2758 1029 2807 posse.
1052 2772 1078 2782 -
1102 2748 1208 2813 Scilicet]

118 2820 218 2880 tobati,
242 2824 347 2882 praeter
372 2819 469 2870 libertos
490 2834 569 2881 meos,
595 2822 642 2871 boc
680 2818 829 2887 δηλονότι,
857 2819 924 2869 «hoc
946 2822 1065 2877 tentans,
1094 2834 1128 2871 au
1152 2822 1206 2871 tor-

118 2896 260 2945 eondicioee
273 2896 425 2958 percipient,
448 2910 513 2958 prae
528 2897 597 2957 dedi,
621 2897 643 2945 si
680 2900 753 2948 tasse
770 2896 863 2961 posset
877 2893 959 2955 elabi,
978 2908 1032 2959 quo
1045 2894 1114 2946 laeto
1125 2896 1206 2947 beree

118 2984 207 3033 corpus
227 2983 311 3021 mmm
334 2970 360 3019 iu
378 2976 467 3031 portes
491 2972 643 3021 eorrciden'nt
680 2970 809 3022 molestus
845 2970 989 3020 excidisset
1026 2970 1205 3022 hereditate.»

17 3048 19 3109 g
119 3052 140 3095 et
155 3046 271 3095 adstante
285 3046 378 3107 populo
394 3046 551 3096 conudertnt.
590 3048 643 3097 lle-
679 3047 845 3099 Manifestum
867 3043 1097 3109 interpolationem
1118 3049 1205 3097 ortam

120 3124 222 3171 morant
256 3120 408 3171 huiusmodi
442 3120 531 3184 inepta
560 3122 643 3171 testa-
681 3134 713 3171 eu
730 3121 830 3170 rariore
847 3117 991 3185 particulae
1009 3121 1031 3168 si
1047 3133 1099 3171 usu
1122 3121 1207 3173 babet

18 3180 20 3201 ³
120 3198 206 3244 mena
224 3194 288 3244 ico.
324 3195 435 3244 reru.
454 3193 517 3257 §.a
547 3196 585 3245 ne
603 3194 642 3245 le·
680 3195 747 3245 oon.
759 3194 851 3245 erano.
864 3194 1076 3257 antiquissimus:
1095 3196 1160 3244 eran
1177 3200 1206 3243 «a

120 3270 182 3330 gatis
199 3270 219 3319 1.
235 3268 308 3332 (30.):
331 3270 430 3331 Ineptas
444 3270 583 3320 uoluntates
600 3271 643 3319 de-
680 3270 715 3319 sie
728 3274 820 3332 posset.
842 3292 869 3305 -·
887 3269 1075 3330 irnmoderutus]
1093 3270 1159 3334 Epp.
1176 3272 1205 3331 t,

118 3343 260 3403 (newsum
287 3345 357 3393 circu
379 3345 534 3407 sepulturum
556 3344 642 3407 (vetuti
681 3345 726 3405 ta,
754 3346 786 3394 δε
817 3343 922 3393 Sedulus
939 3369 953 3379 -
970 3356 1048 3403 opera
1070 3344 1210 3394 vehemente

119 3422 191 3467 ueues
207 3422 253 3467 eut
270 3418 292 3466 si
308 3431 359 3479 quo
375 3419 430 3468 ulio
445 3432 602 3481 superuacuo
615 3424 644 3468 ut
679 3420 801 3469 miniter.
822 3444 849 3453 -
868 3415 985 3479 mundes]
1005 3430 1103 3480 «prope
1126 3420 1207 3469 nimia

119 3492 144 3539 ie
165 3494 243 3555 sunus
266 3493 444 3554 impenduntur
468 3494 528 3557 (non
549 3493 642 3555 edne)
682 3492 789 3543 tocies.-

118 3566 272 3629 l’cpiniunus
280 3566 382 3617 Liblll.
395 3568 644 3630 lterpmrsernnnscri·
713 3567 1206 3630 suaebrmeuenumorourmffiuem

119 3640 159 3690 tit.
194 3643 236 3691 Fr,
255 3642 298 3691 27.
317 3655 357 3706 pr.
375 3644 405 3692 D.
425 3642 459 3692 de
478 3642 561 3693 Cond.
580 3644 640 3693 inst.
681 3643 736 3693 Cic.
750 3644 821 3693 Orat.
834 3641 878 3702 29,
899 3640 955 3691 till.
975 3642 1059 3705 iungit
1074 3643 1207 3694 baecduo

120 3716 218 3781 (2⁸‚7l2
235 3718 388 3767 Modestinus
399 3718 452 3767 tib.
465 3718 643 3779 Vlllllespon·
680 3717 815 3782 Epitbeta;
843 3715 952 3779 difficilis
968 3712 1132 3781 (δύσκολος)
1150 3720 1206 3779 est,

118 3802 166 3840 sor.
202 3792 313 3853 widem
334 3792 361 3841 in
377 3805 422 3841 suo
439 3798 582 3843 urrunnu
599 3794 642 3843 be-
680 3793 723 3842 cui
742 3790 944 3855 vixquidquam
961 3789 1049 3854 placet
1065 3794 1207 3858 omniaque

118 3866 199 3915 reden
215 3866 317 3928 scripsit
333 3866 642 3927 ubtulieondtcione,si
680 3868 793 3916 comites
818 3865 907 3924 deest,
933 3879 1059 3928 sunonis,
1087 3869 1132 3931 qui
1156 3880 1206 3932 pro

118 3939 338 4001 &medalu
348 3954 421 3991 neore
431 3942 542 3991 abirim
562 3944 643 4003 Quae-
679 3939 764 3991 lubitu
780 3954 813 3989 ae
830 3940 965 3991 fastidiose
977 3941 1058 3991 modo
1069 3942 1132 4003 boe,
1151 3955 1209 3993 mo·

117 4014 232 4075 rebatur,
254 4028 313 4064 eume
328 4014 398 4065 beru
413 4016 539 4065 baidulus
554 4016 642 4065 condi-
680 4015 715 4065 do
733 4013 797 4065 illud
813 4013 880 4076 volt,
905 4014 991 4074 iubet,
1016 4018 1097 4066 vetat.
1118 4044 1146 4053 -
1165 4017 1207 4080 os-

118 4088 181 4137 cioui
196 4102 248 4139 nou
266 4088 405 4151 parauisset,
432 4104 467 4139 un
484 4090 642 4152 eepelbndus
676 4089 767 4154 sentiet]
790 4089 899 4139 Bentleii
920 4090 1072 4141 emendatio
1089 4092 1204 4154 offendes,

120 4167 152 4210 est
167 4162 199 4211 ub
209 4162 364 4215 beredituu?
379 4165 531 4214 Modestinus
541 4178 641 4227 respon-
679 4165 813 4229 proposita
830 4166 940 4228 propter
956 4168 1046 4214 cetera
1068 4165 1204 4215 secundae

122 4236 166 4285 riu:
184 4238 338 4287 maeandra
354 4243 389 4288 est
404 4239 486 4302 ’παρὰ
502 4252 578 4302 mrum
596 4254 641 4290 oe-
678 4253 810 4305 personae
823 4238 919 4301 verba,
939 4238 1033 4290 saltem
1051 4241 1204 4290 necessaria

175 4329 265 4383 ilem.
283 4342 329 4377 voc
354 4330 379 4375 ll¹
410 4342 449 4375 aa.
467 4342 517 4377 alr.
534 4330 570 4377 lll.
1007 4333 1035 4377 ¹0
