2925 4892
512 361 571 411 444.
590 363 609 410 t.
646 361 743 413 eersr.
762 363 803 414 u.
1146 363 1209 428 t39

157 519 189 584 Si
214 519 318 584 virtus
340 515 403 584 boc
424 537 488 582 nna
510 528 618 604 potest
639 517 734 595 dare,
759 521 849 586 lortis
871 521 1001 588 omissis
1166 525 1208 589 30

159 642 228 706 Hoc
250 659 312 726 age
334 637 470 706 deliciis.
515 641 669 706 Virtutem
691 640 793 707 verba
814 653 908 730 potae
930 653 963 709 et

158 764 285 828 Lucum
307 761 409 848 ligna:
432 781 512 828 cave
536 783 577 828 ne
601 771 714 848 portus
736 773 876 851 occupet
898 763 993 840 alter,

157 887 205 952 Ne
229 883 431 974 Cibyratica,
455 904 496 950 ne
519 883 658 975 liitbyna
678 884 808 972 negotia
829 885 966 972 perdas;

158 1004 245 1072 ilille
270 1003 388 1072 talenta
410 1003 638 1084 retundantur,
663 1006 798 1074 totidem
819 1005 936 1085 altera,
961 1018 1115 1095 porroet

148 1177 203 1226 sid.
225 1177 265 1238 (Ut
275 1189 337 1236 nos,
356 1175 402 1236 Ec,
412 1173 473 1238 βζκ.
493 1177 531 1226 De
545 1175 600 1226 sule
616 1177 687 1226 tacet
702 1177 842 1227 Pottierius
855 1181 974 1228 nostram
985 1179 1076 1228 tamen
1086 1175 1177 1228 lectio·

149 1265 210 1302 nem
220 1249 351 1312 secutus.)
364 1277 390 1287 —
402 1249 442 1300 34.
454 1255 476 1300 ct
486 1263 594 1302 erasum
607 1251 632 1300 in
644 1250 662 1300 b
675 1265 691 1300 4
703 1263 758 1302 sec.
772 1265 820 1313 m,
833 1251 954 1303 additum
966 1253 1030 1314 ins,
1043 1265 1097 1301 om.
1109 1251 1173 1314 cd‚t.

118 1391 228 1455 protono
250 1403 283 1440 ac
304 1391 457 1454 promiscuo
478 1391 538 1440 usui
559 1389 644 1440 desti·
682 1393 811 1442 ul’oteene
844 1384 1017 1442 existimare·
1048 1390 1110 1453 (sed
1140 1391 1209 1440 baec

118 1469 203 1526 naias,
232 1465 296 1514 huic
315 1477 408 1514 rursus
430 1465 526 1514 rationi
544 1477 643 1513 conve·
681 1466 803 1516 iunctura
819 1467 961 1516 manifesto
972 1468 1065 1516 vitiosa
1080 1465 1128 1528 est)
1142 1466 1209 1514 «vir-

117 1542 220 1591 nienter
236 1541 310 1598 vive;
338 1552 401 1602 ergo
420 1539 596 1602 negotiatione
616 1540 644 1589 et
681 1542 766 1592 tutem
789 1539 874 1591 verba
898 1555 959 1591 esse
981 1542 1009 1590 et
1028 1540 1120 1590 lucum
1142 1551 1209 1590 oon·

117 1617 269 1664 mercatura
281 1625 382 1677 quaere
395 1613 442 1662 tibi
454 1625 546 1677 opes.»
577 1613 642 1676 (Non
681 1618 817 1666 secretum
834 1627 850 1664 a
870 1615 965 1678 quavis
990 1613 1054 1664 silva
1079 1627 1133 1664 non
1156 1613 1208 1663 dil-

115 1691 177 1753 puto
203 1689 250 1738 hic
276 1689 440 1752 impietatem
466 1689 566 1748 notari;
594 1687 643 1739 sed
681 1689 768 1739 terre‘l
791 1689 843 1738 boc
866 1692 922 1749 est,
947 1691 1060 1740 Potesne
1079 1691 1107 1738 44
1123 1688 1208 1736 444444-

115 1763 272 1828 simpliciter
280 1765 331 1814 hoc
340 1763 414 1813 dicit:
425 1765 466 1813 «st
478 1764 644 1828 putasvirtu-
680 1767 737 1813 tem
754 1767 782 1814 44
797 1762 955 1826 religionem
973 1764 1111 1812 exueret»
1128 1789 1154 1797 -
1168 1774 1208 1810 cc-

116 1843 168 1889 tem
178 1837 644 1902 constareverbisetnibilpraeter·
680 1839 765 1900 cupet]
791 1839 1013 1903 «praeoccupet»
1052 1836 1091 1887 Cf.
1110 1833 1158 1884 0d.
1177 1837 1205 1896 2,

115 1925 235 1972 ecesse,
255 1911 642 1976 utluoueconstatlignissive
681 1914 727 1974 44,
747 1914 788 1963 28.
818 1914 873 1962 liv.
893 1915 920 1973 4,
941 1912 987 1962 tt:
1015 1912 1105 1961 betium
1123 1911 1209 1974 facere

115 1987 273 2048 arboribus,
298 1989 377 2038 etiam
399 1990 579 2038 consentanea
597 2001 643 2038 ra·
680 1994 855 2050 occupent-
869 1987 941 2050 attor]
955 1987 994 2038 Cl.
1009 1989 1063 2036 Sat.
1078 1988 1108 2047 4,
1122 1986 1150 2045 4,
1164 1983 1205 2035 lt).

115 2065 185 2114 tione
197 2062 333 2125 agendum
351 2065 418 2112 est.»
437 2064 565 2112 Gesnenus
582 2076 644 2126 pro—
681 2065 753 2115 ltacb
765 2063 800 2114 ad
822 2065 896 2114 Orld.
911 2065 1018 2114 44444444.
1031 2063 1060 2125 8,
1079 2061 1120 2113 74.

115 2139 195 2188 bantc
216 2137 342 2186 Obbario.
373 2139 407 2186 44
418 2138 441 2187 si
452 2137 504 2186 boc
516 2136 644 2187 voluisset
713 2140 802 2190 33-34.
831 2141 869 2189 lt'e
892 2139 1037 2201 Cibyratica
1058 2138 1125 2199 cet]
1150 2137 1207 2186 «si-

116 2213 254 2272 lloratius,
272 2226 298 2262 4,
311 2213 642 2276 tucuanequaquamusus
681 2214 735 2265 mul
758 2229 789 2264 ac
812 2227 887 2264 mare
909 2217 1033 2278 apertum
1059 2215 1115 2274 est,
1142 2211 1207 2262 alios

115 2291 201 2349 esset,
227 2299 323 2337 verum
340 2299 383 2336 vv.
402 2287 466 2336 ritca
481 2285 524 2336 vel
541 2299 640 2347 canem
680 2291 859 2353 praeveniens
875 2289 911 2339 ed
928 2289 1110 2339 mercatorem
1127 2297 1207 2336 exer·

115 2362 191 2426 longe
209 2364 301 2412 autern
319 2361 407 2426 aptius
423 2362 505 2412 uirtus
525 2363 553 2412 et
573 2362 643 2410 44444
680 2365 795 2415 cendam
822 2366 896 2427 (nam
923 2364 957 2414 de
983 2362 1136 2413 mercatore
1162 2360 1207 2409 4444

115 2437 165 2488 deo
189 2451 269 2488 sacer
294 2431 483 2508 παραλλήλως
507 2439 642 2501 ponuntur
680 2441 780 2502 agitur,
800 2453 853 2489 noo
871 2439 905 2488 de
922 2437 1094 2500 negotiatore)
1113 2435 1206 2497 naviga

115 2526 196 2576 qnam
214 2527 249 2563 ex
267 2513 378 2564 Gesneri
399 2514 500 2563 ratione
518 2515 598 2562 cirtae
615 2516 642 2562 et
680 2513 809 2576 Cibyram
821 2525 945 2576 maguam
958 2511 1064 2574 (urbem
1075 2510 1206 2572 Pbrygiae

114 2589 197 2652 ritca.)
220 2589 355 2638 Lueorum
373 2587 528 2652 religionem
546 2588 641 2652 negligi
680 2602 808 2651 magnae,
826 2589 938 2651 propter
956 2587 1119 2635 ferramenta
1137 2582 1207 2633 cele·

116 2665 238 2726 queritur
255 2665 408 2727 Propertius
426 2662 457 2722 4,
477 2664 520 2723 ta,
539 2663 584 2714 ll:
611 2664 642 2713 tt
680 2664 795 2714 bratam.
820 2661 916 2710 Strabo
934 2660 981 2719 ta,
999 2671 1027 2722 p.
1041 2659 1103 2707 654:
1120 2652 1207 2705 Ἴδιον

114 2751 180 2786 neoc
196 2738 300 2786 desertis
315 2742 411 2787 4444444
432 2739 550 2786 amorio
570 2737 640 2788 locis.
680 2737 703 2786 δ’
722 2737 801 2788 ἐστ4ν
818 2735 849 2785 ἐν
870 2731 983 2804 Κιβύρᾳ
999 2729 1034 2782 τὸ
1055 2729 1106 2781 τὸν
1123 2729 1207 2796 σίδη-

117 2839 143 2848 -
166 2811 254 2875 uerbo]
275 2810 369 2863 Ultima
394 2813 467 2862 Bruti
492 2823 543 2862 vox
569 2811 641 2878 apud
680 2807 914 2886 ροντορεύεσθαι
931 2804 1065 2880 ῥᾳδίως),
1084 2807 1206 2870 atquein

115 2877 397 2945 prouenturum
413 2883 525 2951 τλῆμον
542 2879 641 2957 ἀρετή,
680 2889 844 2950 bithyniam,
869 2898 923 2949 quo
940 2888 1001 2934 ante
1019 2881 1139 2932 aemulos
1158 2893 1207 2944 ap·

115 2956 201 3026 4όγος
217 2951 264 3031 ἆρ’
283 2951 361 3026 ἧσθ’·
380 2958 434 3026 ἐγώ
452 2959 484 3010 da'
495 2955 643 3032 celttgi'p-
679 2963 773 3029 pulsus
801 2962 915 3026 optimae
943 2971 1065 3023 quaeque
1099 2969 1206 3006 merces

115 3049 165 3100 γον
184 3029 307 3101 ἤσκουν,
328 3031 366 3087 σύ
383 3033 407 3085 δ’
425 3033 573 3099 ἐδούλευες
592 3034 643 3086 τύ·
679 3039 765 3104 pretio
778 3050 860 3101 quam
877 3036 987 3086 minimo
1006 3038 1124 3083 coemes.
1150 3031 1205 3081 llac

115 3125 161 3182 κῃ.
181 3112 222 3162 Ct.
237 3112 292 3162 Cic.
306 3113 384 3162 Tusc.
398 3113 427 3173 t,
440 3111 483 3172 44,
497 3113 554 3162 tta.
574 3113 640 3175 Epp.
680 3112 814 3175 diligentia
833 3124 944 3175 semper
963 3109 1081 3160 adbibita
1098 3105 1206 3156 tandem

116 3189 142 3247 4,
162 3187 208 3247 47,
228 3185 275 3236 tt:
301 3187 350 3237 Aut
366 3187 447 3236 uirtus
461 3199 551 3236 44444444
568 3187 643 3236 icccc
680 3201 712 3237 eo
739 3188 895 3251 pervenies,
925 3186 955 3235 ut
981 3182 1206 3246 locupletissimus

115 3267 160 3324 ert,
178 3263 231 3312 teat
247 3263 321 3312 444444
336 3267 360 3311 44
373 3261 484 3324 pretim
500 3266 566 3312 recte
580 3261 643 3324 petit
680 3263 756 3312 fias.»
780 3262 820 3312 Ad
837 3259 934 3325 triplex
945 3273 976 3309 44
987 3260 1021 3308 44.
1036 3259 1100 3307 item
1112 3253 1206 3318 triplex

116 3339 248 3399 reperierat
263 3337 313 3385 etr,
335 3362 361 3372 -
378 3341 455 3398 potor
472 3336 503 3400 et]
521 3335 643 3387 4444444-
678 3339 701 3386 si
723 3338 789 3400 Epp.
813 3338 840 3396 4,
867 3337 913 3395 47,
934 3335 957 3383 e.
985 3362 1012 3369 -
1027 3329 1131 3393 podas]
1156 3340 1205 3376 «no

116 3413 166 3462 ctio
178 3410 278 3462 melius
290 3411 353 3460 mibi
369 3412 426 3462 4444
438 3414 480 3460 444
490 3411 641 3476 exprimere
679 3414 738 3461 tum
755 3411 865 3460 demum
883 3406 945 3457 illuc
960 3406 1118 3470 pervenias,
1142 3413 1205 3450 cum

116 3499 271 3536 ternionem
293 3486 381 3549 ipsum
400 3485 530 3546 hominis,
553 3487 643 3550 quiet
680 3486 784 3549 negotia
808 3485 987 3548 quaestuosa,
1015 3479 1050 3529 ab
1075 3477 1133 3527 aliis
1159 3475 1206 3524 tibi

117 3561 250 3612 doctrinae
266 3554 372 3624 ἠθικὰς
389 3563 417 3610 44
432 3558 573 3622 religiones
589 3575 641 3626 pu·
679 3562 836 3626 praerepta,
861 3569 956 3620 gerere
975 3556 1028 3604 iarn
1047 3565 1100 3603 non
1117 3550 1225 3601 licet.»-

117 3636 196 3689 blicas
223 3649 311 3699 aeque
335 3634 441 3698 negligit
468 3648 499 3685 ac
521 3635 639 3686 deridet:
682 3636 833 3696 -Bttbpnc
843 3631 952 3696 negotia]
964 3629 1024 3680 Vid.
1037 3627 1070 3678 ad
1082 3626 1130 3678 od.
1144 3626 1204 3688 3,7,

118 3713 263 3762 «Virtutem
285 3709 368 3761 verba
391 3711 456 3774 puto
477 3715 500 3760 ct
521 3710 642 3762 similiter
679 3712 707 3761 3:
729 3706 1023 3771 prncmrrcabcatom.
1039 3731 1066 3739 -
1085 3702 1207 3752 44444444-

117 3787 204 3838 lucum
226 3787 328 3851 lignus·
355 3799 437 3849 quam
459 3786 481 3835 si
499 3799 641 3851 compara·
679 3786 755 3848 lenta]
768 3786 804 3834 Ex
817 3786 909 3834 nostra
918 3779 1091 3846 computandi
1102 3777 1205 3827 ratione

118 3863 186 3914 tiona
203 3863 253 3926 (ut)
271 3864 329 3928 ipse
346 3863 474 3912 uteretur.
509 3863 595 3925 Atque
614 3863 640 3913 ni
679 3861 798 3913 elliciunt
815 3859 921 3909 circiter
937 3855 1074 3918 scutato
1086 3855 1127 3903 Fr.
1140 3849 1203 3901 Gall.

119 3936 190 3988 fallor
210 3937 271 4002 plns
295 3937 440 4007 εἰρωνείας
461 3937 531 3988 inest
548 3940 638 3988 nostra
680 3965 707 3974 -
742 3933 926 3997 rotuodcctur]
961 3929 1178 3994 «compleantur.
1192 3944 1204 3968 ²
1283 3940 1287 3944 ’

118 4013 142 4061 in
158 4011 273 4064 lectione
286 4025 368 4076 quum
387 4013 412 4062 in
431 4009 529 4073 altera,
549 4013 638 4063 denuo
676 4015 761 4063 Omna
778 4011 865 4068 enim,
891 4007 963 4072 quod
980 4003 1124 4056 rotundum
1149 4003 1198 4061 est,

119 4087 227 4149 probata
250 4087 285 4138 ab
309 4087 424 4139 Obbario
447 4089 474 4137 et
494 4088 638 4150 Diintzero,
678 4087 712 4137 ab
731 4087 805 4137 omni
823 4086 898 4148 parte
916 4081 1026 4147 plenum
1045 4082 1087 4130 est
1103 4093 1134 4127 44
1146 4089 1208 4139 per·

119 4163 167 4211 etsi
185 4163 271 4213 minus
289 4163 419 4212 concinna
438 4165 487 4212 est.
511 4190 538 4198 -
558 4164 639 4213 Suam
678 4163 788 4212 tectum.
820 4159 868 4220 tad
891 4159 974 4223 ipsius
996 4153 1134 4209 millenarii
1156 4165 1207 4200 nu-

120 4236 176 4287 lect.
194 4243 298 4300 pateret
316 4238 353 4288 sic
366 4240 474 4303 exponit
490 4237 637 4290 Bentleios:
679 4238 746 4288 meri
771 4235 965 4300 perlectionem
987 4231 1069 4282 relert
1091 4230 1207 4276 7444444-
