2925 4892
241 263 303 332 600
605 263 736 316 nostru
754 263 975 316 arrsrorruurr
1077 312 1082 322 ,

282 421 402 488 Ennius
425 432 457 487 et
479 419 609 507 sapiens
633 429 665 486 et
687 417 776 485 fortis
798 429 832 484 et
853 417 934 484 alter
954 418 1130 492 Homerus,

282 544 322 612 Ut
344 541 444 610 critici
468 540 593 616 dicunt,
617 539 731 606 leviter
752 559 868 606 curare
889 537 1032 614 videtur,

283 665 355 743 Quo
378 651 538 750 promissa
559 661 676 728 cadant
697 670 729 726 et
755 659 881 726 somnia
902 659 1113 748 Pythagorea.

282 783 422 851 Naevius
445 784 477 848 in
499 781 648 849 manibus
670 802 734 848 non
756 792 807 848 est
831 791 864 848 et
883 780 1045 848 mentibus
1067 781 1181 848 haeret

308 982 347 1032 53.
366 995 417 1030 nou
433 985 482 1041 ert,
501 984 529 1029 ot
545 978 666 1029 madidus
681 978 841 1028 doaetrina
859 977 984 1040 interrog.
1003 979 1079 1040 signo
1096 989 1159 1027 eum
1175 978 1298 1029 Dreierio

242 1151 364 1197 amorspv
383 1138 474 1201 «quusi
491 1136 767 1200 abipsoleretrove-
805 1147 869 1197 ergo
885 1137 927 1184 eat
949 1136 1043 1197 poeta,
1070 1137 1099 1184 ut
1121 1135 1209 1184 leuiter
1224 1149 1328 1194 wore,

241 1213 408 1264 uenationem
424 1211 557 1274 acceperit
574 1213 652 1273 poeta
670 1209 767 1260 delun·
805 1220 915 1272 prorsus
925 1220 1037 1258 securus
1052 1221 1112 1259 esse
1124 1211 1211 1272 possit
1220 1209 1257 1260 de
1268 1222 1330 1260 suo-

241 1287 326 1337 corsa
356 1288 448 1336 Porro.
479 1283 517 1334 Ci.
539 1283 587 1334 Od.
611 1285 640 1346 3,
667 1284 713 1344 30,
741 1285 765 1332 i.
804 1294 866 1332 rum
894 1282 1088 1345 promissorum
1116 1285 1231 1343 eventu,
1261 1296 1329 1347 quse

242 1361 296 1410 Sal.
309 1359 338 1420 ἱ,
358 1359 388 1420 6,
408 1358 448 1408 49.
804 1357 1070 1419 nunemagis,quam
1081 1357 1332 1423 loriasseipsespe·

275 1433 364 1483 oo-ti.
384 1431 487 1494 Houirts]
506 1431 545 1482 Cl.
559 1431 607 1482 Od.
625 1431 656 1492 l,
674 1432 705 1494 8,
723 1432 766 1482 ao.
804 1430 888 1489 rarat,
906 1428 1014 1494 impleta
1029 1433 1117 1481 sunt.»
1132 1459 1162 1469 -
1176 1434 1332 1496 mmmm-

241 1509 308 1572 Epp.
323 1509 349 1568 l,
364 1507 409 1567 ta,
422 1507 437 1556 7
449 1518 509 1570 sqq.
524 1533 551 1541 -
564 1505 672 1569 samua]
684 1507 767 1556 suum
804 1502 935 1568 Hoporou]
953 1505 1188 1556 Pseudoooruutus
1204 1507 1241 1557 ad
1258 1511 1330 1560 Pers.

242 1581 378 1644 ingenium
395 1582 452 1644 ipse
465 1580 607 1643 descripsit
618 1581 657 1641 (Α.
671 1577 768 1629 Gellius
804 1581 858 1628 Set.
880 1578 911 1639 6,
939 1579 987 1627 ld:
1018 1579 1068 1630 Gor
1090 1579 1157 1630 lutet
1179 1581 1226 1630 lroe
1251 1583 1330 1642 Hui,

242 1658 286 1719 li,
305 1655 330 1708 l.
357 1657 459 1718 Frugm.
482 1657 550 1705 Anu.
571 1656 601 1712 7,
625 1653 767 1715 tot-tte),
801 1659 939 1714 postquam
954 1653 1149 1704 &atumem
1170 1656 1330 1716 Hom-ider,

243 1730 288 1781 ubi
315 1732 384 1781 inter
407 1727 457 1778 alia
475 1730 541 1779 haec
558 1728 695 1792 leguntur:
722 1730 769 1778 do-
806 1727 1067 1788 ouioturpuooaaar
1082 1727 1257 1792 Hptduporeo:
1276 1732 1332 1780 «stc
1439 1730 1440 1773 l

241 1807 302 1866 otu',
319 1805 398 1870 tidelis
409 1829 446 1840 --
456 1803 559 1852 uadum
569 1804 693 1862 Porrertm,
704 1803 770 1852 mut
806 1802 878 1852 enim
895 1801 932 1850 eit
948 1801 1048 1852 Ennius
1067 1803 1094 1852 iu
1110 1801 1254 1855 Annalium
1269 1818 1333 1856 suo-

242 1883 271 1928 tu
286 1884 371 1929 mars
392 1877 510 1939 antiquo,
537 1877 646 1938 sepulto,
672 1881 770 1926 uoluta
805 1887 868 1925 rum
883 1875 1025 1939 principio,
1043 1876 1090 1926 ubi
1106 1889 1137 1928 se
1154 1876 1219 1927 dicit
1234 1879 1332 1931 vidisse
1439 1892 1440 1947 j

243 1953 434 2004 --Huttonuu
454 1956 565 2001 osteum
586 1951 669 2015 Harum
685 1952 769 2001 dlum-
806 1950 834 1999 iu
861 1949 973 2000 somniis
1001 1950 1148 2000 Homerum
1176 1950 1331 2015 dicentem,

243 2040 291 2089 qua
305 2027 481 2088 Hominumque
500 2025 654 2075 Prudenter.
685 2025 767 2086 Quid,
806 2023 887 2073 luisse
904 2035 934 2072 se
952 2022 1089 2086 quondam
1106 2037 1242 2088 pavonem
1260 2030 1331 2077 eler
1439 2024 1440 2053 r

244 2099 317 2163 quod
338 2101 438 2162 rapiens
455 2101 542 2149 vocari
567 2101 671 2162 poterut
688 2101 769 2149 eliam
807 2111 840 2148 eo
857 2094 1010 2146 translatum
1028 2109 1090 2147 ease
1111 2100 1230 2150 animam
1254 2102 1284 2151 in
1304 2115 1333 2153 ae

244 2186 277 2224 eo
288 2175 409 2234 nomine,
423 2173 496 2236 quod
509 2173 659 2237 Epicharmi
670 2171 770 2223 librum
807 2169 956 2222 seeundum
965 2171 1333 2236 Pulliagoraededniiiouem,
1439 2174 1440 2223 ἶ

245 2247 279 2298 de
297 2247 391 2296 natura
409 2250 436 2296 et
459 2247 602 2297 Euhemeri
628 2247 770 2298 Historiam
808 2246 853 2309 qui
865 2245 942 2306 dicit,
960 2246 1063 2295 animas
1075 2245 1207 2297 humanas
1218 2262 1271 2312 per
1282 2264 1335 2300 xa·
1439 2246 1440 2285 l

244 2333 350 2372 sacram
367 2320 393 2369 in
410 2319 530 2370 Latiuum
543 2321 728 2370 converterat?
740 2347 766 2355 -
808 2319 984 2387 λιγγενεσίαν
1006 2321 1135 2368 exeuntes
1157 2319 1192 2368 de
1211 2326 1334 2388 corpori.

243 2395 324 2460 soriis]
342 2393 552 2458 mugisrelertur
569 2395 602 2445 ad
616 2397 770 2458 eiusgenos
808 2396 859 2446 bus
876 2396 903 2444 in
919 2392 969 2444 alia
986 2406 1067 2457 posse
1079 2395 1222 2445 transire.»
1252 2399 1292 2448 Er
1305 2414 1335 2449 eo
1439 2420 1440 2433 2

245 2469 351 2520 doeodi
363 2469 463 2532 grande
473 2472 553 2532 atque
566 2469 706 2520 robustum
718 2469 772 2533 spi·
808 2469 911 2520 somnio
937 2466 980 2529 (de
1008 2481 1062 2530 quo
1087 2467 1149 2519 vida
1171 2475 1336 2534 praesertim

246 2545 365 2607 ritusque
389 2542 542 2602 bellicosos,
571 2556 638 2606 quos
662 2543 772 2593 Annam
808 2541 939 2592 Plumium
956 2541 991 2591 ad
1009 2543 1092 2592 Persii
1107 2541 1125 2592 l.
1143 2542 1170 2605 1.)
1187 2549 1337 2610 supersunt
1439 2568 1440 2607 3

246 2621 273 2669 et
289 2619 374 2680 Scipio
390 2631 455 2682 pruo
472 2631 502 2667 se
526 2617 659 2678 terebant,
687 2629 770 2679 quarn
807 2616 858 2666 lrao
875 2614 1019 2678 reliquiae:
1047 2617 1197 2667 Trooruouit
1217 2620 1274 2669 rito
1290 2635 1337 2684 per

245 2693 279 2743 ad
312 2694 356 2752 id,
391 2693 463 2756 quod
496 2693 623 2755 Scipionis
656 2692 770 2742 Airicani
807 2695 905 2742 leuem
925 2691 1042 2756 ωὶίρίηίε
1063 2705 1143 2742 awos
1159 2695 1259 2756 (anime
1282 2697 1337 2746 Ho-
1439 2688 1440 2713 ³

246 2767 354 2817 maioris
371 2767 457 2816 iuerat
474 2779 579 2816 comes:
606 2779 771 2829 quamquem
809 2765 894 2827 meri).
908 2793 939 2803 -
953 2767 1024 2816 Virus
1039 2767 1161 2816 Hortense
1176 2768 1336 2831 odoesepoe'·
1439 2800 1440 2819 2

186 2863 193 2874 ε
246 2841 276 2890 ut
294 2840 389 2889 ioriem
401 2838 558 2889 bellatorem
571 2841 681 2890 Ennium
694 2854 772 2904 prae·
807 2845 843 2889 tu.
859 2866 886 2878 -
908 2841 969 2889 Trou
983 2841 1085 2890 mauirri
1098 2842 1156 2904 fleri
1170 2855 1212 2891 oro
1224 2857 1334 2904 possm

247 2911 319 2961 dicat
344 2911 420 2960 Silius
445 2911 549 2962 italicus
573 2914 618 2971 ta,
642 2913 690 2964 393
708 2927 768 2978 sqq.
808 2915 903 2965 Facete
923 2915 1003 2978 igilur
1019 2916 1262 2966 Grammaticorum
1284 2919 1336 2966 Ho-

248 3013 275 3022 -
295 2985 360 3034 alter
378 2985 505 3048 Homerus]
525 2988 770 3049 «quemadmodum
807 3002 949 3040 manorum
960 2989 1087 3038 iudicium
1098 2990 1178 3040 nimis
1186 2989 1335 3054 benignum
1439 3014 1440 3017 ¹

246 3057 346 3110 seilicet
358 3058 440 3107 erilioi
452 3059 535 3108 nostri
552 3061 646 3122 Latini,
666 3059 772 3124 elegan-
808 3063 843 3114 de
855 3063 938 3113 Euuio
949 3063 1027 3112 alleri
1043 3063 1124 3126 idque
1136 3062 1205 3114 olam
1218 3063 1335 3126 deridet,
1439 3104 1440 3121 ,

246 3137 288 3182 tes
305 3131 339 3181 illi
355 3131 476 3195 prolecto
493 3133 632 3196 repetiti,
657 3137 771 3186 conten·
809 3139 838 3187 ut
854 3140 992 3187 taceamus
1009 3135 1087 3187 falsus
1099 3138 1336 3200 interpretationes

246 3206 326 3268 dunt,
345 3205 559 3269 aequiparandus
579 3207 725 3268 Homerop
745 3211 770 3260 in
808 3210 967 3272 multorum,
993 3212 1158 3274 quintarium
1176 3211 1202 3260 iu
1220 3214 1336 3264 modum

246 3280 344 3344 quibus
362 3295 404 3330 vv.
418 3281 481 3331 satis
503 3283 585 3342 inest,
612 3284 640 3332 ut
662 3286 769 3348 opinor,
807 3287 834 3335 in
851 3285 893 3336 his
909 3285 984 3335 Ennii
1001 3286 1242 3349 reprehensionem
1262 3289 1336 3338 serio

246 3357 361 3407 ironiae:
382 3369 430 3420 pro
442 3353 680 3407 Alexandrinorum
697 3361 769 3409 enim
807 3373 840 3409 ae
857 3361 915 3409 sino
932 3359 1030 3419 uenia,
1053 3358 1102 3409 sed
1124 3373 1188 3410 sane
1205 3360 1336 3412 innocen

246 3432 398 3483 criticorum
416 3431 500 3482 simiis
522 3433 627 3482 Latinos
647 3433 770 3484 Horatius
809 3434 925 3492 tissima,
948 3432 983 3482 ab
1000 3433 1058 3496 ipso
1075 3434 1183 3483 Horatio
1200 3432 1335 3497 prolatam

244 3505 364 3557 habebat
381 3507 445 3557 istos
462 3519 525 3556 suos
548 3507 768 3571 reprehensores.
808 3508 897 3558 inesse
914 3507 1012 3570 opinati
1033 3510 1105 3557 aunt.
1134 3508 1264 3558 Celerum
1284 3511 1336 3560 Hu-

246 3583 380 3641 lCeterum
414 3582 521 3631 alinum
549 3583 684 3632 Homerum
716 3583 770 3632 En·
808 3583 880 3632 nium
916 3581 959 3632 hio
993 3581 1177 3633 tantummodo
1211 3585 1243 3631 ut
1278 3583 1336 3647 epi-

246 3655 318 3704 nium
335 3656 439 3704 vocavit
462 3656 588 3717 Lucilius,
616 3657 665 3706 nisi
688 3655 770 3707 laisus
808 3669 870 3706 oum
882 3658 989 3719 poetam
1001 3658 1207 3716 commemoret,
1220 3670 1335 3720 prorsus

246 3731 288 3778 est
320 3729 498 3789 Hieronymus
529 3731 633 3781 Comm.
663 3732 690 3782 in
721 3732 770 3784 lli·
807 3732 907 3780 omaso
918 3729 1015 3780 eodem
1026 3732 1056 3779 ui
1067 3731 1180 3794 tragieo;
1199 3731 1240 3780 sie
1252 3734 1335 3782 etium

244 3803 339 3852 ciream
358 3815 382 3852 c.
404 3803 427 3851 i.
449 3803 515 3866 Opp.
538 3805 568 3853 V.
592 3806 652 3854 toi:
682 3806 771 3856 Sedet
807 3802 921 3853 Velleius
945 3803 974 3862 i,
996 3803 1020 3852 9.
1047 3806 1074 3853 et
1099 3803 1204 3864 Quintil.
1229 3805 1281 3867 io,
1308 3806 1333 3863 l,

238 3879 316 3940 poeto
332 3877 442 3926 sublimis
459 3876 612 3941 (Virgilius),
641 3893 691 3929 noo
712 3881 769 3929 Ho-
807 3877 847 3926 97.
867 3877 1005 3928 dumtaxat
1021 3879 1164 3929 Pacuvium
1181 3881 1334 3950 etdecium

242 3963 338 4001 merus
362 3951 459 4014 ulter,
487 3959 515 4002 ut
537 3955 645 4004 torrilias
667 3957 696 4004 do
718 3956 770 4004 Hn-
806 3953 875 4002 iuter
892 3966 922 4002 se
939 3955 1104 4016 comparant.

243 4026 285 4074 olo
302 4026 455 4088 ruqrioutur,
475 4029 629 4089 sedprimus
648 4029 770 4079 Homerus
838 4027 879 4076 53.
898 4026 938 4077 et.
968 4027 1080 4076 Naevtm
1102 4027 1165 4091 eet]
1189 4028 1275 4091 «lpse
1293 4024 1332 4075 ille

201 4157 208 4160 ,
242 4101 311 4161 opud
328 4099 451 4165 Latinos.)
472 4129 497 4136 -
519 4101 608 4153 «Adeo
628 4105 767 4166 praestana
806 4103 933 4164 Naevius,
961 4104 1009 4154 elsi
1034 4103 1117 4154 Ennio
1133 4117 1198 4154 sano
1220 4107 1331 4168 postpo-
