2925 4892
565 352 626 401 sits
646 351 791 402 ucetica.

178 506 218 574 Ut
241 504 317 571 nihil
340 505 481 581 intersit,
504 506 655 571 Davusne
678 505 830 594 loquatur
852 517 883 572 et
905 506 1011 573 audax

178 626 311 716 Pythias
333 636 485 693 emuncto
506 624 629 693 lucrata
650 627 782 693 Simone
806 627 974 701 talentum,

179 750 359 814 incastos
382 746 587 835 famulusque
608 747 661 814 dei
685 746 812 815 Silenus
836 748 964 815 alumni.

178 869 226 933 lix
248 878 325 934 noto
346 866 458 935 lictum
480 888 611 935 carmen
633 889 767 956 sequar,
792 879 826 935 ut
848 870 910 937 sihi
932 848 1038 957 quillis
1164 875 1227 939 alo

170 1059 289 1119 (Uinea,
308 1056 347 1118 11.)
368 1084 396 1092 -
413 1055 472 1106 ato.
492 1069 596 1107 cannen
610 1058 697 1121 fictum
712 1071 740 1121 p.
762 1086 788 1095 -
809 1060 852 1121 qni
868 1059 906 1109 cis
922 1061 955 1121 B,
974 1062 1106 1124 mucium
1123 1064 1151 1112 T.

134 1226 239 1275 starum
257 1224 418 1273 feminarum
436 1236 536 1273 nomen
553 1225 612 1273 erat
628 1224 660 1284 (v.
700 1237 778 1288 purn.
798 1223 851 1275 Ecl.
870 1226 914 1287 10,
934 1226 979 1277 27:
1009 1228 1074 1289 Quin
1090 1234 1114 1279 et
1129 1228 1227 1281 8111111

133 1300 211 1362 Diog.
229 1300 257 1348 l..
276 1298 306 1358 a,
322 1297 364 1347 113.
383 1298 411 1346 et
427 1296 559 1347 stobaens
576 1295 660 1346 Floril.
697 1312 809 1360 pomum
824 1304 957 1351 emetita
967 1301 1098 1353 dunowa
1109 1304 1157 1353 Aut
1166 1317 1226 1368 pre·

134 1374 164 1424 at
174 1412 181 1434 ,
193 1372 244 1435 8.),
265 1372 336 1436 apud
354 1370 543 1421 Phoenicidem
560 1374 607 1420 aut
622 1369 663 1420 le·
698 1376 750 1424 mio
760 1375 826 1437 sonet
838 1380 883 1425 cut
893 1377 1025 1439 rempinus
1037 1379 1139 1428 nullast
1149 1380 1222 1430 11111.

134 1461 187 1498 nae
205 1449 252 1497 aut
262 1446 412 1497 meretricie
423 1458 521 1495 nomen
533 1445 613 1496 luisse
625 1447 664 1494 vl·
731 1447 854 1499 1411-143.
873 1450 916 1499 lix
926 1452 1056 1513 nuncet]
1068 1452 1141 1503 idern
1151 1466 1226 1516 pror·

134 1523 241 1572 detur.»
259 1520 404 1571 Meretricis
424 1520 488 1569 item
506 1532 604 1570 nomen
621 1521 663 1569 est
699 1536 746 1574 sus
763 1526 804 1574 esl
821 1536 853 1574 ac
865 1538 890 1573 v.
904 1523 962 1575 ata.
979 1526 1008 1575 de
1021 1527 1102 1577 nediu
1112 1529 1224 1590 amplis.

133 1595 208 1660 apud
232 1594 396 1645 Simonidem
416 1592 523 1643 Authol.
540 1592 621 1643 Pului-
640 1593 660 1641 l·
698 1599 763 1649 Tota
780 1600 871 1649 autem
882 1599 1076 1649 sententiarum
1088 1602 1173 1653 series
1183 1603 1225 1653 ln-

131 1684 162 1735 p.
182 1670 239 1721 118.
261 1672 288 1719 et
309 1668 381 1732 apud
402 1667 574 1732 Posidippum
595 1667 660 1717 ibid.
698 1673 740 1722 ter
769 1672 957 1736 praecedentia
980 1675 1008 1723 et
1031 1676 1170 1738 sequeutia
1189 1678 1223 1738 (u.

132 1757 162 1807 p.
176 1742 233 1794 146.
249 1770 277 1778 -
295 1743 418 1803 minen]
431 1739 561 1791 Caecilius
572 1756 599 1807 p.
613 1742 659 1791 ii:
698 1745 766 1807 144.)
792 1760 840 1797 nos
863 1748 930 1799 haec
951 1761 1059 1812 quoque
1081 1748 1115 1799 do
1134 1748 1226 1801 elocu-

132 1818 215 1867 11οᾶ11
229 1830 269 1867 nro
284 1822 343 1867 onte
359 1829 442 1867 mmm
458 1816 662 1866 comicosrtuttor
698 1822 770 1870 tione
787 1822 843 1871 slve
862 1820 935 1883 stilo,
954 1834 1007 1871 non
1019 1822 1053 1872 de
1066 1826 1224 1885 argomento

132 1906 203 1943 sesa
222 1892 337 1941 Vorscn's
352 1896 428 1953 ctam
443 1891 587 1939 masuris
602 1891 662 1940 leat·
698 1895 826 1946 dramatis
843 1897 950 1959 satyrici
965 1898 1132 1961 interpreturi
1144 1900 1223 1961 cogit,

132 1968 245 2017 tisim
268 1965 315 2017 uhi
332 1963 488 2029 Spengelius
510 1964 588 2015 allert
604 1966 661 2015 hle·
698 1971 728 2019 nt
752 1970 902 2021 rectissime
924 1970 1049 2020 viderunt
1064 1972 1143 2022 Vicus
1161 1974 1224 2035 (etsi

132 2040 230 2091 sundri
252 2040 285 2089 11.
306 2053 335 2103 p.
355 2039 416 2089 ⁴72:
442 2040 533 2109 γέρων
552 2032 661 2104 duana-
698 2045 761 2094 noto
784 2044 963 2106 antiquiorum
986 2045 1163 2109 interpretum
1180 2060 1226 2096 er-

130 2117 219 2181 μυκτ’
236 2106 338 2175 ἅθλιος
354 2110 476 2178 λέμφος.
494 2114 549 2164 Nos
566 2114 661 2164 abac·
697 2118 752 2168 rori
764 2117 895 2168 obnoxius
906 2118 974 2169 haec
985 2120 1132 2169 annotavit:
1151 2122 1224 2172 «Non

128 2191 214 2253 plen.
226 2186 310 2239 Plani.
323 2188 420 2238 Bacch.
430 2187 457 2248 4,
466 2187 492 2249 4,
502 2189 549 2237 to:
561 2189 661 2239 limen-
698 2192 742 2243 hie
759 2192 812 2254 agit
829 2192 952 2242 lloratius
964 2190 997 2241 de
1009 2195 1167 2256 argomento
1179 2208 1224 2245 sa-

131 2278 195 2329 pam
222 2263 302 2313 hercle
329 2263 452 2313 hominem
475 2262 554 2325 prode
579 2263 659 2313 11111.
698 2270 775 2330 tyrae
792 2264 1011 2331 (sieldeligendo,
1031 2267 1080 2318 sed
1097 2269 1131 2319 de
1148 2272 1224 2332 saty-

132 2339 241 2389 Terent.
261 2337 368 2387 Phorm.
388 2336 419 2398 4,
440 2335 469 2397 4,
488 2336 517 2385 1;
544 2338 659 2387 limeum
698 2342 745 2391 rici
769 2340 819 2392 stili
840 2340 993 2392 difficultate
1011 2343 1103 2405 ceta),
1129 2345 1222 2407 postea

131 2418 241 2476 argnto
260 2424 336 2462 senes
358 2438 385 2447 -
406 2416 488 2461 rioms
502 2412 662 2474 fumumque
697 2414 821 2467 wieland
844 2416 882 2466 sic
903 2417 930 2467 in
948 2418 1135 2468 Germanicum
1157 2430 1223 2467 oon·

131 2486 285 2537 deiSilenus
300 2486 406 2547 simunt]
424 2486 556 2538 Diodorus
572 2488 622 2538 Sic.
633 2487 659 2548 l,
698 2492 823 2539 vertens:
856 2488 906 2539 Aua
930 2490 1014 2539 touta
1037 2492 1223 2551 jederrnunn

131 2560 161 2613 4;
184 2561 261 2623 φασὶ
281 2558 313 2611 δὲ
334 2561 384 2611 not
406 2558 589 2627 παιδαγωγὸν
611 2562 658 2612 nat
698 2564 873 2614 bekanntan
892 2564 1009 2613 Wdrtem
1024 2564 1101 2613 wollt'
1117 2565 1157 2613 ich
1172 2565 1223 2614 mir

131 2636 246 2707 τροφέα
253 2634 431 2687 συνέπεσθαι
438 2632 661 2709 accerume
697 2639 752 2689 sine
766 2652 847 2689 neus
857 2638 993 2699 Sprcchc
1004 2637 1083 2686 111111
1095 2639 1147 2686 cet.
1162 2638 1219 2700 (nisi

130 2712 213 2773 zeta<
234 2704 313 2777 αὐτῷ
335 2706 489 2777 (Διονύσῳ)
512 2708 658 2777 Σειληνόν,
697 2712 770 2775 quod
791 2712 880 2762 verbis
900 2724 992 2761 novom
1013 2710 1127 2773 liupatoni
1143 2712 1221 2763 nimis

131 2780 291 2851 εἰσηγητὴν
315 2786 364 2835 nal
387 2781 563 2837 διδάσκαλον
579 2782 660 2852 γινό-
696 2786 773 2837 verbi
789 2788 875 2850 11111111
892 2786 1052 2849 potestatem
1063 2785 1153 2847 auxit),
1172 2785 1221 2837 de-

129 2874 223 2925 μενον
248 2857 305 2910 τῶν
329 2858 490 2911 milicem
512 2859 660 2927 e'rmpden-
697 2862 778 2925 nique
800 2862 925 2911 Dilutzer.
952 2859 998 2909 Est
1020 2860 1112 2921 igitur:
1141 2861 1221 2911 «Stu-

130 2930 242 3001 μάτων,
255 2934 305 2985 sal
315 2929 428 3001 μεγάλα
439 2933 660 3001 συμβάλλεσθαι
697 2935 786 2996 dabo,
801 2938 830 2984 ut
840 2938 899 2983 noto
910 2935 989 2996 atque
1002 2932 1156 2996 quotidiano
1166 2946 1223 2984 ser·

130 3008 172 3076 τῷ
196 3006 329 3076 Διονύσῳ
350 3005 424 3081 πρὸς
440 3006 546 3081 ἀρετήν
562 3026 593 3060 se
609 3012 660 3061 nol
697 3023 792 3069 mone,
820 3008 892 3059 omui
919 3006 1075 3059 elocutionis
1100 3006 1221 3059 insolitae

130 3081 231 3147 δόξαν.
250 3084 347 3136 liucchi
357 3084 529 3149 paedagogos
545 3088 573 3135 et
588 3088 660 3149 post·
696 3087 777 3147 atque
789 3083 904 3145 tragicae
917 3082 1083 3133 affectatione
1095 3083 1220 3145 devitata,

131 3174 166 3211 ea
190 3160 338 3224 perpetuus
362 3172 469 3221 comes,
497 3160 565 3210 mire
590 3162 659 3211 mix·
696 3162 757 3209 utar
773 3158 799 3207 in
817 3158 933 3219 satyrica
951 3155 1038 3208 iuhula
1056 3166 1222 3224 componen-

131 3236 176 3284 tns
194 3247 228 3283 ex
244 3232 374 3284 ebrietate
391 3236 419 3284 et
436 3234 566 3298 sapientia
584 3236 659 3285 ioco·
695 3233 757 3284 da.»
784 3233 840 3283 lloc
858 3233 941 3292 euim,
961 3231 1023 3281 nihil
1036 3231 1122 3294 aliud,
1141 3234 1221 3297 estsi-

131 3321 177 3369 sa,
196 3304 280 3377 siper
292 3307 409 3369 divinus,
422 3320 504 3371 quem
516 3310 658 3372 propterea
694 3312 776 3367 ctum,
796 3319 877 3356 «cum
895 3308 951 3355 arte
964 3307 1172 3369 compositum·
1191 3308 1221 3357 ul

131 3395 187 3432 non
212 3382 291 3432 decet
311 3380 385 3444 loqui
404 3382 503 3432 eodem
519 3382 600 3432 modo
617 3384 659 3431 at·
695 3393 777 3443 saepe
794 3380 865 3443 apud
880 3377 1076 3439 Quintilianum.
1097 3378 1220 3440 (Consule

130 3470 186 3519 que
198 3456 335 3507 servulum
346 3456 495 3516 comicum;
509 3456 659 3506 cuiusmodi
695 3455 777 3505 modo
786 3452 886 3505 Bonelli
895 3453 1028 3513 Lericon.)
1044 3452 1119 3512 Quid
1131 3454 1220 3516 ipsum

130 3534 223 3580 temen
249 3543 374 3581 sermone
395 3528 487 3581 humili
512 3533 539 3580 et
561 3531 658 3593 agresti
694 3528 808 3580 verbum
826 3540 888 3578 cum
905 3528 1078 3577 miuusreote
1091 3524 1220 3589 intellige·

131 3604 215 3654 utitur
228 3602 332 3653 Silenus
343 3604 414 3668 apud
426 3605 554 3653 Naevium
567 3604 657 3666 (Bothe
695 3608 768 3666 rent,
801 3601 921 3667 plerique
949 3602 1113 3665 interpretati
1141 3603 1216 3652 sunt:

131 3679 405 3742 Fragmcompht.
418 3677 533 3728 Klussm.
545 3692 570 3742 p.
580 3678 656 3741 1891,
695 3679 795 3729 «Etiam
820 3679 847 3727 in
873 3674 961 3727 lahula
986 3676 1114 3740 satyrica,
1141 3678 1170 3726 ut
1193 3677 1219 3727 in

131 3766 195 3803 oum
212 3754 365 3816 Lycurgum
377 3754 507 3803 Thracem
524 3754 560 3803 itu
573 3754 658 3804 incre-
694 3752 829 3816 tragoedia
844 3753 877 3815 lv.
891 3751 939 3801 tae
950 3750 1016 3814 sq.)‚
1035 3750 1157 3801 tractabo
1173 3764 1220 3815 po·

130 3828 195 3891 pat:
220 3827 385 3877 Parnm
409 3828 528 3889 paam,
554 3829 655 3887 cudw,
694 3830 746 3879 tius
763 3828 950 3890 argumentum
973 3824 1098 3877 omnihus
1115 3828 1217 3885 notum,

128 3913 224 3964 poseo,
242 3900 327 3963 lurco,
351 3902 420 3951 oleo!
446 3900 656 3953 emonentmum
693 3901 736 3953 vel
754 3904 842 3966 ipsum
854 3900 1013 3965 Cyclopem,
1034 3902 1068 3950 ite
1080 3902 1179 3960 tumen,
1190 3901 1220 3950 ut

129 3974 212 4025 Sileni
228 3976 357 4027 infantem
372 3976 511 4029 alumnum
527 3976 596 4027 ulnis
614 3990 658 4041 ge·
694 3977 787 4027 drama
799 3978 864 4027 scita
876 3976 1030 4035 mutatione,
1044 3976 1119 4025 novis
1133 3968 1219 4039 ’ἤθεσι

129 4050 226 4099 stantis
249 4048 421 4101 simulacrum
442 4050 504 4102 ride
525 4054 552 4102 in
572 4054 658 4102 Museo
694 4052 743 4102 sol
760 4048 1040 4118 propugnaverit,
1059 4049 1147 4109 idest,
1161 4059 1219 4098 me-

130 4124 346 4175 Cltiorumontill.
360 4126 491 4176 lahllll.
505 4126 577 4177 etci.
591 4129 657 4177 Ger·
694 4141 753 4189 nm,
781 4140 835 4177 non
856 4138 931 4175 mera
954 4122 1149 4188 interpretatio,
1178 4122 1219 4183 lut

130 4198 199 4249 hard
216 4198 311 4263 Coupsa
327 4215 367 4265 pr.
385 4206 410 4253 et
425 4205 473 4252 etr.
491 4215 517 4267 p.
532 4202 572 4253 17.
596 4202 656 4253 Cal·
694 4204 724 4263 Q.
739 4202 874 4253 Ciceronis
886 4199 963 4261 illae)
982 4212 1033 4251 non
1046 4195 1148 4248 servilis
1161 4196 1218 4247 imi·
