2925 4892
262 358 324 423 490
530 334 536 346 ’
619 360 748 411 444444
765 360 986 415 nrrsronannn

304 518 347 582 Tc
370 515 476 595 dicas;
498 536 572 583 nam
594 516 621 582 si
644 516 723 583 ratio
746 526 778 582 ct
800 516 972 603 prudentia
993 536 1106 591 ouras,
1311 519 1350 583 25

302 640 373 704 Non
395 636 484 705 locus
507 636 599 705 effusi
623 637 685 705 late
707 638 807 703 maris
828 636 950 703 arbiter
970 636 1090 712 aufert,

305 758 453 838 Caelum,
477 780 541 827 non
563 758 704 825 animum
719 768 858 835 mutant,
881 759 939 846 qui
954 768 1146 827 transmare
1164 771 1309 827 currunt.

161 1030 163 1037 ¹
260 1008 321 1074 Οὐχ
343 1008 385 1077 εἷς
406 1010 516 1085 πάτρας
531 1028 585 1079 μοι
600 1010 722 1085 πύργος,
748 1007 785 1064 οὗ
823 1016 904 1078 atquc
926 1027 942 1064 4
966 1013 1053 1077 patria
1071 1014 1261 1065 remotissimis
1278 1018 1352 1067 iran-

259 1090 313 1151 ptu
330 1090 431 1155 στέγη,
449 1084 553 1154 Πάοης
570 1086 601 1139 ot
615 1090 723 1159 χέρσου
735 1087 786 1137 καὶ
823 1085 928 1149 quillius
960 1086 1119 1150 boetiusque
1143 1089 1241 1138 victuri
1269 1102 1351 1153 quam

260 1158 390 1228 πόλισμα
400 1164 450 1213 καὶ
460 1156 695 1228 δόμοςἛτοιμος
706 1156 786 1228 ἡμᾶς
823 1160 922 1210 domi.»
949 1162 1027 1211 Laus.
1061 1160 1102 1210 Ad
1126 1160 1208 1212 verba
1230 1161 1352 1213 similiter

258 1236 458 1289 ἐνδιαιτᾶσθαι
474 1236 562 1306 πάρα.
590 1266 617 1274 -
643 1239 701 1289 Non
718 1239 786 1289 loom
822 1234 951 1294 iuveni),
967 1233 1010 1284 434
1026 1248 1032 1282 :
1050 1236 1161 1297 midique
1176 1236 1353 1287 mitesce*

259 1312 322 1377 cet]
340 1311 465 1363 Similiter
475 1314 523 1363 Dio
536 1313 673 1375 Chrysosl.
688 1315 731 1363 Or.
742 1313 783 1362 20.
821 1310 919 1359 4444444
935 1314 959 1358 44
969 1312 1095 1377 carpentis
1106 1314 1129 1359 44
1139 1310 1246 1360 molius
1256 1325 1350 1363 omues.

259 1400 285 1451 p.
299 1386 356 1437 494.
370 1388 413 1437 le:
441 1380 476 1437 οὐ
493 1384 583 1449 τόπος
600 1386 678 1437 ἐστὶν
695 1380 713 1437 ὁ
730 1401 786 1435 ποι-
824 1384 887 1433 llira
920 1385 962 1433 444
994 1381 1107 1433 aliorum
1149 1384 1349 1449 interpretatio:

259 1462 353 1532 ρέχων
370 1454 438 1511 οὐδὲ
449 1457 483 1511 τὸ
495 1457 686 1527 ἀποδημῆσαι
697 1456 784 1526 τὸμὴ
823 1456 1008 1522 «Spectaculis
1025 1458 1052 1509 in
1068 1458 1146 1509 Circo
1163 1472 1226 1509 cum
1244 1460 1352 1523 quadri·

259 1530 347 1597 φαῦλ·
365 1530 438 1625 ἄρτοι
454 1533 587 1623 πράττειν
599 1528 667 1587 οὐδὲ
679 1536 719 1597 εἰς
730 1532 786 1586 Κό-
823 1533 863 1594 giu
879 1534 981 1617 etcum
992 1531 1107 1619 narinus
1120 1533 1147 1583 in
1158 1534 1350 1585 Naumachia.-

258 1610 784 1756 tilltllltltliltlltll
822 1605 1351 1748 ,nillislnt‘sldlt'tdl

259 1756 342 1811 44444.
363 1790 390 1798 -
410 1761 512 1825 orditer]
531 1763 598 1825 «qui
615 1773 689 1811 mure
707 1758 785 1823 longa
822 1772 861 1808 cet
877 1761 974 1809 4444444
986 1758 1098 1821 potebat,
1112 1758 1306 1822 «quaerebat-
1320 1786 1347 1797 ·

258 1836 412 1899 prospectat
428 1836 518 1899 itaque
536 1836 593 1885 eius
604 1832 685 1885 veluti
697 1834 786 1884 domi·
824 1832 929 1897 iltuit-ir]
942 1846 1009 1896 quas
1019 1846 1115 1883 444444
1125 1832 1191 1883 dicit
1200 1835 1295 1885 iuven.
1308 1836 1348 1896 44),

259 1922 310 1959 nus
332 1910 399 1959 cst.»
437 1910 476 1959 Cl.
495 1909 543 1958 Od.
562 1911 590 1968 4,
609 1909 638 1969 3,
658 1910 703 1959 tt:
731 1910 785 1970 Quo
823 1907 879 1957 los.
923 1906 1084 1971 oppidulum
1116 1920 1202 1973 prope
1235 1908 1350 1973 paludes

259 1984 344 2044 (Noto)
359 1996 411 2031 οοπ
422 1982 517 2032 orditer
526 1984 640 2033 Hadriae
650 1984 783 2034 licien·
822 1982 974 2045 Pomptinas
991 1985 1020 2032 44
1034 1980 1147 2033 Velitras
1163 1982 1304 2047 (44444444),
1322 1986 1349 2033 in

258 2054 370 2115 Caelum,
400 2070 451 2105 444
478 2056 601 2121 minnan]
636 2058 785 2108 Aeschines
822 2056 880 2119 ipso
896 2054 940 2105 illo
956 2068 1040 2120 pago,
1069 2057 1116 2120 qni
1140 2069 1212 2107 nnnc
1234 2058 1349 2109 cluam

257 2128 319 2178 adv.
339 2129 457 2193 ctesiph.
483 2131 506 2193 5.
524 2131 572 2181 78:
600 2123 635 2180 οὐ
660 2126 716 2200 γὰρ
732 2127 785 2181 τὸν
822 2130 933 2190 dicitur,
951 2130 1033 2180 situm
1050 2131 1131 2181 luisse
1148 2126 1294 2183 arbita-dtus
1308 2136 1350 2184 444

258 2198 381 2273 τρόπον,
406 2198 481 2253 ἀλλὰ
505 2199 557 2253 τὸν
577 2201 669 2254 τόπον
690 2202 784 2270 μόνον
823 2202 963 2254 cardinali.
987 2206 1079 2268 (lnscr.
1098 2218 1134 2255 m.
1153 2206 1209 2255 Lat.
1229 2208 1259 2255 N.
1281 2208 1348 2269 ⁴22.)

257 2274 442 2342 μετήλλαξεν.
472 2305 499 2314 -
526 2279 636 2329 Strenuo
652 2306 666 2317 -
682 2280 784 2343 laertio]
823 2278 1223 2343 Negattamenwalclrenaerl.
1238 2295 1265 2346 p.
1278 2280 1348 2341 474,

258 2349 347 2411 Qualis
364 2354 406 2403 est
420 2350 587 2403 ardelionum
599 2355 650 2404 vita
665 2354 783 2418 (44444444.
822 2354 871 2415 ita,
890 2356 919 2403 nt
935 2366 1017 2405 verns
1028 2354 1186 2408 Ulubrarum
1197 2356 1265 2406 sitris
1276 2370 1348 2407 nunc

257 2426 286 2487 2,
308 2426 359 2489 7.),
388 2428 433 2490 qni
461 2440 524 2478 cum
551 2441 661 2493 semper
685 2428 784 2493 aliquid
822 2429 936 2491 ignorari
947 2428 1078 2479 videatur.
1093 2431 1166 2481 llanc
1174 2430 1350 2496 Trebatiipe

258 2498 404 2551 moliuntur
426 2514 542 2565 moxque
559 2504 662 2553 temere
679 2505 783 2568 incepta
821 2504 899 2553 triam
916 2504 987 2553 ridet
1003 2503 1099 2555 Cicero
1115 2503 1150 2555 ad
1168 2506 1240 2555 Fam.
1258 2506 1286 2566 7,
1306 2508 1348 2565 48,

257 2576 397 2637 omittunt,
421 2575 484 2626 nlhll
501 2589 620 2640 unquam
637 2590 786 2642 44444444-
820 2578 845 2627 3.
871 2580 984 2642 propter
1006 2576 1216 2629 ranunculorum
1239 2579 1292 2640 ibi,
1319 2586 1350 2631 ut

257 2650 542 2715 turnecperllciunt;
564 2652 716 2715 quodcum
734 2654 785 2718 ipsi
821 2653 870 2713 ait,
897 2647 1114 2723 ρητορεοόντων
1138 2652 1348 2706 multitudinem.
1400 2648 1405 2656 “

257 2726 389 2787 sentiunt,
418 2726 507 2777 taedio
531 2733 694 2789 ecarcmtnr,
724 2729 783 2779 iati-
820 2726 961 2790 (aumrm
985 2725 1060 2777 locus
1082 2728 1109 2777 in
1134 2726 1219 2787 ltalia,
1247 2730 1275 2778 in
1293 2742 1349 2792 quo

256 2802 360 2862 guntur.
390 2802 476 2853 Minus
493 2804 566 2852 recte
584 2815 719 2853 nonnemo
735 2817 784 2853 ex·
821 2802 935 2852 nutritus
951 2804 994 2852 cst
1007 2802 1268 2865 Cacsarsugnstus,
1287 2817 1350 2868 pro

255 2872 363 2938 plicavit
380 2874 414 2925 dc
428 2877 481 2926 vitu
495 2877 578 2927 otiosa
590 2890 621 2927 44
633 2876 782 2941 tranquilla,
821 2879 881 2939 pter
896 2888 978 2939 quam
995 2888 1107 2927 causum
1122 2874 1158 2925 ab
1174 2876 1286 2927 lloratio
1302 2892 1350 2929 no-

256 2961 328 3009 qnae
345 2954 449 2999 stream
465 2962 514 3000 nos
531 2957 659 3013 coerceat,
686 2952 713 3001 id
731 2955 781 3013 ast,
820 2950 950 3011 minatur,
969 2962 1032 3000 cum
1048 2951 1084 3001 444
1100 2950 1349 3003 desertiseimnsvi-
1450 3015 1451 3024 ρ

256 3022 396 3084 distineat,
416 3022 481 3073 dum
497 3025 683 3088 assequendae
702 3028 726 3076 44
738 3040 784 3076 na·
819 3036 893 3074 cus.»
911 3025 1004 3074 Poma.
1031 3024 1071 3075 Cl.
1088 3026 1194 3075 sueton.
1208 3026 1346 3078 Octauo:

256 3096 324 3146 viter
340 3096 488 3147 studemus.
525 3098 629 3149 Etenim
651 3111 701 3163 per
718 3095 783 3164 ὀξύ-
818 3098 1036 3149 Nummorum
1051 3099 1106 3149 aiot
1115 3100 1349 3151 osteuditreudltoc

254 3182 355 3241 μωρον
376 3170 477 3220 dictum
500 3174 554 3233 est,
581 3175 611 3221 ut
627 3172 691 3223 illud
707 3175 781 3226 Ennii
819 3172 888 3222 44444
902 3173 931 3222 lo
945 3174 1015 3224 44444
1029 3172 1187 3234 mumdum,
1203 3174 1283 3224 44444
1301 3176 1348 3226 Vo-

255 3246 327 3309 apud
345 3244 587 3309 Gell.lil,tt,li:
607 3250 688 3300 044444
704 3264 783 3315 nepo-
818 3249 911 3309 titrca.)
938 3275 966 3285 -
993 3250 1094 3299 44444444
1113 3250 1274 3314 --ucoootl
1300 3252 1347 3303 Est

254 3320 289 3370 tio
306 3322 406 3371 4444444
421 3323 509 3384 444444,
528 3323 590 3385 quid
599 3324 665 3374 44444.
684 3327 779 3377 Sanco.
819 3315 946 3388 adrepto
966 3323 1023 3374 sivo
1046 3320 1089 3373 illa
1113 3323 1218 3387 Epicuri
1234 3317 1347 3413 ἀταρα-

254 3394 289 3445 dc
306 3397 383 3447 llrev.
402 3398 472 3447 vitae
492 3399 532 3459 44,
551 3398 583 3448 3:
603 3400 726 3449 desidioso
742 3414 782 3450 οο
818 3393 882 3460 fita,
901 3392 920 3463 ἢ
938 3393 1004 3461 (οὖν
1020 3394 1056 3468 τῇ
1073 3395 1126 3449 τοῦ
1136 3395 1276 3462 σώματος
1288 3416 1347 3467 oyc-

253 3472 362 3533 cuputto.
387 3472 422 3521 dc
439 3473 536 3535 Tranq.
554 3486 598 3523 an.
618 3474 664 3535 ts,
683 3475 711 3524 2:
740 3476 781 3523 tn-
818 3473 873 3540 eip)
891 3470 943 3523 τοῦ
954 3474 1104 3542 μακαρίως
1115 3470 1238 3543 {priori
1251 3473 1345 3539 τέλος.

253 3547 456 3608 quictuincrttu.
485 3547 575 3609 ont,
594 3546 682 3609 am:
709 3550 781 3597 tmu-
818 3549 893 3611 444444.
911 3548 940 3598 i..
962 3548 1008 3611 40,
1028 3549 1099 3607 ⁴²⁸4
1127 3549 1251 3599 «animm
1271 3550 1345 3603 bene

252 3621 323 3670 44444
344 3622 476 3683 supientia.
504 3622 533 3683 2,
555 3623 600 3683 44,
621 3622 671 3672 26:
699 3622 782 3686 fucitis
818 3623 996 3685 compositus,
1024 3621 1095 3672 nulla
1116 3622 1261 3686 cupiditate
1279 3639 1347 3677 exs-

252 3694 365 3743 oocoitio.
393 3696 458 3759 Epp.
479 3697 505 3756 4,
520 3696 565 3757 tn,
580 3696 627 3746 ⁴9:
645 3700 781 3748 concordia
817 3697 913 3758 gitatus
947 3696 1073 3761 nullaque
1100 3698 1265 3760 aegritudine
1296 3702 1347 3752 de·

253 3766 355 3815 44444444.
375 3768 448 3829 illos:
467 3771 780 3835 peacldftiperllitr-
817 3784 953 3835 pressus.»
987 3773 1122 3822 Sentantiu
1145 3774 1201 3822 tam
1221 3775 1347 3839 γενικῶς

253 3840 405 3904 ttpponp.)
419 3867 446 3876 -
459 3844 565 3907 exercet]
588 3842 682 3895 Salust.
702 3844 777 3896 catil.
816 3859 943 3911 expressa
960 3849 1014 3908 444,
1035 3848 1066 3897 ut
1081 3845 1239 3898 familiarem
1255 3851 1346 3901 ollon-

253 3913 281 3963 44
296 3927 301 3960 :
319 3914 403 3963 144444
419 3917 502 3980 inopia
512 3918 705 3981 multiloquam
716 3933 780 3969 coc-
816 3920 880 3971 dere
897 3933 1070 3986 nequaquam
1086 3924 1192 3985 posset:
1211 3926 1240 3973 44
1250 3927 1345 3977 tamen
1447 3933 1448 3946 ¹

251 3988 314 4039 titio
331 3988 429 4039 4444444
450 3992 577 4041 tumtunm
601 3993 776 4045 coercebat.
814 4008 946 4059 perquam
962 3995 1061 4046 acerbe
1078 3996 1209 4047 criminati
1226 4004 1294 4051 sunt
1304 4002 1346 4051 ln-

254 4090 281 4098 —
294 4062 472 4129 4444444444]
492 4068 563 4117 «Nos
580 4069 663 4117 marin
681 4071 709 4118 et
725 4072 779 4119 ter·
815 4072 947 4135 terpretes
980 4068 1098 4121 nonnulli
1130 4069 1234 4123 bonum
1267 4074 1345 4127 hunc

252 4150 295 4187 ras
309 4150 497 4203 peragramus,
516 4142 545 4191 ut
558 4140 629 4193 bene
641 4142 776 4208 beateque
813 4143 969 4207 Bullatium,
988 4144 1138 4205 hominem,
1158 4148 1187 4196 ut
1197 4147 1289 4211 aiunt,
1305 4151 1345 4200 in·

251 4212 386 4276 vivamus,
416 4214 492 4281 quasi
516 4218 543 4267 in
568 4214 633 4269 locis
659 4219 776 4271 externis
792 4263 795 4271 .
813 4220 995 4281 constantem,
1008 4217 1108 4283 levem,
1122 4231 1275 4286 morosum,
1290 4226 1344 4276 llo-
