2925 4892
268 387 329 452 553
624 383 754 436 nomm
771 381 991 435 ammoniaca

309 542 453 610 Dormiat
476 542 507 604 in
530 540 651 615 lucem,
675 546 783 605 scorto
805 547 978 625 postponet
999 537 1169 604 honestum

311 663 473 738 Officium,
496 636 653 726 nummos·
667 657 790 724 alienos
813 669 940 745 pascet,
963 657 1005 724 ad
1027 659 1126 724 imum
1315 663 1354 725 35

310 785 413 852 Thrax
434 784 495 850 crit
516 791 572 848 aut
593 780 717 846 olitoris
739 788 813 866 aget
833 778 985 846 mercede
1006 777 1175 846 caballum

309 909 470 973 Arcanum
491 923 599 991 usquc
614 911 654 986 ,ta
679 899 876 968 scrutaberis
899 899 983 966 illiue
1005 921 1165 987 uuquam,

310 1027 591 1113 Commissumque
613 1034 704 1111 teges
726 1031 760 1088 et
780 1022 856 1087 vino
877 1031 980 1086 tortus
1002 1031 1035 1088 ct
1055 1021 1120 1101 ira;

308 1152 376 1216 Nec
396 1157 451 1214 tua
471 1144 619 1212 laudabis
641 1141 749 1210 studia
771 1152 827 1208 aut
846 1142 952 1208 aliena
973 1142 1167 1229 reprendes,

332 1327 374 1378 36.
395 1327 479 1376 lbrau
496 1337 518 1375 s.
539 1324 607 1374 l'rnr
623 1322 745 1386 bSEcdp,
764 1321 848 1372 LCtF:
877 1319 1212 1382 lbroulieutleius,bl10.
1234 1349 1263 1359 -
1282 1325 1322 1373 37.

299 1403 375 1452 attiae
385 1399 485 1463 bscdp,
499 1399 578 1449 Lcti.
598 1398 673 1460 (iliius
684 1398 717 1457 E,
737 1397 823 1447 codex
834 1395 943 1460 collegii
953 1394 1058 1460 Regalis
1068 1399 1097 1445 et
1107 1408 1148 1460 pr.
1160 1411 1187 1456 ν,
1205 1398 1324 1448 Potuem

300 1477 368 1536 duo,
387 1473 531 1534 Bentleius,
550 1473 628 1535 MJO.)

268 1631 451 1699 Eutrapelus·
479 1631 571 1680 Senon.
600 1656 628 1666 -
652 1629 679 1678 in
701 1627 789 1692 lucain]
828 1626 1062 1678 iorumolitorium
1072 1629 1217 1678 mittitur·
1230 1631 1358 1680 «satirico

267 1709 346 1759 bisin
363 1709 410 1757 den
429 1707 479 1769 Top
494 1705 586 1754 bireto.
615 1702 691 1753 Hand
712 1705 789 1752 Tura.
828 1701 1181 1752 invenitduosordidissima
1191 1715 1308 1753 munera
1319 1704 1359 1753 iu·

268 1785 309 1834 111.
323 1796 349 1847 p.
364 1781 421 1831 3³5.
443 1806 469 1816 —
488 1779 615 1828 montom
626 1777 750 1842 Omdmn]
762 1778 792 1825 ut
828 1777 889 1825 turo
910 1776 1079 1825 mercenario
1098 1779 1160 1840 post
1180 1775 1294 1827 beatum
1316 1780 1359 1828 in-

267 1858 333 1920 Epp.
347 1857 357 1904 l
370 1894 375 1914 ,
390 1855 435 1914 47,
448 1855 493 1902 al:
513 1853 718 1917 Officiumsocto,
738 1864 791 1901 non
830 1861 938 1901 cessum
963 1848 1118 1914 cultumque
1143 1849 1305 1912 laetantem,
1333 1856 1359 1902 et

267 1934 310 1980 ost
326 1925 360 1978 τὸ
377 1925 524 1992 καθῆκον,
543 1927 591 1976 aed
603 1925 732 1988 significat
743 1927 793 1974 im-
829 1929 974 1987 utmmque
991 1923 1044 1973 tale
1056 1927 1112 1984 est,
1131 1924 1203 1987 quod
1215 1927 1252 1975 sit
1262 1939 1361 1990 speon

266 2004 360 2069 primis
383 2001 567 2052 salutationem
589 2002 693 2064 patroni
716 2003 793 2050 cete-
830 1997 1247 2062 lumlspectaculumtlpopulo.·
1260 2001 1357 2050 Ponrn

267 2090 412 2140 rerumque
436 2075 569 2126 lautomm
592 2079 672 2138 atque
696 2074 793 2125 obs'er-
862 2073 902 2121 37,
926 2072 967 2122 38.
992 2072 1121 2121 Arconmn
1146 2073 1211 2137 oet]
1239 2073 1287 2123 llis
1312 2087 1358 2124 vv.

266 2151 383 2202 rentiam
401 2152 427 2198 ln
440 2147 792 2211 eos-omnmor-poecet]
830 2146 993 2196 enumeratis
1009 2146 1092 2205 vitiis,
1119 2159 1189 2209 quae
1211 2145 1295 2197 Lollio
1318 2150 1361 2198 vi·

268 2224 425 2290 «pecuniam
443 2221 535 2284 grandi
558 2221 649 2271 lenore
671 2225 793 2272 mutuam
829 2221 910 2271 tanda
922 2221 987 2280 siut,
1000 2222 1025 2270 ei
1036 2220 1360 2274 commendatbonaaar·

267 2299 383 2350 sumet.»
412 2297 471 2360 lpse
489 2299 579 2346 autem
596 2309 676 2347 usura
695 2297 722 2345 et
740 2297 793 2345 im·
830 2299 884 2356 tes,
901 2295 1049 2358 qulbueuti
1060 2293 1172 2354 debeat;
1190 2299 1254 2346 aute
1267 2299 1358 2348 omnia

268 2373 360 2437 primis
384 2371 547 2420 anatocismo
572 2369 643 2434 apud
668 2371 792 2434 antiquos
830 2372 960 2432 integram
977 2368 1060 2419 fldem
1076 2370 1103 2418 in
1119 2367 1254 2420 fautorem
1271 2373 1360 2422 etho·

268 2448 407 2510 frequenta
424 2443 550 2509 paulatim
565 2445 693 2506 poenitor,
713 2457 793 2506 auge-
830 2447 937 2494 nestum
958 2441 1118 2506 obsequium
1140 2442 1359 2496 observantiam·

267 2523 323 2581 tur,
337 2532 396 2570 sora
408 2517 568 2583 principalis.
589 2519 641 2568 Cir.
655 2519 791 2582 Aristopb.
830 2531 883 2580 que
901 2518 928 2565 in
945 2516 1075 2576 eundem,
1094 2515 1178 2566 multo
1195 2519 1310 2580 quidam
1322 2521 1361 2570 di·

268 2593 336 2646 Nub.
348 2593 412 2643 ⁴286
421 2605 481 2656 sqq.
494 2594 571 2643 Arist.
583 2592 656 2643 Polli.
669 2593 692 2652 l,
706 2592 730 2653 3,
744 2593 791 2642 23:
830 2603 938 2641 vomam
960 2603 975 2639 a
996 2589 1041 2639 vili
1066 2589 1108 2639 illa
1134 2589 1286 2642 adulatione
1314 2607 1357 2643 vr.

268 2663 389 2729 ὀτόκος
406 2661 478 2717 αὐτὸ
495 2661 539 2730 (τὸ
559 2662 701 2731 νόμισμα]
717 2671 796 2716 ποιεῖ
831 2665 919 2716 iti-tt.
940 2693 968 2702 -
986 2665 1146 2730 ammius]
1172 2667 1279 2729 Optime
1306 2669 1359 2719 boc

268 2741 355 2793 πλέον
366 2741 425 2791 κτλ.
445 2743 549 2801 Perat,
564 2739 624 2792 lit:
639 2741 704 2803 Quid
711 2740 794 2802 peta?
830 2755 856 2790 v.
879 2741 1003 2803 exprimit
1026 2739 1172 2790 molestum
1197 2745 1280 2804 atque
1306 2746 1359 2794 im-

267 2823 295 2867 ut
313 2817 423 2876 nummi,
445 2829 507 2877 qaam
525 2815 565 2864 bic
584 2817 721 2878 quinoum
736 2829 793 2864 mo-
830 2817 974 2877 portunum
990 2827 1089 2863 arcana
1105 2815 1284 2878 investigandi
1299 2821 1359 2867 stu·

268 2894 334 2940 desto
358 2892 505 2950 Numeros,
520 2895 631 2953 parqont
650 2891 738 2939 ootdoa
753 2903 794 2938 nt·
831 2888 914 2937 dium.
929 2913 957 2924 -
969 2889 1045 2950 idlae]
1058 2885 1183 2938 «iabwrie
1194 2891 1264 2947 tui;»
1282 2891 1357 2954 qnod

268 2967 330 3014 dore
346 2963 467 3013 munem?
492 2965 562 3014 Cava
580 2962 712 3027 explices:
733 2975 794 3027 «pe-
831 2964 928 3027 partim
945 2975 1007 3012 cum
1024 2975 1078 3013 uon
1088 2961 1278 3026 intelligerent,
1299 2979 1359 3030 par

268 3039 374 3088 cuniam
391 3037 795 3102 mutuamsumptamabsumet
831 3039 878 3088 tim
904 3051 958 3101 quo
983 3036 1108 3100 generale
1137 3037 1215 3089 fieret
1241 3053 1359 3103 praece·

269 3115 296 3161 et
324 3109 492 3172 abliguriat.»
521 3112 578 3159 aut:
609 3110 794 3162 «continuabit
831 3114 920 3176 ptam,
943 3111 1064 3175 plerique
1085 3113 1252 3175 scripserunt
1271 3115 1357 3164 ultim.

268 3199 315 3236 aas
328 3184 443 3234 alienum
458 3183 519 3234 luxu
533 3188 561 3234 et
572 3197 642 3235 novo
653 3198 716 3235 aare
727 3185 794 3236 alie·
832 3185 953 3236 Nonnulli
969 3200 994 3236 v.
1007 3187 1075 3237 itlius
1091 3187 1127 3236 de
1143 3187 1251 3237 Tiberio
1273 3191 1358 3240 inter-

268 3273 303 3310 no
322 3259 535 3318 contrabeudo;»
554 3272 605 3308 nec
622 3258 695 3322 legas
709 3265 795 3322 poscet
831 3261 927 3324 pretatl
943 3263 1021 3321 sant,
1049 3260 1099 3310 eod
1115 3263 1173 3312 siue
1190 3262 1295 3314 idoneis
1314 3277 1357 3313 ar-

268 3347 329 3385 cum
349 3331 485 3398 liuppolto.
516 3335 596 3384 Recte
609 3335 661 3384 iam
673 3336 795 3399 Porpby·
831 3335 973 3398 gementu.
1008 3335 1053 3385 Est
1077 3337 1185 3386 omnino
1212 3339 1295 3401 «repta
1322 3340 1358 3392 lut

268 3410 339 3458 riou:
369 3407 464 3458 «iaciet
489 3419 536 3458 aes
562 3407 679 3458 alianum
703 3410 793 3460 usuris
831 3408 894 3459 alibi
915 3407 972 3470 ait),
991 3407 1101 3460 lautorle
1122 3411 1187 3459 tul.»
1218 3410 1258 3461 Ci.
1272 3425 1299 3460 v.
1314 3411 1355 3462 tc.

268 3496 418 3534 crescere·
451 3483 492 3534 Ad
517 3485 624 3547 tropum
646 3489 734 3545 porcat
758 3483 791 3533 ci.
833 3511 861 3520 -
878 3482 1308 3548 obrotorncr]n.t²,43l:1tepea
1322 3486 1358 3534 di-

267 3559 348 3608 Tacit.
362 3559 448 3621 Agris.
462 3557 507 3607 3⁴:
535 3558 794 3608 Britonntoumitu-
831 3557 1357 3620 mwmuawpmaaouemtoe

268 3638 316 3683 ten
333 3645 406 3681 mam
422 3631 531 3693 qoutidie
542 3632 612 3692 enit,
630 3633 795 3694 qoottdtopo·
832 3643 927 3693 quera
941 3643 1036 3692 maro,
1055 3643 1128 3691 quom
1140 3632 1299 3693 perspectare
1316 3635 1356 3682 lo-

267 3707 320 3755 acit.
341 3731 368 3741 -·
387 3707 421 3753 od
445 3705 531 3766 imunt]
555 3704 605 3754 «ad
628 3708 792 3768 extremum,
831 3707 930 3755 beroart.
951 3731 979 3741 -
998 3705 1048 3768 ira]
1066 3706 1108 3755 «Si
1128 3706 1237 3769 quando
1255 3711 1283 3757 te
1304 3708 1356 3758 ob-

267 3777 313 3828 ubi
331 3776 393 3827 nihii
416 3779 470 3826 iam
493 3779 517 3826 ei
543 3781 717 3840 remanserit,
745 3793 795 3830 au·
831 3780 1084 3844 iurgaritpatrouus
1101 3783 1253 3832 autminus
1269 3785 1356 3834 amice

267 3851 382 3902 ctorabil
396 3863 425 3900 se
438 3849 615 3902 laniamen-
628 3853 721 3916 ibrum]
734 3854 792 3904 tid.
832 3859 859 3907 te
881 3855 1011 3914 tractarit,
1038 3853 1090 3904 noli
1114 3859 1258 3919 propterea
1283 3857 1356 3908 velot

267 3928 320 3977 Sat.
334 3927 364 3986 2,
383 3924 412 3984 c,
430 3923 472 3974 ti.
494 3950 523 3962 -
542 3926 638 3975 olitoris
654 3933 712 3990 apel
731 3929 793 3992 cet]
832 3927 939 3979 ultiouis
956 3941 1037 3978 causa
1054 3927 1110 3978 aliia
1131 3929 1235 3979 effubre
1256 3945 1356 3983 aroana

269 3999 468 4050 «mercenarius
486 4001 536 4049 erit
558 3998 659 4051 olitoris
682 4002 739 4051 sive
762 4015 795 4052 ex
833 4001 868 4051 ab
885 4015 919 4051 eo
935 4000 983 4050 tibi
999 4001 1178 4052 concredita.»

267 4075 415 4140 posteriore
429 4075 567 4124 Latinitate
583 4073 729 4136 hortulani,
748 4077 794 4138 qui
866 4077 907 4127 39.
926 4076 967 4126 to.
992 4077 1044 4126 Nec
1060 4081 1106 4126 tuo
1121 4077 1185 4140 cet]
1202 4078 1275 4128 «lloc
1287 4093 1354 4142 qoo-

268 4151 341 4197 exira
351 4146 448 4200 Urbem
456 4147 564 4198 hortum
572 4147 663 4200 colens
670 4149 742 4199 hune
749 4150 795 4200 de·
832 4163 886 4214 que
902 4148 972 4200 solet
987 4149 1123 4201 offendere
1145 4154 1271 4215 potentes
1288 4155 1355 4203 ami-

267 4225 404 4273 ooctorem
422 4222 540 4285 quotidie
559 4237 621 4274 cum
638 4223 756 4276 oleribus
767 4224 793 4275 in
832 4236 893 4287 coe,
911 4225 934 4275 si
951 4224 1038 4275 studia
1055 4222 1289 4290 (ἐκινηδοόματα)
1305 4239 1354 4276 no-
