2925 4892
543 373 603 424 ias
620 373 765 424 nosram.
1143 375 1198 440 754

156 529 306 616 ignotum
328 525 468 614 tragicae
489 548 592 614 genus
615 529 778 596 invenisse
801 530 961 598 Camenae
1141 533 1202 598 275

155 648 281 715 Dicitur
302 656 335 714 et
356 647 508 736 plaustris
528 649 657 716 vexisse
679 657 829 737 poemata
851 651 999 740 Thespis,

155 769 249 848 Quae
271 778 425 836 canerent
446 780 646 858 agerentque
667 772 813 857 peruncti
837 771 980 840 leecihus
1002 793 1069 840 ora.

157 890 234 954 Post
256 888 342 955 hunc
363 909 525 976 personae
547 890 718 979 pallaeque
741 904 887 980 repertor
910 893 1063 962 honestae

143 1115 237 1164 δίιίιισι
253 1127 323 1164 unus
341 1115 417 1165 Fene.
434 1144 459 1152 -
479 1116 537 1164 277.
551 1117 600 1178 Qui
615 1115 751 1167 Bentleius
768 1119 930 1169 coniectura,
949 1148 974 1155 -
989 1121 1044 1186 oro]
1063 1122 1127 1170 utris
1138 1123 1164 1171 B.

107 1314 247 1387 χάριτας,
267 1313 385 1380 Βάκχος
400 1309 449 1368 ὅτε
465 1321 576 1388 τριτταί
588 1333 638 1368 κα-
675 1333 720 1381 οις
738 1309 859 1391 ὕστερον
876 1321 1003 1374 ἐποίουν.
1031 1326 1109 1376 Certe
1131 1330 1199 1377 anti-

106 1388 195 1456 τάγοι
224 1387 334 1460 χορόν,
362 1380 386 1457 ᾧ
413 1388 518 1462 τράγος
545 1391 638 1443 σίδαν
674 1393 835 1456 quissimum
857 1408 955 1446 scenae
972 1411 1056 1461 genus
1073 1401 1130 1449 erat
1147 1414 1198 1452 non

106 1461 261 1527 Χώττικὸς
269 1455 536 1538 ἤνσύκωνᾶῥριχος
543 1457 637 1516 ἆθλον
673 1465 832 1531 plaustrum,
846 1470 895 1520 sed
907 1467 997 1533 ἔλεός,
1009 1468 1133 1542 τράπεζα
1146 1468 1198 1546 ἀρ-

106 1535 160 1592 in.
174 1542 633 1607 Chron.Par.ti8.p.30t.ltoeckh.:
672 1541 761 1600 χαία,
787 1539 832 1602 ἐφ’
856 1537 892 1608 ἣν
913 1539 969 1615 πρὸ
991 1545 1133 1610 Θέσπιδος
1157 1543 1198 1611 είς

103 1610 166 1678 Ἀφ’
184 1605 221 1666 οὖ
239 1611 382 1679 θέσπιςὸ
403 1612 525 1682 ποιητὴς
551 1613 635 1681 [δφά-
671 1628 715 1678 τις
740 1610 853 1679 ἀναβὰς
873 1623 936 1681 τοῖς
959 1625 1111 1690 χορευταῖς
1127 1617 1197 1673 άπε-

105 1691 169 1756 νη],
197 1687 309 1761 πρῶτος
331 1685 367 1753 ὃς
382 1688 493 1756 ἐδίδαξε
509 1690 635 1762 [ophim
672 1691 798 1760 κρίνατο.
810 1690 900 1742 Pollux
909 1695 957 1744 On.
969 1694 1057 1752 hila.
1070 1697 1196 1756 (lisndius

105 1765 138 1817 ἐν
163 1755 266 1828 ἅ]στ[ει
285 1766 335 1816 καί
356 1762 487 1832 &reliqu
511 1763 634 1838 [rlpdyog
671 1765 1194 1822 inProoemiolenensiaestivoa.l8l9.

104 1830 218 1904 [ἆθλον]
236 1833 287 1904 ἔτη
303 1839 449 1905 titium]
460 1835 634 1911 -ἄρχοντος
670 1839 800 1903 probasse
823 1839 919 1890 dicitur
936 1845 1046 1894 neronis
1064 1845 1196 1910 interpre-

102 1909 261 1978 Ἆδίήνησι]
276 1950 282 1963 .
297 1951 304 1962 .
319 1949 325 1963 .
341 1917 444 1966 ,ναίον
461 1914 514 1966 τοῦ
532 1917 633 1986 προτέ-
670 1915 775 1964 milonis
801 1925 950 1966 summam:
989 1918 1123 1982 rThsspis
1148 1919 1197 1970 luit

103 2001 170 2059 pov.
190 1989 282 2048 «Quod
294 1989 329 2038 nd
340 2002 440 2040 annum
452 1992 553 2053 attinet,
567 2004 634 2041 con·
670 1987 853 2048 Atheniensis,
872 1990 917 2052 qui
932 1991 1035 2055 primus
1045 1993 1195 2056 tragoedias

104 2063 257 2114 sistendum
274 2064 378 2114 sanein
391 2062 495 2127 olymp.
510 2065 551 2114 ut.
565 2065 634 2115 eius-
669 2062 782 2122 invenit,
809 2062 844 2112 ad
867 2076 934 2127 quas
958 2066 1108 2118 recitandus
1125 2067 1194 2117 circa

104 2151 160 2200 que
170 2135 256 2188 tribus
264 2137 397 2201 prioribus
407 2139 630 2190 annis-Boreum
669 2137 743 2186 vicos
768 2135 886 2200 plaustro
912 2151 1020 2202 quoque
1045 2140 1195 2193 vehebatur

103 2226 130 2262 e.
141 2211 206 2262 Chr.
217 2212 338 2263 5364131,
348 2212 399 2263 snb
408 2215 552 2265 Pisistrato.
566 2215 633 2266 The-
669 2212 732 2260 ante
740 2212 921 2263 inventionem
930 2227 1055 2264 scenae·
1064 2215 1122 2265 vid.
1132 2216 1196 2266 Zeit-

102 2284 189 2349 spidis
207 2288 302 2336 merita
319 2288 419 2351 optime
436 2289 559 2352 exposuit
572 2290 632 2339 Ari-
668 2283 755 2348 amp
775 2285 794 2347 ί.
812 2287 939 2338 Attrrtlnc.
960 2289 1013 2338 Vll.
1033 2301 1058 2352 p.
1076 2290 1144 2353 eti.)
1164 2318 1191 2328 -

102 2358 216 2411 stoteles
232 2361 304 2424 apud
316 2362 490 2412 Themistium
503 2364 527 2412 ei
540 2363 575 2412 ita
586 2363 633 2413 ad·
666 2360 779 2422 foecibus
794 2363 850 2422 ora]
876 2375 929 2414 uns
955 2367 1192 2427 cognoscerentur;

102 2436 260 2484 somniem
277 2434 320 2484 Or.
332 2435 374 2484 26.
387 2447 447 2498 ρας.
461 2435 517 2486 382.
537 2437 629 2487 Dino:
669 2433 788 2482 nondum
810 2435 881 2484 enim
896 2437 968 2488 'usus
987 2441 1046 2487 erat
1063 2451 1194 2502 persona·

98 2500 184 2557 Ἀλλά
200 2507 251 2556 καί
267 2501 394 2573 ἡσεμνὴ
405 2507 548 2578 τραγῳδία
557 2508 631 2575 μετὰ
669 2518 756 2556 rum.»
774 2508 878 2570 Senon,
897 2511 936 2572 (ac
954 2509 1074 2562 similiter
1085 2514 1193 2562 Tzeues

101 2577 202 2646 πάσης
219 2575 296 2647 ὁμοῦ
319 2578 373 2647 τῆς
388 2580 497 2648 σκευῆς
512 2584 562 2634 καί
578 2582 630 2635 τοῦ
668 2579 758 2630 Crum-
772 2593 798 2644 Ρ.
813 2581 876 2640 335,
895 2584 940 2632 20:
958 2585 1039 2654 τρυγὶ
1055 2587 1192 2656 καταχρί,

100 2653 197 2725 χοροῦ
224 2651 528 2728 carcassonensis
544 2673 631 2730 rapa-
667 2666 771 2715 σαντες
796 2647 891 2704 αὐτῶν
916 2651 968 2719 τὰς
992 2657 1063 2720 θεας
1084 2653 1192 2724 ἀγνω-

101 2728 229 2796 spinoso
253 2729 285 2793 ἐς
308 2728 343 2782 τὸ
364 2732 502 2803 θέατρον·
527 2735 577 2784 καί
594 2731 630 2786 οὐ
668 2723 880 2793 aromatitis.)
897 2729 945 2780 sed
963 2729 1075 2782 tortasse
1090 2733 1192 2782 mutum

101 2804 289 2874 προσέχομεν
313 2799 497 2876 Ἀριστοτέλει
525 2801 571 2858 ὅτι
595 2804 630 2857 τὸ
668 2801 891 2854 iocietlasoiviae
904 2817 994 2854 cause.
1014 2806 1192 2856 Verumhaec

99 2879 158 2944 μὲν
174 2875 289 2948 πρῶτον
305 2873 323 2928 ὁ
340 2877 430 2951 χορὸς
447 2878 544 2932 siculo
562 2873 630 2953 ᾖδεν
668 2877 756 2940 potius
772 2877 807 2926 ad
824 2877 924 2941 primas
939 2879 1094 2930 comoediae
1112 2880 1192 2942 origi-

100 2956 146 3017 είς
163 2949 233 3016 τοὺς
244 2950 346 3016 θεούς,
365 2955 472 3019 Θέσπις
482 2955 514 3007 δὲ
525 2954 631 3028 πρόλο-
667 2963 716 3001 nes
731 2953 879 3015 pertinent,
897 2953 948 3002 nisi
959 2955 1047 3003 omnia
1059 2951 1119 3004 fleta
1131 2957 1192 3006 sunt

99 3025 157 3096 γόν
173 3043 206 3079 τε
221 3029 271 3078 καί
284 3023 370 3098 ῥῆσιν
381 3025 503 3101 ἐξεῦρεν,
520 3029 630 3093 Αίσχδ-
668 3037 702 3074 ex
724 3039 750 3074 v.
774 3023 916 3096 τρυγῳδία
940 3026 1189 3093 (Ηιίιπριιαιιρ).

99 3101 154 3164 λος
169 3099 203 3152 δὲ
218 3103 314 3171 τρίτον
330 3101 488 3175 ὑποκριτήν
515 3105 631 3170 (praeter
669 3127 695 3135 -
715 3101 771 3166 oro]
793 3101 856 3152 llira
875 3101 984 3166 quidem
1003 3103 1190 3154 estCodicisll

99 3178 217 3226 chorum
243 3179 270 3226 et
296 3174 546 3248 πρωταγωνιστήν)
579 3180 630 3229 καί
667 3174 843 3237 antiquissimi
856 3175 1021 3238 lectionem,
1040 3177 1190 3228 sediamen

101 3246 292 3322 ὀκρίβαντας,
315 3247 353 3302 τὰ
368 3249 399 3303 δὲ
416 3251 503 3304 πλείω
519 3249 629 3304 τούτων
667 3261 744 3298 mero
762 3263 794 3299 ex
812 3263 903 3300 errore
921 3253 987 3301 orta.

99 3322 630 3394 Σοφοκίίονςάπιλαύσαμενκαίῆὖ-
699 3323 820 3374 uia-280.
836 3325 967 3388 persuum]
986 3326 1041 3374 lloc
1053 3325 1190 3375 inventum

98 3398 231 3472 ριπίδου,
257 3401 292 3451 ad
317 3415 399 3465 quem
424 3402 514 3454 locum
538 3406 628 3455 tamen
666 3396 784 3448 nonnulli
805 3397 959 3448 tribuebani
979 3400 1031 3449 iiim
1054 3399 1188 3462 Thespldl‚

98 3475 134 3526 ct.
145 3475 278 3525 Ritternm
289 3477 438 3528 adhristot.
449 3480 522 3529 Poet.
532 3492 559 3542 p.
570 3480 626 3529 itti.
665 3473 733 3521 teste
759 3472 852 3522 Suidtt:
880 3471 993 3542 πρῶτον
1014 3471 1069 3538 μὲν
1085 3473 1190 3542 χρίσας

100 3574 129 3586 -
154 3549 280 3611 placeris
299 3552 362 3616 cet]
386 3553 467 3602 Error
487 3553 531 3602 hic
554 3555 628 3603 ortus
664 3542 699 3596 τὸ
716 3543 872 3618 πρόσωπον
882 3548 1016 3614 ψιμυθίῳ
1028 3543 1188 3618 similit·

98 3624 208 3674 videtur
219 3638 253 3674 er
263 3625 418 3676 confusione
429 3639 492 3677 cum
503 3627 544 3686 iis,
558 3639 627 3690 queo
665 3636 729 3685 σιν,
748 3617 810 3673 εἶτα
825 3617 973 3694 ἀνδράχνῃ
986 3623 1145 3674 ἐσκίπασεν
1157 3625 1188 3674 ἐν

98 3695 135 3748 τά
146 3697 181 3750 lx
191 3695 252 3748 τῶν
262 3693 383 3764 ἁμαξῶν
394 3699 535 3751 vocabant.
554 3699 627 3750 Plato
664 3695 703 3763 τῷ
715 3695 939 3760 ἐπιδείκνυσθαι,
954 3699 1003 3747 καί
1013 3693 1087 3762 μετὰ
1098 3693 1189 3749 ταῦτα

98 3774 179 3836 Lege.
200 3775 225 3822 t.
247 3786 274 3837 p.
288 3773 345 3824 631.
362 3775 391 3824 u.
408 3773 516 3824 Suidas:
535 3769 578 3824 Τὰ
594 3773 627 3825 ἐκ
665 3770 813 3839 εἰσήνεγκε
828 3774 878 3823 καὶ
893 3769 1015 3839 τὴντῶν
1028 3777 1190 3845 προσωπεί-

97 3845 157 3897 suiv
172 3840 311 3912 ἁμαξῶν·
337 3847 385 3898 ἐπὶ
401 3845 460 3898 τῶν
475 3843 628 3920 ἀπαρακα-
665 3861 704 3896 ωυ
721 3845 828 3919 χρῆσιν
844 3849 875 3899 ἐν
890 3845 968 3920 μόνῃ
990 3843 1083 3920 ὀθόνῃ
1100 3863 1189 3899 κατα-

97 3918 627 3994 λδπτωςσκωπτόντων.Ἀδήνησιγάρ
664 3921 820 3987 σκευάσας.
848 3925 921 3974 lianc
938 3937 1082 3988 personam
1099 3923 1188 3987 perle-

97 3994 129 4045 ἐν
145 3992 183 4066 τῇ
201 3991 259 4045 τῶν
269 3993 358 4046 Χοῶν
374 3994 460 4068 ἑορτῇ
480 3998 511 4047 οἱ
525 3993 626 4063 κωμά-
665 4000 736 4048 cisse
753 3998 903 4063 Aeschylus
914 3998 1031 4060 videtur,
1050 4001 1079 4048 ut
1095 4012 1187 4067 χαρα-

97 4073 196 4132 ζοντες
206 4067 254 4120 ἐπὶ
264 4067 322 4120 τῶν
332 4065 452 4137 ἁμαξῶν
460 4066 627 4134 τοδςάπαν-
663 4071 771 4144 κτῆρας
793 4075 920 4134 deorum,
948 4075 1060 4124 heroum
1082 4075 1187 4121 cetero-

97 4140 210 4205 πάντας
230 4138 379 4196 ἔσκωπτόν
402 4161 433 4196 τε
449 4149 499 4197 καί
516 4145 626 4198 ε’λοιδό-
662 4161 778 4212 rumque
795 4153 915 4199 actorum
934 4148 1082 4198 accuratius
1099 4144 1187 4208 expri-

98 4235 179 4290 ρουν.
199 4217 233 4270 τὸ
250 4219 274 4270 δ’
292 4217 365 4272 αὐτὸ
382 4223 431 4274 καί
444 4224 625 4289 τοῑςΛηναί-
664 4226 758 4274 meret.
787 4250 815 4260 -
841 4223 992 4288 pullosque]
1029 4220 1184 4290 σύρματος.
