2925 4892
257 322 320 389 664
617 322 746 373 aonam
764 320 984 373 saissoutnutt

297 479 404 546 Verba
425 498 557 545 movere
579 476 666 553 loco,
690 477 839 564 quamvis
861 476 958 542 invita
980 474 1135 541 recedant

298 601 337 666 Et
357 608 529 666 versentur
549 596 656 665 adhuc
677 598 759 663 intra
780 596 956 685 penetralia
979 598 1102 665 Vestae.

300 720 482 788 Obscurata
503 719 560 785 diu
581 718 703 807 populo
724 718 829 785 bonus
850 728 945 785 eruet
964 726 1062 805 atque

299 842 444 909 Proleret
465 841 497 907 in
519 840 624 908 lucem
645 838 795 927 speciosa
816 838 974 906 vocabula
995 858 1121 915 rerum,

299 964 391 1043 Quae
413 963 529 1051 priscis
552 971 729 1028 memorata
751 959 925 1029 Catonibus
948 968 1045 1049 atque
1069 958 1222 1047 Cethegis

299 1085 390 1152 Nunc
412 1084 493 1151 situs
515 1082 658 1149 informis
678 1081 797 1170 premit
819 1090 851 1149 et
874 1080 1004 1147 deserta
1024 1089 1183 1159 vetustas,

325 1262 381 1314 ill.
399 1264 466 1313 inter
481 1262 498 1312 d
516 1264 544 1311 et
554 1261 656 1327 primus
667 1260 803 1313 Scbmldll.

260 1432 351 1493 imago
373 1430 485 1494 repetita
506 1430 550 1480 est
569 1443 586 1478 a
606 1429 713 1481 turbida
728 1430 786 1479 tor·
858 1428 979 1479 itt-ita.
1007 1428 1146 1479 Obscurata
1163 1429 1227 1495 cet]
1255 1432 1347 1481 «Poste

261 1505 344 1554 nentis
355 1516 437 1567 aqua,
456 1516 526 1566 quae
538 1504 632 1568 rapido
644 1516 725 1555 rursu
736 1503 788 1554 ier·
824 1502 913 1563 bonta,
941 1500 967 1551 id
986 1506 1043 1565 est,
1067 1502 1216 1554 benevolus
1233 1518 1266 1554 ac
1285 1504 1348 1555 libe-

261 1582 317 1638 tur,
343 1578 401 1642 ituit
422 1578 544 1627 lutulento
564 1580 625 1641 (Sat.
639 1578 667 1639 l,
686 1578 715 1640 l,
735 1579 785 1643 il).
824 1575 899 1635 ralis,
915 1575 1050 1637 obsoleta,
1064 1576 1111 1629 sed
1124 1578 1247 1642 speciosa
1260 1592 1348 1629 rerum

261 1652 310 1703 Alii
328 1650 396 1716 (coll.
409 1651 482 1715 Virg.
495 1656 562 1702 Aen.
576 1653 600 1715 6,
614 1652 677 1703 823:
698 1654 788 1703 Utcun-
823 1648 953 1700 vocabula
973 1652 1067 1713 populo
1092 1652 1126 1715 (in
1143 1665 1223 1703 usum
1240 1654 1349 1718 populi),

191 1734 195 1739 “
262 1741 310 1791 pree
324 1728 404 1791 fuerit
419 1740 451 1778 ea
466 1720 537 1790 ‘faeta
556 1728 676 1786 minem,
706 1727 789 1777 lineet
825 1725 867 1774 cui
889 1724 985 1774 eadem
1010 1724 1056 1775 diu
1071 1724 1206 1775 obscurato
1224 1728 1350 1790 (tenebris

262 1816 336 1853 amor
348 1801 473 1866 patriae.)
492 1800 640 1865 explicant:
662 1801 788 1864 «abipso
825 1797 949 1860 involuta)
976 1802 1052 1862 sunt,
1079 1803 1155 1850 eruet
1181 1814 1213 1851 ex
1235 1802 1350 1865 antiquis
1448 1838 1449 1863 ,

263 1875 443 1938 habebuntur,
456 1875 670 1925 iudicabuntur.»
682 1876 788 1939 (rEstne
824 1872 999 1935 scriptoribus
1025 1874 1104 1939 atque
1129 1873 1217 1925 denuo
1235 1888 1351 1927 consue-
1448 1864 1449 1909 ἶ

263 1952 281 2002 i.
294 1966 321 2015 q.
331 1951 532 2013 proferentur?-
551 1951 738 2013 Funrnlnnau.)
758 1976 786 1985 -
826 1946 908 1996 tudini
934 1946 1060 1997 reddet·
1076 1978 1078 1985 ι
1096 1947 1178 1999 Simul
1203 1951 1350 2013 significat,
1448 1954 1449 1961 ’

262 2039 362 2076 movere
371 2026 433 2087 loeo]
452 2025 680 2089 quemadmodum
692 2037 790 2075 censor
826 2032 908 2083 quem
933 2018 968 2069 ad
993 2033 1072 2071 usum
1092 2024 1238 2087 praecipue
1255 2025 1352 2075 crabro

264 2098 385 2161 indignos
407 2099 530 2148 homines
547 2103 642 2149 senatu
658 2098 701 2149 vel
718 2098 789 2149 tribu
827 2093 932 2157 legendi
954 2096 1005 2145 sint
1020 2099 1127 2147 veteres
1144 2102 1240 2161 po'etae
1258 2101 1351 2151 Latini.

264 2174 364 2222 movet.
384 2170 423 2220 Cl.
443 2172 539 2232 seat,
558 2173 588 2233 6,
607 2174 648 2223 20.
662 2198 691 2209 —
709 2174 791 2223 invito
830 2196 856 2205 -
875 2170 992 2235 specioso]
1020 2184 1109 2233 «quae
1134 2175 1303 2233 φαντασίαν
1319 2177 1352 2226 ita

262 2243 389 2307 recedam]
408 2247 498 2306 «quasi
519 2247 642 2308 negantia
659 2260 720 2297 sese
739 2261 790 2297 un·
828 2246 950 2304 movent,
968 2246 997 2293 ut
1014 2247 1114 2295 certam
1133 2245 1278 2299 stolarum
1299 2263 1353 2313 sps-

265 2330 347 2383 quam
364 2319 426 2368 inda
444 2332 614 2369 excessura·
640 2321 701 2371 Sine
721 2322 790 2370 ima·
826 2320 903 2379 emm,
922 2318 1065 2381 imaginem
1082 2322 1133 2380 rei,
1152 2332 1234 2383 quam
1251 2324 1354 2386 signill-

265 2394 340 2456 gine:
360 2393 502 2452 «Quamvis
519 2392 625 2445 ‹lliflcile
642 2395 689 2445 tibi
701 2396 791 2445 videa·
828 2394 903 2455 cant,
922 2391 999 2443 nobis
1016 2396 1192 2456 proponant.»
1214 2396 1254 2446 Cf.
1274 2402 1307 2448 Α.
1326 2401 1352 2449 Ρ.

266 2472 310 2517 tur
333 2466 383 2517 alla
405 2468 506 2531 aptiora
529 2470 561 2519 iis
578 2469 741 2520 substituere
758 2482 791 2520 ac
828 2467 884 2517 349.
901 2493 928 2503 -
940 2467 1260 2531 meraiorom11quaeollm
1274 2484 1354 2523 usur·

266 2545 293 2593 te
316 2540 452 2592 interdum
476 2544 556 2593 tacite
581 2557 695 2595 excuses
719 2546 790 2609 apud
829 2554 892 2605 pere
910 2539 1033 2593 solebant
1049 2545 1180 2593 veteres.»
1201 2570 1230 2581 -
1250 2547 1354 2597 coimp-

266 2618 385 2668 animum
411 2620 501 2677 tuum,
528 2632 560 2668 ea
584 2619 703 2670 nondum
721 2618 790 2669 edita
828 2616 880 2679 bus]
905 2618 1003 2666 Lucan.
1023 2618 1050 2677 l,
1070 2617 1134 2666 3t3:
1160 2620 1265 2669 nomino
1286 2636 1355 2671 vm

267 2704 328 2742 esse
351 2705 402 2742 nec
422 2692 519 2742 iudicio
536 2691 643 2757 publico
660 2695 789 2757 exposita,
828 2693 942 2752 Comaei,
960 2691 1005 2741 ubi
1018 2692 1136 2743 Curtius:
1157 2694 1281 2744 «Gotones
1292 2710 1355 2759 pro-

267 2768 393 2829 quocirca
418 2766 592 2831 negligentiae
615 2768 721 2833 culpam
742 2782 791 2818 ne·
828 2768 888 2830 pter
899 2764 1083 2815 celebritatem
1095 2764 1171 2827 dixit,
1190 2768 1295 2819 utallbi
1309 2774 1355 2821 Ca·

266 2839 378 2891 modum
398 2842 425 2891 in
447 2844 473 2891 te
495 2843 616 2893 conferre
633 2846 741 2906 queat.»
761 2870 789 2881 -
829 2839 929 2901 millos,
948 2840 1042 2889 Curios
1057 2839 1194 2891 etsimiles
1206 2841 1355 2895 multitudi-

268 2914 336 2964 Cum
350 2915 518 2976 penetralibus
538 2920 629 2967 autem
648 2919 746 2979 Vestae,
764 2918 791 2967 in
828 2916 869 2965 uis
886 2914 993 2964 nornine
1010 2915 1081 2963 citat.
1111 2915 1153 2963 Sic
1168 2916 1320 2980 Sophocles
1331 2920 1354 2968 in

267 3000 337 3050 quae
355 2989 454 3037 nemini
470 2990 578 3039 introire
591 3004 679 3053 neque
691 2987 735 3041 r‘es
747 3005 792 3042 se-
827 2990 899 3040 Aiac.
910 3003 936 3039 v.
946 2988 1002 3038 ⁴9⁰.
1015 2986 1114 3040 Ulixem
1123 2985 1263 3040 vocatuiv
1272 2992 1355 3044 Σισυ-

268 3075 328 3112 crus
353 3061 389 3110 ibl
411 3065 562 3113 asservatus
581 3065 677 3113 intueri
694 3064 792 3117 licebat
828 3062 917 3128 φιδᾶν
933 3058 1048 3130 γενεάν,
1066 3064 1170 3127 Sisyphi
1183 3064 1296 3116 fllium.»
1316 3068 1352 3119 Cl.

268 3137 318 3187 nisi
333 3136 484 3199 Virginibus
499 3137 663 3199 Vestalibus,
685 3152 793 3204 compe·
828 3143 859 3190 A.
874 3142 900 3189 P.
914 3138 960 3189 56:
978 3139 1032 3201 Epo
1047 3152 1107 3199 car,
1126 3139 1260 3199 acquirere
1268 3154 1354 3203 pauca

267 3213 309 3261 rat
325 3211 473 3261 carminum
490 3210 591 3275 singula
608 3212 706 3276 verba,
724 3217 792 3266 tam-
829 3214 857 3264 Si
864 3226 979 3275 pomum,
998 3212 1124 3273 tevidear,
1137 3226 1195 3261 cum
1206 3214 1299 3278 lingon
1311 3216 1356 3267 Co-

268 3298 350 3350 quarn
368 3286 389 3335 si
401 3298 445 3336 res
456 3288 547 3337 essent
559 3299 685 3348 arcanae,
704 3292 793 3340 custo-
829 3288 893 3339 tonis
908 3292 931 3337 et
948 3286 1015 3337 Enni
1030 3288 1173 3336 sennonem
1185 3290 1305 3349 patrium
1321 3291 1355 3341 di

269 3360 340 3410 ditae
356 3360 437 3409 adbuc
454 3359 548 3422 (usqua
565 3360 599 3411 nd
617 3362 668 3412 boo
686 3365 793 3427 tempo·
828 3362 926 3412 iwerit.
946 3386 974 3397 -
1000 3360 1072 3411 All.
1089 3360 1211 3411 Cornelio
1236 3364 1354 3427 Cethego

268 3436 304 3485 ris
317 3436 454 3498 punctum,
470 3437 531 3483 ante
542 3432 641 3486 librum
653 3438 791 3501 emissum)
830 3450 885 3487 cos.
899 3449 923 3485 a.
937 3449 963 3485 u.
977 3448 1000 3485 c.
1014 3436 1072 3485 55⁰.
1089 3434 1179 3497 (Ennio
1191 3436 1355 3489 Munerat·

268 3511 294 3559 in
312 3508 393 3558 domo
410 3510 519 3572 poetae,
546 3511 681 3561 llusarum
698 3524 790 3561 sacer-
829 3510 908 3575 tulin)
927 3510 1019 3559 Cicero
1038 3510 1163 3569 Bruttii,
1179 3510 1221 3560 57.
1251 3514 1354 3562 Latino·

269 3582 346 3631 dotis.
366 3580 440 3645 (adv.
457 3584 538 3633 natue
550 3584 584 3632 ita
596 3587 705 3648 exponit
715 3586 791 3635 lland
830 3598 889 3635 rum
898 3586 1034 3635 oratorum
1043 3585 1140 3633 seriem
1150 3584 1263 3645 orditur;
1274 3600 1353 3649 quem

269 3656 404 3719 Turslp.
413 3657 476 3706 ico:
498 3658 640 3708 «etintimo
655 3660 739 3709 adeo
751 3674 793 3711 sa·
829 3660 918 3711 statim
930 3658 1028 3723 excipit
1041 3660 1073 3707 ll.
1088 3658 1196 3708 Porcius
1210 3660 1277 3709 Cato
1290 3662 1354 3711 Cen·

270 3731 587 3791 orarioserecondant;·
606 3747 687 3796 quam
701 3736 791 3785 temen
829 3734 915 3785 surius
940 3734 997 3783 sive
1022 3732 1129 3793 priscis.
1173 3732 1354 3797 Cethegornm

269 3804 513 3865 interpretationem
522 3809 551 3856 ut
560 3808 689 3857 Latinitnti
696 3822 791 3872 parum
829 3810 919 3857 autem
946 3804 1041 3857 familia
1067 3808 1181 3856 humero
1204 3811 1313 3859 exserto
1330 3812 1354 3857 ei

269 3878 473 3927 convenientem
497 3892 559 3930 cum
576 3882 712 3932 Schmidio
728 3884 792 3932 reil-
830 3884 918 3932 oinctu
929 3880 1055 3945 singulari
1066 3880 1110 3931 diu
1122 3882 1286 3943 antiquitatis
1298 3896 1355 3947 spa-

269 3951 392 4001 ciendnm
404 3952 521 4015 censeo.)
536 3978 563 3991 —
578 3956 670 4021 Vestae]
683 3957 790 4019 «idest,
830 3956 899 4006 clem
912 3956 1027 4005 retinnit.
1040 3959 1070 4006 A.
1084 3957 1112 4006 Ρ.
1123 3956 1168 4005 bil:
1187 3956 1296 4020 Fingere
1306 3956 1355 4005 eoi-

269 4027 351 4087 dcmi,
362 4039 500 4090 perquam
511 4030 694 4093 metaphoram
704 4032 792 4081 osten·
829 4032 902 4081 ctulis
918 4046 968 4081 nou
984 4031 1106 4081 aaudiat
1126 4031 1236 4095 Cethegis
1253 4031 1353 4081 centb-

269 4102 792 4163 dit,quaeinanlmonostrofiraversen·
829 4110 877 4170 get.
899 4134 925 4142 -
943 4106 1013 4167 situs]
1037 4106 1214 4167 Schimmel,
1233 4106 1352 4163 Medon

268 4182 320 4237 tur,
331 4174 789 4232 iamenexoludenrlaesseolbma.
830 4180 890 4244 equi
909 4194 952 4231 res
970 4193 984 4231 a
1002 4194 1031 4232 se
1049 4180 1180 4232 obductas
1195 4180 1352 4232 detornant.-
