2925 4892
501 701 800 765 §Amn-

144 845 235 925 0444
257 844 361 910 vinus
385 852 419 910 et
439 852 575 931 444444,
597 841 692 920 boni,
716 842 758 910 sit
777 843 889 910 vivere
911 863 1029 932 parvo,
1052 883 1095 896 -

143 967 210 1032 Neo
230 985 327 1032 meus
347 964 401 1031 hic
423 985 531 1031 sermo
553 973 618 1042 est,
642 963 703 1030 sed
724 984 810 1052 quae
832 965 1001 1054 praecepit
1022 965 1126 1034 oietia

164 1145 235 1194 sli‘i.
261 1144 294 1193 li.
329 1144 354 1193 4,
378 1141 448 1191 bom
470 1141 489 1192 4
514 1155 530 1191 e
555 1139 739 1206 compluribus
766 1141 851 1195 codd.
888 1143 927 1206 (tlt
943 1155 1008 1206 444,
1031 1145 1115 1196 nostri
1132 1148 1160 1197 44

133 1217 251 1266 Pottierii
269 1215 384 1278 omnes.)
403 1241 433 1252 -
459 1215 484 1266 4.
511 1228 585 1278 guest
600 1217 727 1279 quattuor
746 1217 877 1278 Potiierii‚
903 1219 965 1269 tct.
984 1218 1060 1282 (pune
1076 1221 1160 1272 nostri

133 1303 243 1348 omnes;
260 1287 395 1340 Bentleius
412 1290 539 1353 recepite
548 1289 634 1340 tribus
643 1288 781 1340 codicibus
796 1291 944 1354 terrentii.)
958 1317 985 1330 -
999 1293 1079 1356 Ofello
1086 1307 1157 1344 corr.

132 1367 163 1425 S,
181 1365 257 1415 unde
275 1362 385 1414 Bentleii
403 1364 600 1426 coniecturam,
618 1375 690 1414 nunc
707 1364 856 1426 4444444444,
874 1368 983 1416 secutus
1000 1380 1060 1418 sum
1078 1370 1106 1418 et
1116 1368 1160 1418 liic

131 1441 159 1487 et
173 1451 222 1487 w.
240 1438 283 1488 43,
302 1438 359 1487 444.
380 1437 443 1487 iss:
470 1437 562 1499 0444444
577 1436 632 1502 bcp
649 1440 677 1488 et
691 1449 734 1502 pr.
753 1439 784 1500 S,
803 1439 870 1501 LCt,
897 1439 1032 1492 Bentleius
1049 1441 1077 1492 tn
1093 1455 1159 1492 con·

129 1513 221 1572 44444,
239 1511 307 1562 rui.

127 1652 159 1700 ll.
177 1651 282 1701 Tenuis
297 1651 327 1699 et
336 1649 450 1715 simplex
459 1650 555 1710 victus,
574 1661 629 1713 quo
665 1649 756 1699 444444.
776 1649 878 1714 Scripta
893 1649 1000 1704 4444444
1015 1664 1041 1701 4.
1054 1665 1081 1704 u.
1095 1665 1119 1702 4.
1133 1653 1189 1703 itt.

97 1727 206 1774 veteres
224 1725 335 1774 44444444
351 1723 461 1776 444444)
477 1723 546 1774 urbe
562 1735 629 1773 oon·
664 1722 825 1784 4444444444,
844 1724 943 1774 aiiii.
963 1724 1145 1788 Grotaiendio,
1165 1739 1189 1777 4.

97 1798 150 1847 dita
165 1811 222 1862 per
238 1799 358 1862 quinque
374 1797 466 1848 secula
483 1799 525 1849 usi
536 1799 626 1857 44444,
664 1796 722 1848 444.
736 1797 856 1848 4444444.

97 1874 197 1922 44444444
221 1873 310 1923 aetate
332 1873 360 1922 in
380 1872 423 1922 his
439 1873 572 1936 corruptis
589 1871 628 1922 ci-
697 1871 759 1920 44.
783 1870 849 1934 toni]
867 1869 921 1921 Cir.
938 1872 992 1922 Sat.
1008 1871 1038 1932 4,
1057 1873 1086 1934 6,
1104 1872 1145 1922 et.
1165 1874 1192 1923 44

96 1947 167 1996 44444
184 1958 302 1997 suornm
323 1945 443 1997 moribus
462 1945 542 2010 piane
562 1957 628 1996 444·
663 1943 704 1993 ss.
734 1943 801 2009 Epp.
817 1945 847 2006 4,
871 1946 900 2006 i,
919 1944 959 1995 37.
995 1938 1063 1996 Nihil
1089 1945 1192 2011 langui-

95 2024 201 2070 nuerat.
239 2018 398 2070 Cir.lieilet.
412 2021 441 2082 4,
460 2022 485 2071 4.
513 2020 628 2070 44444444-
664 2019 724 2071 dius
741 2022 782 2070 444
801 2019 884 2070 altera
900 2018 1015 2071 lectione
1031 2020 1113 2082 44444,
1132 2025 1190 2072 oris

97 2096 160 2157 ginis
170 2093 326 2155 excidium,
341 2095 451 2144 Graecia
461 2093 627 2159 voluptatum
663 2107 696 2144 44
713 2097 891 2158 geminatione
908 2095 1011 2146 litterae
1033 2110 1047 2146 4
1063 2099 1089 2148 44
1107 2097 1190 2150 verbo

95 2171 180 2220 omnis
218 2168 326 2233 generis
352 2171 478 2232 maguus
506 2171 534 2219 et
564 2169 627 2218 Asia
662 2168 703 2218 sit.
723 2171 816 2220 -Nee
831 2171 909 2232 44444]
926 2171 1030 2221 Primus
1041 2171 1190 2224 versiculus

95 2243 302 2306 opulentissima
335 2242 478 2304 subactae,
513 2243 627 2292 04444444
663 2255 726 2294 cum
748 2243 848 2294 habeat
871 2242 923 2295 ioci
948 2247 1099 2297 communis
1117 2247 1190 2298 colo-

95 2329 173 2379 444444
197 2317 314 2366 {tomam
331 2316 489 2382 deportatae
508 2317 627 2368 incredi-
662 2329 737 2380 rem,
755 2319 845 2369 statim
858 2329 919 2369 sese
931 2324 1098 2383 coerceant,
1117 2321 1190 2385 quod

95 2391 175 2442 bilem
196 2390 335 2441 luxuriem
350 2393 379 2441 et
400 2391 538 2443 mollitiem
554 2391 627 2458 apud
663 2404 753 2442 sermo
765 2392 809 2442 itio
819 2392 854 2442 sit
864 2393 956 2442 rustici
967 2387 1090 2455 44444444,
1107 2407 1191 2458 quam

96 2467 214 2516 victores
235 2469 406 2528 pepererant.
441 2465 495 2515 sed
515 2469 545 2517 ut
567 2465 627 2530 pte-
663 2467 778 2516 mextma
790 2465 888 2516 444444
898 2465 1062 2530 simplicitas.
1075 2467 1189 2532 -paaeJ

94 2551 213 2603 rumque
231 2539 373 2588 4444444444
388 2539 458 2589 vitiis
474 2552 560 2603 genus
578 2541 627 2590 hu·
662 2539 751 2591 Altera
777 2539 856 2591 lectio
876 2553 950 2602 444444
970 2541 1111 2591 4444444444
1131 2543 1190 2591 orta

95 2624 208 2662 menum
227 2609 264 2661 ab
275 2615 389 2676 4444444
405 2612 572 2677 parissimul
583 2627 628 2664 44-
663 2618 706 2666 444
721 2627 755 2665 44
766 2625 840 2664 44444
853 2614 1102 2664 accommodatione
1114 2615 1149 2665 44
1161 2627 1187 2664 v.

94 2685 247 2748 gerisoiet,
265 2686 341 2735 itain
356 2687 409 2736 4444
420 2689 625 2739 commomlere
662 2701 753 2739 444444.
791 2688 918 2737 Ceterum
944 2689 1132 2750 argumentum
1158 2699 1191 2738 44

93 2760 264 2825 prodigentia
275 2772 330 2809 non
346 2760 501 2822 444444444,
522 2764 568 2824 qui
584 2761 626 2813 ni-
662 2761 810 2813 sententias
821 2773 852 2811 44
863 2760 1068 2824 desumpwrum
1080 2761 1146 2811 dicit
1155 2759 1189 2812 ab

94 2837 175 2884 44444
186 2833 382 2898 parsimoniam
392 2837 474 2898 atque
484 2834 554 2885 adeo
565 2848 626 2886 sor·
663 2835 759 2896 044444,
786 2847 887 2898 easque
912 2847 962 2885 suo
979 2835 1061 2884 modo
1078 2847 1190 2899 expres-

94 2909 187 2959 ffidam
223 2907 362 2958 44444444)
391 2911 622 2960 44444444444444.
663 2922 767 2971 444444;
780 2907 1190 2974 oir.imprimisv.tit.0ieiiam

8 3000 9 3015 ¹
93 2983 450 3046 linthresmsgispoittaa,
468 2981 552 3032 secuti
562 2984 624 3034 44444
663 2988 755 3034 autem
766 2985 854 3048 ipsum
866 2982 1020 3047 loquentem
1032 2983 1133 3034 inducit
1143 2983 1191 3034 de·

95 3057 290 3117 44444444444,
320 3056 395 3106 44444
423 3069 485 3108 esee
513 3057 623 3120 debuit,
663 3071 775 3108 mumv.
788 3057 845 3107 446.
874 3056 1059 3121 aliquidem,
1077 3059 1190 3109 utitita-

95 3145 177 3194 quam
198 3132 270 3181 44444
293 3132 351 3195 ipsa
375 3129 465 3190 labem
490 3131 540 3182 sed
562 3143 626 3182 cnm
663 3133 735 3192 4444,
764 3131 854 3182 omnia
880 3133 989 3196 praeter
1016 3133 1189 3203 captationis

95 3206 260 3256 Maecenatis
281 3207 309 3254 44
326 3205 445 3255 snorum
467 3205 530 3255 iruic
550 3207 627 3256 simi·
662 3217 706 3254 vv.
718 3205 744 3254 4.
758 3203 783 3254 3.
812 3202 910 3255 0444444
927 3204 1059 3267 44444444,
1078 3217 1132 3256 444
1145 3217 1190 3256 44-

96 3277 160 3331 lium
183 3280 370 3330 convictorem
393 3291 492 3342 parum
516 3279 628 3330 deceret
662 3279 789 3341 44444444,
808 3289 890 3342 quam
907 3278 1190 3343 putidumiuisseiru-

97 3354 222 3404 censoria
236 3354 384 3403 4444444444
404 3354 431 3402 44
452 3353 505 3403 hoo
526 3367 626 3417 genere
663 3353 731 3403 atico
748 3351 860 3415 saplenti
876 3351 996 3404 tribuere
1011 3351 1189 3414 cognitionem

98 3429 146 3489 444,
171 3426 227 3478 sub
247 3425 361 3488 Oieliae,
387 3428 480 3477 rustici
500 3429 625 3490 ltomani,
663 3425 808 3476 etlrenaiac
821 3426 916 3477 ditium
932 3425 1052 3476 luxuriae
1064 3429 1190 3488 iamper*

96 3503 371 3565 pemmpraecepta
382 3500 475 3561 444444,
493 3503 548 3564 qul,
566 3500 627 3552 nul-
662 3500 762 3551 lectam
778 3513 810 3550 ac
826 3497 929 3564 singula
947 3499 1003 3550 iere
1021 3509 1189 3563 persequen-

97 3574 147 3627 ins
165 3574 321 3640 philosophi
338 3574 476 3626 doctrinae
492 3576 625 3639 addictus,
663 3578 732 3635 4444;
766 3575 925 3639 praesertim
954 3585 1036 3637 quam
1067 3573 1189 3636 ineptum

98 3651 234 3714 4444444444
258 3650 354 3700 nautis
378 3661 444 3700 suas
472 3650 626 3702 hominibus
663 3647 828 3712 stultumque
839 3649 963 3700 Horatius
982 3647 1102 3698 finxisset
1118 3644 1189 3698 Oisi-

96 3729 221 3775 44444444
235 3723 309 3774 illam
326 3722 515 3775 statuentium
532 3726 560 3775 et
573 3725 628 3775 irn-
661 3721 732 3785 iam,
753 3722 855 3774 talibus
872 3737 887 3774 a
907 3723 977 3775 vitiis
997 3733 1132 3788 pauperes
1156 3735 1189 3772 ac

97 3797 234 3860 4444444444
253 3796 393 3848 liberrimo
413 3799 626 3862 44444444444444
662 3795 798 3862 simplices
820 3809 885 3849 suos
907 3799 1016 3849 vicanos
1041 3795 1189 3847 dehortan-

97 3884 226 3924 sermons
242 3871 428 3934 commendat,
446 3885 527 3936 quam
544 3874 627 3923 44444-
662 3874 734 3932 tem;
752 3885 807 3936 quo
818 3875 970 3924 4444444444
987 3885 1037 3937 pro
1048 3873 1122 3922 44444
1133 3884 1187 3921 444

97 3949 156 3996 iens
174 3946 233 4010 ipse
253 3947 384 4010 optimam
403 3945 561 3998 4444444444
578 3959 627 3996 ex·
663 3945 791 4010 egebant,
808 3948 839 3997 44
854 3947 1046 4012 temperantiae
1062 3945 1187 3996 4444444444

98 4022 192 4082 pertus
208 4022 269 4070 erat
284 4019 319 4070 ad
338 4018 418 4071 beate
435 4020 581 4072 vivendum
599 4024 627 4071 ei
662 4023 747 4073 totam
769 4021 916 4084 pervitam
932 4021 1003 4071 uitro
1019 4020 1185 4071 exercerent.

97 4091 142 4142 sel
166 4094 248 4144 444444
270 4095 312 4144 444
337 4092 471 4146 inmitiaris
494 4095 626 4146 iacturam
665 4121 693 4132 -
706 4093 794 4159 044444]
807 4095 896 4146 Lectio
908 4095 1000 4160 osellae
1016 4094 1130 4146 librariis
1141 4092 1187 4143 de-

99 4178 187 4230 444444
207 4169 299 4220 animo
314 4169 463 4222 terendam.
497 4170 572 4222 zani.
591 4181 626 4220 44
662 4169 755 4232 betur,
773 4168 871 4233 4444444
887 4169 1038 4221 4444444444
1055 4169 1111 4220 444
1129 4169 1186 4220 viro
