2925 4892
249 324 312 390 440
610 323 740 376 nontrn
757 323 979 376 erraronlnuu

293 483 398 550 Tertia
421 480 598 548 succedant
620 491 759 568 atquae
781 499 858 568 pare
884 480 1024 568 quadrat
1048 499 1212 546 acervum.
1300 480 1342 543 35

296 603 425 672 Scilicet
445 625 581 670 uxorem
603 623 677 669 curn
699 601 775 668 dote
797 601 962 689 fidemque
984 611 1017 668 et
1037 601 1161 668 amicos

293 727 332 792 Et
353 747 455 814 genus
478 737 510 792 et
532 725 666 792 formam
687 723 800 812 regina
822 723 964 791 Pecunia
985 722 1099 800 donat,

292 849 337 914 Ac
359 847 443 914 bene
466 856 665 912 nummatum
687 845 821 912 decorat
842 842 984 912 Suadela
1006 846 1190 932 Venusque.

294 969 460 1056 Mancipiis
483 967 628 1056 locuples
651 978 725 1056 egat
748 967 834 1034 aeris
856 965 1088 1054 Cappadocum
1108 987 1180 1034 rex:

292 1093 339 1158 Ne
361 1091 461 1157 fureris
483 1089 535 1158 hic
558 1101 601 1154 tu.
645 1087 843 1179 chlamydes
865 1087 1034 1165 Lucullus,
1056 1099 1093 1155 ut
1113 1089 1218 1165 aiunt,
1302 1089 1343 1154 lo

317 1269 358 1321 ³5.
378 1270 488 1332 quadras
505 1269 591 1328 bScE,
611 1267 653 1320 alll
670 1267 759 1330 multi,
779 1269 833 1319 Fu:
852 1269 959 1331 caudet
975 1281 1002 1334 p,
1021 1267 1065 1318 alii
1082 1267 1209 1330 Codices,
1228 1269 1311 1319 Beot-

282 1343 363 1408 leius,
382 1345 415 1396 ll.
438 1371 464 1381 -
484 1344 525 1394 ³7.
537 1343 655 1408 somnam]
673 1357 763 1395 nornen
779 1357 806 1409 p.
828 1371 855 1380 -
874 1344 914 1394 38.
936 1343 980 1410 Ac]
997 1345 1065 1394 Nam
1081 1357 1216 1408 superecr.
1235 1345 1308 1394 Aes.

251 1506 304 1557 tltrs
322 1503 502 1556 etobbarlus.
528 1507 584 1555 Non
597 1507 684 1566 recte,
697 1505 776 1568 puto3
814 1501 920 1552 laudet
930 1501 998 1566 fidei.
1016 1503 1101 1552 Pravo
1113 1502 1244 1552 Diintzer:
1265 1503 1343 1553 Treue

250 1581 333 1632 immo
351 1579 452 1629 dictum
475 1583 529 1639 est,
554 1581 583 1628 ut
604 1579 710 1630 Patron.
728 1578 775 1627 76:
813 1575 1025 1640 dundeplicldteit.
1050 1601 1075 1613 -
1098 1577 1182 1626 Genea
1205 1579 1298 1627 autem
1320 1583 1344 1628 et

249 1669 300 1704 uno
322 1667 399 1704 curru
421 1654 511 1704 centia
531 1654 669 1706 coturlione
688 1666 778 1702 corro-
813 1652 924 1715 soranam
947 1653 1079 1715 praestat,
1105 1653 1241 1715 quatenus
1266 1650 1343 1702 locu·

249 1729 363 1779 tundaue'.
393 1729 480 1792 Atque
492 1729 531 1780 sic
543 1729 625 1780 eliam
641 1729 667 1778 in
686 1741 780 1778 recan-
814 1726 885 1790 pler,
915 1726 965 1776 etei
993 1725 1085 1776 infimo
1110 1723 1169 1775 loco
1194 1729 1271 1778 ortus
1297 1726 1341 1778 vel

251 1804 365 1856 tionibus
383 1803 487 1867 linguis.
501 1802 634 1867 Gargallo:
652 1803 779 1853 damner
814 1799 923 1850 sordido
940 1801 1055 1863 quaestu
1073 1798 1264 1864 locupletatus,
1291 1802 1343 1852 etsi

250 1880 271 1928 ei
288 1879 396 1928 rotondi.
425 1879 506 1928 Voss:
527 1878 779 1928 dandedlrtoueend
815 1875 956 1936 deformia,
981 1874 1081 1936 inlude,
1103 1875 1275 1936 invenustus.
1295 1889 1344 1926 ae-

253 1953 356 2012 Talenl'3
371 1965 510 2016 nuperque
522 1950 574 2015 legi
587 1953 613 2002 in
622 1953 694 2002 Actis
707 1951 781 2002 diur-
817 1964 870 2014 que
883 1952 973 1999 tamen
985 1962 1001 1999 a
1012 1949 1090 2012 volgo
1101 1949 1248 2000 honoratur
1259 1953 1288 2000 et
1298 1964 1345 2002 eu·

252 2029 292 2080 nia
323 2026 525 2092 Francogallicis
555 2029 577 2078 le
605 2029 727 2079 Notional
751 2030 776 2079 l.
816 2025 1003 2088 spirituracal
1021 2037 1181 2087 generosus,
1200 2022 1342 2088 eloquens,

251 2103 336 2152 Aorll:
355 2102 780 2164 leuraappointemenre’urrondle·
816 2097 930 2162 pulcher
951 2101 1031 2162 atque
1054 2099 1185 2150 renuetur
1210 2102 1292 2150 esset.
1315 2127 1342 2136 -

252 2183 306 2228 rent
323 2191 383 2226 avec
399 2177 531 2242 raptaue.)
546 2206 573 2213 —
589 2178 678 2242 porro]
696 2179 778 2241 lunge
815 2174 906 2238 repleo
921 2172 1037 2236 mia]
1059 2173 1098 2222 Ex
1118 2172 1170 2223 hoc
1192 2176 1221 2223 et
1244 2172 1344 2226 talibus

252 2266 367 2303 cumvv.
376 2257 399 2301 et
409 2253 497 2310 tertia,
511 2265 572 2313 non,
587 2255 616 2302 ut
624 2251 716 2302 volunt
724 2251 777 2315 alil,
816 2249 882 2299 locis
896 2248 1038 2311 desumpta
1056 2247 1193 2309 videntur,
1212 2261 1284 2312 quae
1296 2251 1345 2300 Ar·

252 2340 316 2378 cum
327 2340 353 2376 v.
366 2325 456 2376 altera
470 2353 497 2362 -
510 2325 650 2391 accedant]
664 2326 713 2376 aad
725 2326 779 2377 duo
817 2324 913 2376 nobiua
924 2323 954 2384 4,
972 2323 997 2374 9.
1016 2324 1044 2374 et
1061 2323 1224 2387 Augustinus
1236 2324 1272 2375 de
1285 2325 1342 2376 Cir.

252 2401 342 2466 prlora
359 2398 486 2464 paulatim
504 2400 660 2451 accedant.»
676 2428 703 2438 --
717 2415 780 2463 qua-
816 2403 848 2451 1).
861 2399 892 2462 l,
910 2400 952 2450 20.
971 2398 1006 2450 de
1023 2399 1074 2449 dea
1092 2399 1208 2450 Pecunia
1229 2400 1266 2450 ita
1288 2403 1344 2450 tra-

252 2477 312 2526 drol
328 2473 454 2539 mmmm]
475 2474 587 2536 «allicit,
607 2476 637 2525 ut
654 2477 780 2540 quattuor
817 2475 897 2538 dunt,
916 2489 948 2525 ao
965 2476 987 2526 ei
1005 2488 1035 2525 re
1046 2488 1112 2525 vera
1126 2473 1223 2524 sacella
1235 2473 1345 2526 habuis·

252 2547 324 2599 milla
335 2547 570 2600 talentahabeas.»
583 2550 695 2600 Secutus
707 2563 779 2600 nuuc
817 2553 859 2602 set
878 2549 950 2614 apud
972 2550 1115 2600 Romanoa.
1145 2550 1246 2600 Verum
1262 2547 1345 2621 drap-

252 2637 314 2675 sum
322 2624 569 2687 antiquissimorum
579 2627 607 2676 et
615 2625 779 2690 optimorum
816 2620 909 2697 ρήδην
924 2621 1039 2674 luvenal.
1054 2624 1082 2684 4,
1102 2623 1163 2673 443;
1180 2624 1282 2686 Μαῖα
1297 2627 1344 2676 Ρο-

253 2699 338 2750 Codd.
367 2699 567 2761 auctoritatem,
606 2699 780 2752 indicativum
815 2702 893 2751 cunia
909 2699 998 2761 mrplo
1014 2699 1131 2748 Noudion
1149 2697 1262 2760 habitan
1284 2701 1344 2750 eul-

251 2787 317 2837 prae
335 2788 365 2826 se
384 2774 540 2836 ferentium,
565 2787 648 2838 quem
668 2776 781 2839 propter
816 2777 855 2826 lae
878 2787 1041 2825 nurmnorum
1064 2774 1192 2824 aerina
1214 2787 1288 2826 arat.
1314 2803 1341 2812 -

252 2861 296 2898 vv.
309 2849 476 2898 rotundentur
488 2848 515 2899 et
532 2849 702 2900 succedentia
715 2862 780 2900 con·
816 2850 918 2901 Dicitur
935 2852 1026 2900 autem
1041 2850 1134 2912 reuera
1155 2848 1252 2900 eadem
1275 2851 1343 2900 ima-

252 2923 399 2972 iunctivum
408 2915 690 2974 mutatumesseieor.
704 2925 780 2974 llunc
817 2927 891 2988 gine,
918 2936 970 2988 qua
996 2923 1069 2988 apud
1086 2924 1141 2974 Cic.
1161 2923 1197 2974 de
1218 2925 1289 2975 Orat.
1310 2925 1342 2986 2,

252 2996 363 3060 quidem
380 2997 495 3046 hominis
506 2997 579 3047 avari
593 3001 779 3061 autumatque
817 2999 864 3062 ll,
884 3001 940 3050 487.
959 3013 977 3048 a
994 2999 1057 3049 bono
1068 3002 1148 3062 poeta
1163 3000 1233 3050 dieta
1247 3004 1286 3050 eet
1299 3003 1343 3066 pe

253 3083 330 3134 spem
368 3068 463 3120 mellus
498 3069 646 3134 significare
681 3073 780 3136 opinati
816 3075 926 3125 aarum
950 3078 1025 3136 arpa
1049 3075 1161 3124 munium
1183 3075 1274 3138 κρίνα
1301 3089 1344 3125 re-

254 3145 324 3196 eunt.
357 3144 484 3194 Ceterum
510 3158 536 3194 v.
564 3147 694 3209 quadrare
718 3161 780 3198 raro
816 3163 876 3199 rum
891 3149 982 3198 cratia
998 3172 1026 3184 -
1039 3147 1341 3211 mammen.

252 3219 389 3284 propriam
416 3220 443 3268 et
466 3219 582 3283 primam
608 3222 781 3285 significatio·
817 3223 851 3274 de
868 3222 927 3285 lege
943 3235 1000 3286 agr.
1013 3223 1044 3284 2,
1062 3223 1110 3284 22,
1129 3223 1186 3273 ὅθι·
1200 3224 1342 3275 adoueceee

252 3307 318 3345 nem
334 3297 436 3357 servat,
461 3295 511 3346 sed
527 3293 687 3362 plerumque
705 3299 780 3349 tran·
816 3312 867 3348 uon
882 3298 965 3347 minue
980 3296 1041 3348 berre
1055 3302 1200 3348 numum
1210 3311 1290 3361 quam
1301 3299 1344 3349 ue-

253 3369 330 3419 eillve
348 3371 390 3418 est
412 3372 490 3433 «apte
514 3369 663 3434 complere,
689 3371 780 3424 absol·
816 3387 848 3423 ne
871 3372 1014 3435 capillatae
1035 3401 1063 3410 -
1082 3373 1201 3438 Suadela]
1227 3371 1342 3437 Πειθώ,

252 3455 345 3504 vere.»
358 3443 781 3510 intransitiveaongruere,eon·
817 3447 902 3498 Ennio
922 3447 1011 3498 Suada
1032 3448 1095 3511 (Cic.
1116 3449 1190 3498 Brut.
1209 3449 1254 3511 45,
1280 3450 1342 3514 ull),

253 3519 358 3580 venire,
383 3521 561 3571 consentire.»
592 3523 647 3572 lluc
669 3523 780 3586 quidem
814 3523 984 3585 peruramur·
999 3523 1048 3573 dea
1065 3521 1170 3583 Quintil.
1190 3524 1237 3584 lo,
1250 3526 1282 3584 4,
1300 3525 1342 3576 et.

252 3591 313 3642 loco
337 3595 466 3655 quadrare
486 3595 604 3658 positum
625 3599 668 3647 eet
687 3597 782 3647 rodida
819 3623 848 3636 -
869 3595 956 3660 Venae]
973 3597 1018 3647 hio
1034 3610 1084 3661 pro
1094 3600 1235 3649 venustate
1247 3602 1275 3648 et
1286 3611 1345 3663 gru·

253 3667 372 3718 iunctura
387 3681 437 3732 per
453 3664 601 3724 ἀντίθεσιν
617 3685 679 3722 eum
696 3685 781 3722 uro·
819 3672 862 3721 tia.
893 3666 958 3721 Plinss
972 3671 1003 3722 ll.
1016 3673 1047 3722 N.
1060 3673 1107 3732 35,
1126 3672 1174 3734 40,
1192 3673 1237 3723 36;
1263 3675 1346 3724 deme

254 3742 370 3791 rudore.
817 3747 935 3796 lacman
945 3746 1017 3798 illam
1030 3747 1155 3808 Venerem,
1165 3760 1242 3809 quan
1251 3748 1346 3798 Graeci

287 3814 376 3865 36-38.
403 3816 503 3866 Scilicet
518 3818 633 3884 aucorem]
651 3821 707 3871 lam
720 3821 781 3873 κατ’
818 3817 933 3894 Χάριτα
948 3826 1049 3872 naret.
1077 3823 1181 3872 Seneca
1197 3821 1233 3872 de
1250 3822 1344 3874 Benel,

254 3888 402 3959 εἰρωνείαν
443 3897 585 3944 enumerat
626 3896 779 3958 commoda,
818 3899 848 3958 2,
867 3898 912 3946 lt:
930 3897 974 3947 lde
989 3911 1041 3948 noe
1057 3901 1093 3948 eet
1108 3897 1170 3947 milri
1181 3897 1346 3960 μανῶν-44444·

254 3976 324 4027 quaa
346 3967 458 4029 pecunia
481 3968 614 4031 praebere
635 3967 729 4020 soleat.
751 4000 779 4007 -
819 3971 864 4022 due
878 3985 923 4022 nec
934 3971 1036 4036 officiis,
1054 3972 1097 4022 red
1111 3971 1199 4022 lobud
1214 3983 1289 4022 ruane
1302 3973 1348 4021 l'e-

251 4039 334 4103 fidon]
354 4041 378 4090 in
396 4041 478 4092 rebus
494 4045 667 4108 pecuniariis,
687 4046 779 4097 Credit.
818 4060 910 4098 neren.
928 4046 1045 4107 —Quod
1062 4050 1226 4108 memorant,
1246 4047 1349 4098 utrem·

252 4115 384 4177 luvend,
400 4116 459 4168 lla:
480 4119 782 4182 praeumptionem
819 4135 872 4186 que
902 4121 982 4173 dearn
1008 4116 1135 4173 σύνναον
1165 4123 1247 4174 luisse
1272 4121 1348 4187 apud

253 4203 413 4244 nummorum
430 4199 513 4244 seruat
530 4195 554 4244 in
573 4209 652 4256 arca,
675 4196 780 4247 Tantum
819 4201 935 4249 Graecos
962 4211 1062 4262 easque
1090 4198 1188 4262 nupliie
1214 4197 1346 4261 propitias
