2925 4892
497 372 557 423 titt.
576 371 596 425 l.
630 372 728 423 erist.
747 372 812 425 xvi.

154 527 315 595 Pomisne'
327 536 362 592 et
382 526 495 613 pratis,
519 547 560 593 en
582 528 699 595 emicie
720 526 838 594 vitibus
858 526 961 605 ulmo,

155 647 322 714 Scribetur
342 646 398 714 tibi
422 646 524 713 iorma
548 646 726 735 loquaciter
746 657 781 715 et
800 648 883 715 situs
904 650 982 734 agri.

156 767 304 836 Continui
326 776 467 843 montes,
491 767 523 831 ni
546 766 763 835 dissocientur
777 788 882 857 opaca
1179 775 1199 837 5

156 887 259 965 Valle,
283 887 343 956 sed
365 897 401 954 ut
423 888 555 955 veniens
577 887 726 955 dextrum
747 888 831 956 lame
852 890 1012 977 adspiciat
1031 891 1102 968 Sol,

156 1010 297 1077 Laevum
319 1007 492 1075 discedens
514 1028 612 1075 cumn
635 1008 775 1097 fugiente
796 1020 940 1099 vaporet.

144 1179 255 1229 Porniroe
274 1178 390 1229 Pettierii
408 1178 448 1227 45.
471 1179 498 1227 et
516 1176 566 1238 te,
585 1177 640 1229 cli.
661 1204 689 1215 -
707 1182 731 1227 et
746 1177 858 1243 hSEcdp
875 1180 902 1228 et
922 1180 1039 1231 Pettierii
1062 1194 1166 1245 omnes,

145 1254 212 1305 Leti
220 1268 226 1303 ι
245 1267 281 1304 ue
291 1266 324 1303 ex
336 1252 420 1303 irihm
432 1250 518 1303 Codd.
537 1252 660 1315 croculi,
680 1252 790 1303 totidem
802 1254 945 1315 Torrentii,
963 1253 1101 1307 Pulmenni
1112 1270 1167 1307 uno

145 1328 284 1391 alteroque
302 1326 458 1379 Bersmenni
476 1329 503 1375 et
519 1338 552 1375 ex
568 1326 623 1377 suis
635 1322 736 1389 aliquot
754 1327 911 1391 (anonymis)
929 1328 1073 1391 Bentleiue,
1091 1330 1165 1381 itio.

146 1427 175 1439 -
195 1416 231 1451 oe
247 1402 334 1451 irerctu
344 1401 370 1449 S.
385 1426 412 1437 -
426 1401 450 1450 i.
464 1400 609 1449 demetdeee
620 1397 703 1449 Codd.
717 1400 794 1463 aliq„
812 1401 928 1452 decedm
937 1401 1070 1455 Bentleius
1081 1404 1169 1455 conie-

145 1476 231 1525 cturi.
263 1476 302 1539 iiii
318 1486 377 1535 nos,
395 1473 507 1539 hSEodp
525 1476 553 1525 et
569 1486 663 1525 omnes
680 1474 822 1537 Pottierii.).

114 1624 162 1685 eit,
181 1626 212 1673 ut
228 1623 340 1673 arbores
357 1621 508 1673 tmctiierae
525 1634 541 1671 e
557 1622 640 1685 pratis
676 1620 855 1686 descriptione
880 1625 923 1674 eet
947 1637 1025 1675 mons
1049 1626 1147 1687 Ustica,
1173 1628 1201 1677 in

114 1698 311 1761 disiungantur,
330 1710 401 1747 nunc
415 1696 567 1759 recepimus
579 1707 640 1745 eum
677 1696 754 1747 cuius
778 1695 916 1749 radicibus
939 1696 999 1747 viiie
1025 1699 1124 1750 iioretii
1151 1700 1201 1751 sita

114 1771 267 1831 lectionem,
286 1783 356 1834 quse
371 1782 386 1819 a
404 1769 541 1821 codicibus
558 1770 641 1819 maio·
677 1771 749 1832 eret,
768 1773 796 1819 et
812 1769 880 1822 ulter
896 1770 994 1833 clivus,
1011 1772 1039 1823 in
1052 1786 1105 1838 quo
1117 1776 1202 1826 vecu-

115 1858 172 1896 rem
188 1845 477 1895 heheieuctoritetem.
502 1844 552 1903 Qui
564 1854 641 1907 pree·
677 1856 727 1893 nee
753 1842 884 1909 templum
912 1849 984 1906 eret,
1017 1846 1096 1899 hodie
1120 1851 1203 1899 iiocce

116 1921 202 1971 lerunt
224 1934 271 1979 ee,
298 1920 377 1969 huius
392 1917 537 1981 perticulee
555 1918 640 1982 gemi-
676 1918 788 1981 plocium
811 1917 886 1969 veliis
903 1922 995 1970 eutem
1011 1921 1081 1971 inter
1095 1924 1202 1973 utrum·

115 1995 249 2045 notionem
272 1990 390 2043 Bentleio
412 1994 521 2042 auctore
545 1991 640 2043 delen·
677 2004 729 2055 que
756 1993 875 2043 monum
900 1995 942 2043 est
963 1993 1037 2045 vellis
1054 1994 1200 2059 Digentiae

115 2068 181 2118 dunt
192 2065 251 2118 coil.
266 2066 350 2129 Epod.
363 2066 388 2124 i,
399 2064 438 2115 43.
458 2067 523 2130 Epp.
538 2067 562 2127 4,
576 2065 601 2127 3,
614 2064 638 2115 3.
676 2064 756 2116 hodie
776 2067 822 2115 Vei
837 2067 995 2129 diliceeso,
1014 2082 1084 2133 quae
1101 2069 1203 2121 claudi-

114 2142 138 2200 4,
151 2142 193 2201 44,
207 2140 232 2190 4.
253 2143 276 2200 4,
290 2140 332 2201 48,
346 2139 403 2189 toi.
423 2139 461 2189 Ci.
475 2139 551 2191 ilend
563 2140 638 2189 Turs.
678 2142 720 2191 tur
731 2139 868 2203 Lucretili,
879 2143 965 2192 Monte
976 2142 1102 2193 Geeecro.
1121 2146 1203 2196 totus

115 2216 134 2265 i.
146 2228 174 2279 p.
186 2215 245 2265 299.
264 2214 418 2263 Lectionem
430 2218 521 2265 eutem
532 2215 641 2263 Pomtm
678 2216 769 2266 eutem
784 2217 885 2265 trectue
902 2216 939 2276 ci,
958 2217 1004 2279 qui
1020 2230 1036 2266 a
1052 2216 1150 2269 Tibure
1160 2220 1203 2269 vio

114 2289 234 2339 reierunt
258 2287 294 2338 ad
312 2302 339 2338 v.
358 2288 426 2337 tocie
445 2290 472 2339 et
489 2287 638 2353 explicent:
677 2286 782 2337 Valeria
806 2301 857 2353 per
881 2288 989 2339 Verium
1011 2289 1155 2357 (Vtcoocro)
1176 2294 1204 2343 et

114 2362 175 2414 trel
194 2362 253 2413 aliis
269 2364 383 2427 pomis·
398 2387 426 2399 -
442 2363 536 2411 cericis
550 2360 642 2413 militer
677 2360 829 2413 illandelom
853 2362 987 2427 (Boudeia)
1011 2362 1110 2415 vellem
1131 2365 1203 2417 iilum

114 2436 191 2501 simo]
226 2435 356 2499 Singulari
381 2438 438 2487 erte
463 2432 502 2501 τῷ
527 2430 639 2507 ἀπύρῳ,
678 2435 894 2498 ingrediebatur,
912 2435 947 2486 eb
964 2439 1066 2488 oriente
1084 2438 1119 2489 ed
1135 2439 1205 2490 occi-

117 2511 406 2575 menisminorum
423 2512 560 2574 pasceret,
587 2522 640 2561 non
678 2509 790 2559 dentem
811 2522 925 2572 vergere
941 2510 1097 2573 videbatur,
1123 2514 1159 2563 itu
1174 2516 1205 2563 ut

114 2588 186 2648 odie,
213 2598 279 2637 usus
297 2587 351 2645 est,
370 2587 399 2634 ut
416 2585 442 2635 in
459 2596 564 2635 summe
582 2596 641 2633 ser·
679 2582 718 2633 sol
736 2595 814 2632 mene
831 2582 913 2633 redite
927 2583 1205 2637 collustraretiioretii

116 2662 204 2710 monis
239 2657 405 2722 simplicitate
440 2660 517 2723 poete
551 2660 641 2709 umen
680 2656 806 2717 fundum,
833 2655 884 2706 suh
909 2669 1051 2721 vesperem
1068 2660 1205 2711 sinistrum

116 2735 246 2785 maneret.
269 2733 373 2783 Colum.
393 2734 425 2792 5,
444 2733 472 2793 6,
492 2732 539 2781 iii:
567 2732 642 2783 dirce
679 2729 760 2791 letus,
774 2728 1014 2781 clivumVecunae.
1033 2732 1133 2791 Quodsi
1144 2734 1205 2797 quie

115 2820 222 2859 censere
255 2806 439 2867 oeumecctiecrt
472 2804 545 2855 bisce
571 2806 642 2869 oiim,
680 2802 840 2855 Lucretilem
857 2805 947 2855 enisus
969 2805 997 2854 in
1012 2810 1109 2869 potitae
1124 2820 1205 2871 pree·

115 2896 163 2945 quo
185 2882 290 2932 celeriore
305 2881 401 2931 mm
419 2882 571 2942 vestient,
595 2893 643 2943 pe-
680 2878 755 2929 dium
771 2878 965 2939 descenderet,
986 2878 1062 2931 veliis
1084 2879 1119 2930 ab
1137 2882 1206 2933 occi-

116 2958 170 3008 dere
189 2958 257 3005 ieter
276 2968 302 3005 ee
325 2956 444 3005 demetet
458 2954 584 3005 scrobibus
599 2955 643 3004 de-
681 2953 762 3003 dente
779 2952 814 3003 ed
831 2953 962 3003 orientem
980 2952 1087 3003 extendi
1098 2954 1207 3006 videba-

115 3031 255 3093 ponendee.
275 3028 314 3079 De
332 3028 641 3090 reci.0d.2‚ld‚lt.-
680 3030 732 3078 tur.
748 3054 775 3065 -
795 3026 921 3091 destruct]
944 3028 1070 3079 nimirum
1095 3030 1134 3089 ei,
1160 3031 1206 3095 qui

116 3104 209 3169 [enee]
227 3103 271 3153 Sic
281 3103 364 3152 Verre
377 3104 406 3153 it.
419 3102 448 3153 ii.
463 3102 487 3161 4,
501 3102 525 3162 6,
540 3103 564 3151 i:
582 3102 645 3151 For·
681 3114 714 3151 ex
731 3100 818 3151 antica
834 3100 912 3151 villae
933 3104 1009 3165 parte
1027 3105 1132 3153 montes
1148 3102 1206 3155 vel-

115 3194 170 3231 mee
195 3177 298 3243 (tundi)
324 3190 381 3227 eeu
400 3178 450 3227 deo
471 3190 565 3240 amero
580 3178 643 3227 rint:
680 3173 789 3238 lemque
806 3178 999 3240 prospectaret.
1020 3202 1048 3215 ·-
1074 3178 1207 3243 cosdem]

115 3268 179 3316 teto,
198 3257 385 3315 quemnam
395 3253 456 3313 dci,
474 3250 645 3313 maworn
682 3252 754 3301 Haec
775 3248 969 3315 simplicissime
991 3250 1070 3301 lectio
1090 3253 1207 3317 apteque

116 3332 224 3381 actm
234 3329 380 3389 seponunt:
394 3326 482 3389 prior,
500 3327 567 3386 quod
578 3326 644 3377 cites
681 3324 1044 3389 respondenaverbooeniene
1052 3324 1205 3387 (vaureu.

116 3418 179 3467 oper
196 3403 257 3453 berre
273 3406 364 3462 mue,
382 3400 449 3449 ciete
464 3400 547 3459 mele;
561 3404 646 3461 poete-
682 3400 723 3459 iii,
736 3397 799 3448 itt:
819 3396 1065 3457 Aurora-centena.)
1082 3398 1147 3447 sede
1163 3398 1208 3447 iir-

117 3481 184 3541 rtur,
204 3477 273 3540 cuod
289 3476 459 3538 etimiiesdee
469 3474 646 3525 ieeecoeritre
682 3474 771 3522 matur
781 3484 797 3520 a
808 3469 893 3521 codd.
907 3472 975 3520 meis
987 3472 1079 3520 contre
1090 3468 1207 3533 reliques

118 3558 164 3613 eet,
182 3551 348 3602 atrum:
366 3549 647 3611 diccmpriicdeue·
682 3546 798 3595 decedere
815 3544 895 3607 (virg.
912 3546 957 3593 Ge.
977 3542 1083 3603 t,too:
1110 3556 1208 3595 semem

119 3626 196 3676 tercii
218 3626 272 3674 cet.
291 3651 319 3661 -
337 3622 483 3686 loquaciter]
502 3620 646 3686 «complu-
681 3620 802 3671 eteniam
813 3618 906 3669 decedit
918 3614 973 3681 (sol)
988 3617 1101 3679 inrupo.
1121 3619 1167 3667 Ge.
1180 3616 1206 3680 l,

119 3700 192 3750 ribus
204 3697 326 3760 verbis,·
344 3694 504 3749 nesciemus
516 3696 551 3745 de
563 3696 646 3746 rebus
682 3694 745 3745 too:
773 3692 803 3742 Te
826 3691 937 3741 coeunte
958 3691 1011 3753 die,
1036 3695 1061 3740 te
1082 3690 1210 3743 decedente

120 3772 196 3825 nobie
214 3771 284 3837 cerie
301 3770 337 3821 ed
353 3771 456 3821 amieos
473 3769 602 3821 scribere.
682 3767 806 3829 cortebm)
824 3768 853 3815 et
869 3765 1028 3826 mendene,
1047 3762 1121 3827 quod
1138 3768 1211 3817 esset

151 3847 207 3897 tt-t.
235 3844 353 3895 Certim
367 3842 471 3907 montet]
496 3844 646 3906 ‹perpetuo
682 3842 713 3890 ui
729 3839 801 3905 apud
818 3840 873 3889 liv.
890 3839 920 3900 9,
937 3838 986 3889 23:
1011 3838 1048 3887 eci
1066 3839 1169 3889 eteridie
1184 3853 1211 3891 ee

121 3920 201 3973 dorso
213 3920 282 3969 inter
293 3931 323 3969 se
336 3919 436 3969 iuncti·
455 3917 518 3980 (Liv.
528 3916 570 3977 ii,
584 3915 645 3978 i8.)‚
682 3915 821 3964 ieciiueoit.
840 3912 879 3964 Ci.
893 3913 958 3962 item
969 3911 1039 3976 Virg.
1052 3911 1107 3964 Eci.
1120 3914 1149 3973 2,
1163 3914 1208 3963 itt:

123 3996 191 4045 «nisi
208 3994 418 4045 dissociarentur
434 3990 501 4041 velle
518 3992 645 4055 anguste»
683 3988 727 4039 Sol
742 3989 859 4039 decedent
869 4000 932 4037 cum
943 3984 1211 4037 vur.1sct.eteeeeem

123 4068 236 4131 frmeota
247 4068 295 4119 od.
310 4068 335 4129 4,
349 4067 390 4127 tt,
401 4067 451 4129 ii.)
470 4069 513 4117 «et
524 4068 648 4131 propter·
685 4065 712 4113 et
728 4062 881 4112 descendeus.
907 4060 998 4111 Burm.
1018 4060 1053 4109 ed
1070 4060 1145 4110 ovid.
1157 4061 1211 4111 lie-

124 4154 155 4191 ee
172 4154 253 4204 cpuco
269 4142 380 4205 propter
396 4138 647 4191 montiumumhres
685 4138 749 4187 tem
762 4134 788 4197 4,
801 4135 841 4185 et.
857 4158 884 4170 -
903 4134 1111 4198 miccium]
1124 4132 1171 4183 0d.
1182 4133 1208 4193 3,

124 4228 153 4265 se
175 4228 258 4280 prope
281 4214 448 4277 iungentes.»
482 4214 517 4263 Ex
538 4210 648 4263 Siclleri
685 4208 770 4271 dli:
789 4208 893 4261 obem
908 4222 1002 4270 ciero,
1021 4208 1086 4257 item
1097 4206 1132 4255 de
1142 4204 1208 4257 sole.
