<?xml version="1.0" encoding="UTF-8"?>
<!DOCTYPE html PUBLIC "-//W3C//DTD XHTML 1.0 Transitional//EN"
    "http://www.w3.org/TR/xhtml1/DTD/xhtml1-transitional.dtd">
<html xmlns="http://www.w3.org/1999/xhtml" xml:lang="en" lang="en">
 <head>
  <title>
</title>
<meta http-equiv="Content-Type" content="text/html;charset=utf-8" />
  <meta name='ocr-system' content='tesseract 3.04.00' />
  <meta name='ocr-capabilities' content='ocr_page ocr_carea ocr_par ocr_line ocrx_word'/>
</head>
<body>
  <div class='ocr_page' id='page_1' title='image "./qhoratiusflaccu03baitgoog/qhoratiusflaccu03baitgoog_0382.png"; bbox 0 0 2925 4892; ppageno 0'>
   <div class='ocr_carea' id='block_1_1' title="bbox 249 311 976 378">
    <p class='ocr_par' dir='ltr' id='par_1_1' title="bbox 249 311 976 378">
     <span class='ocr_line' id='line_1_1' title="bbox 249 311 976 378; baseline -0.025 1"><span class='ocrx_word' id='word_1_1' title='bbox 249 314 310 378; x_wconf 75' lang='lat' dir='ltr'>ost</span> <span class='ocrx_word' id='word_1_2' title='bbox 608 313 737 364; x_wconf 79' lang='lat' dir='ltr'>nouaru</span> <span class='ocrx_word' id='word_1_3' title='bbox 756 311 976 362; x_wconf 82' lang='lat' dir='ltr'>aersromauu</span> 
     </span>
    </p>
   </div>
   <div class='ocr_carea' id='block_1_2' title="bbox 292 440 1346 1163">
    <p class='ocr_par' dir='ltr' id='par_1_2' title="bbox 292 440 1237 678">
     <span class='ocr_line' id='line_1_2' title="bbox 292 440 1237 557; baseline -0.01 -20"><span class='ocrx_word' id='word_1_4' title='bbox 292 473 359 538; x_wconf 89' lang='lat' dir='ltr'>Nec</span> <span class='ocrx_word' id='word_1_5' title='bbox 382 440 502 557; x_wconf 88' lang='lat' dir='ltr'>sequar</span> <span class='ocrx_word' id='word_1_6' title='bbox 524 479 578 535; x_wconf 85' lang='lat' dir='ltr'>aut</span> <span class='ocrx_word' id='word_1_7' title='bbox 599 468 732 556; x_wconf 82' lang='lat' dir='ltr'>fugiam,</span> <span class='ocrx_word' id='word_1_8' title='bbox 756 487 842 554; x_wconf 84' lang='lat' dir='ltr'>quae</span> <span class='ocrx_word' id='word_1_9' title='bbox 863 466 966 553; x_wconf 78' lang='lat' dir='ltr'>diligit</span> <span class='ocrx_word' id='word_1_10' title='bbox 988 465 1058 553; x_wconf 91' lang='lat' dir='ltr'>ipse</span> <span class='ocrx_word' id='word_1_11' title='bbox 1080 463 1131 531; x_wconf 90' lang='lat' dir='ltr'>vel</span> <span class='ocrx_word' id='word_1_12' title='bbox 1154 463 1237 537; x_wconf 90' lang='lat' dir='ltr'>odit,</span> 
     </span>
     <span class='ocr_line' id='line_1_3' title="bbox 294 586 1005 678; baseline -0.01 -21"><span class='ocrx_word' id='word_1_13' title='bbox 294 591 378 658; x_wconf 85' lang='lat' dir='ltr'>Olim</span> <span class='ocrx_word' id='word_1_14' title='bbox 400 590 489 678; x_wconf 91' lang='lat' dir='ltr'>quod</span> <span class='ocrx_word' id='word_1_15' title='bbox 511 589 624 678; x_wconf 88' lang='lat' dir='ltr'><strong>volpes</strong></span> <span class='ocrx_word' id='word_1_16' title='bbox 647 598 780 676; x_wconf 79' lang='lat' dir='ltr'>aegroto</span> <span class='ocrx_word' id='word_1_17' title='bbox 802 596 897 655; x_wconf 85' lang='lat' dir='ltr'>cauta</span> <span class='ocrx_word' id='word_1_18' title='bbox 920 586 1005 654; x_wconf 92' lang='lat' dir='ltr'>leoni</span> 
     </span>
    </p>

    <p class='ocr_par' dir='ltr' id='par_1_3' title="bbox 293 709 1155 801">
     <span class='ocr_line' id='line_1_4' title="bbox 293 709 1155 801; baseline -0.009 -20"><span class='ocrx_word' id='word_1_19' title='bbox 293 712 481 801; x_wconf 85' lang='lat' dir='ltr'>Respondit,</span> <span class='ocrx_word' id='word_1_20' title='bbox 506 711 659 779; x_wconf 86' lang='lat' dir='ltr'>reseram:</span> <span class='ocrx_word' id='word_1_21' title='bbox 683 709 768 790; x_wconf 87' lang='lat' dir='ltr'>Quia</span> <span class='ocrx_word' id='word_1_22' title='bbox 788 729 842 776; x_wconf 91' lang='lat' dir='ltr'>me</span> <span class='ocrx_word' id='word_1_23' title='bbox 864 709 999 795; x_wconf 81' lang='lat' dir='ltr'>vestigia</span> <span class='ocrx_word' id='word_1_24' title='bbox 1021 718 1155 782; x_wconf 90' lang='lat' dir='ltr'>terrent,</span> 
     </span>
    </p>

    <p class='ocr_par' dir='ltr' id='par_1_4' title="bbox 294 829 1346 1163">
     <span class='ocr_line' id='line_1_5' title="bbox 295 829 1344 918; baseline -0.01 -16"><span class='ocrx_word' id='word_1_25' title='bbox 295 835 411 902; x_wconf 86' lang='lat' dir='ltr'>Omnia</span> <span class='ocrx_word' id='word_1_26' title='bbox 434 845 464 900; x_wconf 89' lang='lat' dir='ltr'>te</span> <span class='ocrx_word' id='word_1_27' title='bbox 487 832 662 900; x_wconf 91' lang='lat' dir='ltr'>adversum</span> <span class='ocrx_word' id='word_1_28' title='bbox 683 831 878 918; x_wconf 75' lang='lat' dir='ltr'>spectantia,</span> <span class='ocrx_word' id='word_1_29' title='bbox 902 829 990 896; x_wconf 88' lang='lat' dir='ltr'>nulla</span> <span class='ocrx_word' id='word_1_30' title='bbox 1011 839 1199 896; x_wconf 80' lang='lat' dir='ltr'>retrorsum.</span> <span class='ocrx_word' id='word_1_31' title='bbox 1302 830 1344 892; x_wconf 87' lang='lat'>75</span> 
     </span>
     <span class='ocr_line' id='line_1_6' title="bbox 294 949 1346 1041; baseline -0.009 -19"><span class='ocrx_word' id='word_1_32' title='bbox 294 957 395 1024; x_wconf 86' lang='lat' dir='ltr'>Belua</span> <span class='ocrx_word' id='word_1_33' title='bbox 409 955 581 1023; x_wconf 90' lang='lat' dir='ltr'>multorum</span> <span class='ocrx_word' id='word_1_34' title='bbox 599 975 636 1021; x_wconf 89' lang='lat' dir='ltr'>es</span> <span class='ocrx_word' id='word_1_35' title='bbox 651 953 802 1041; x_wconf 89' lang='lat' dir='ltr'>capitum.</span> <span class='ocrx_word' id='word_1_36' title='bbox 825 954 905 1017; x_wconf 86' lang='lat' dir='ltr'>Nam</span> <span class='ocrx_word' id='word_1_37' title='bbox 921 950 1001 1039; x_wconf 89' lang='lat' dir='ltr'>quid</span> <span class='ocrx_word' id='word_1_38' title='bbox 1014 971 1136 1039; x_wconf 84' lang='lat' dir='ltr'>sequar</span> <span class='ocrx_word' id='word_1_39' title='bbox 1153 960 1209 1016; x_wconf 89' lang='lat' dir='ltr'>aut</span> <span class='ocrx_word' id='word_1_40' title='bbox 1219 949 1346 1038; x_wconf 74' lang='lat' dir='ltr'>quern?</span> 
     </span>
     <span class='ocr_line' id='line_1_7' title="bbox 294 1071 1226 1163; baseline -0.01 -19"><span class='ocrx_word' id='word_1_41' title='bbox 294 1081 373 1144; x_wconf 86' lang='lat' dir='ltr'>Pars</span> <span class='ocrx_word' id='word_1_42' title='bbox 394 1077 560 1144; x_wconf 90' lang='lat' dir='ltr'>hominum</span> <span class='ocrx_word' id='word_1_43' title='bbox 582 1075 677 1163; x_wconf 81' lang='lat' dir='ltr'>gestit</span> <span class='ocrx_word' id='word_1_44' title='bbox 698 1073 883 1141; x_wconf 81' lang='lat' dir='ltr'>conducere</span> <span class='ocrx_word' id='word_1_45' title='bbox 906 1071 1051 1160; x_wconf 85' lang='lat' dir='ltr'>publica,</span> <span class='ocrx_word' id='word_1_46' title='bbox 1075 1081 1150 1138; x_wconf 90' lang='lat' dir='ltr'>sunt</span> <span class='ocrx_word' id='word_1_47' title='bbox 1169 1073 1226 1159; x_wconf 94' lang='lat' dir='ltr'>qui</span> 
     </span>
    </p>
   </div>
   <div class='ocr_carea' id='block_1_3' title="bbox 288 1288 1311 1422">
    <p class='ocr_par' dir='ltr' id='par_1_5' title="bbox 288 1288 1311 1422">
     <span class='ocr_line' id='line_1_8' title="bbox 318 1288 1311 1355; baseline -0.006 -9"><span class='ocrx_word' id='word_1_48' title='bbox 318 1297 360 1346; x_wconf 77' lang='lat' dir='ltr'>ia.</span> <span class='ocrx_word' id='word_1_49' title='bbox 379 1301 424 1346; x_wconf 84' lang='lat' dir='ltr'>out</span> <span class='ocrx_word' id='word_1_50' title='bbox 440 1295 598 1355; x_wconf 88' lang='lat' dir='ltr'>bScd,LCt0</span> <span class='ocrx_word' id='word_1_51' title='bbox 616 1297 643 1344; x_wconf 90' lang='lat' dir='ltr'>ct</span> <span class='ocrx_word' id='word_1_52' title='bbox 659 1292 806 1344; x_wconf 88' lang='lat' dir='ltr'>Bentleius:</span> <span class='ocrx_word' id='word_1_53' title='bbox 826 1296 849 1340; x_wconf 84' lang='lat' dir='ltr'>st</span> <span class='ocrx_word' id='word_1_54' title='bbox 866 1305 881 1340; x_wconf 87' lang='lat' dir='ltr'>e</span> <span class='ocrx_word' id='word_1_55' title='bbox 900 1288 984 1340; x_wconf 83' lang='lat' dir='ltr'>codd,</span> <span class='ocrx_word' id='word_1_56' title='bbox 1004 1289 1057 1339; x_wconf 76' lang='lat' dir='ltr'>stt.</span> <span class='ocrx_word' id='word_1_57' title='bbox 1077 1315 1106 1326; x_wconf 89' lang='lat'>-</span> <span class='ocrx_word' id='word_1_58' title='bbox 1125 1289 1166 1338; x_wconf 78' lang='lat'>76.</span> <span class='ocrx_word' id='word_1_59' title='bbox 1186 1288 1224 1353; x_wconf 84' lang='lat' dir='ltr'>es]</span> <span class='ocrx_word' id='word_1_60' title='bbox 1242 1295 1277 1340; x_wconf 80' lang='lat' dir='ltr'>cst</span> <span class='ocrx_word' id='word_1_61' title='bbox 1293 1289 1311 1340; x_wconf 88' lang='lat' dir='ltr'>d</span> 
     </span>
     <span class='ocr_line' id='line_1_9' title="bbox 288 1369 550 1422; baseline -0.015 -1"><span class='ocrx_word' id='word_1_62' title='bbox 288 1374 315 1421; x_wconf 89' lang='lat' dir='ltr'>et</span> <span class='ocrx_word' id='word_1_63' title='bbox 330 1369 464 1422; x_wconf 88' lang='lat' dir='ltr'>Bentleius</span> <span class='ocrx_word' id='word_1_64' title='bbox 482 1370 550 1420; x_wconf 93' lang='lat' dir='ltr'>coni.</span> 
     </span>
    </p>
   </div>
   <div class='ocr_carea' id='block_1_4' title="bbox 255 1563 1349 1728">
    <p class='ocr_par' dir='ltr' id='par_1_6' title="bbox 255 1563 1349 1728">
     <span class='ocr_line' id='line_1_10' title="bbox 255 1563 1349 1633; baseline -0.001 -15"><span class='ocrx_word' id='word_1_65' title='bbox 255 1566 345 1633; x_wconf 92' lang='lat' dir='ltr'>populi</span> <span class='ocrx_word' id='word_1_66' title='bbox 367 1569 397 1618; x_wconf 83' lang='lat' dir='ltr'>lt.</span> <span class='ocrx_word' id='word_1_67' title='bbox 414 1581 478 1619; x_wconf 89' lang='lat' dir='ltr'>curn</span> <span class='ocrx_word' id='word_1_68' title='bbox 499 1567 675 1620; x_wconf 79' lang='lat' dir='ltr'>delectatione</span> <span class='ocrx_word' id='word_1_69' title='bbox 692 1569 779 1618; x_wconf 73' lang='lat' dir='ltr'>utar·</span> <span class='ocrx_word' id='word_1_70' title='bbox 817 1568 915 1632; x_wconf 68' lang='lat' dir='ltr'>lispt.</span> <span class='ocrx_word' id='word_1_71' title='bbox 924 1580 950 1631; x_wconf 90' lang='lat' dir='ltr'>p.</span> <span class='ocrx_word' id='word_1_72' title='bbox 959 1567 1016 1617; x_wconf 78' lang='lat'><strong>588.</strong></span> <span class='ocrx_word' id='word_1_73' title='bbox 1027 1567 1099 1617; x_wconf 77' lang='lat' dir='ltr'>cde</span> <span class='ocrx_word' id='word_1_74' title='bbox 1109 1569 1236 1629; x_wconf 70' lang='lat' dir='ltr'>tyranno:</span> <span class='ocrx_word' id='word_1_75' title='bbox 1249 1563 1349 1617; x_wconf 70' lang='lat' dir='ltr'>mdv-</span> 
     </span>
     <span class='ocr_line' id='line_1_11' title="bbox 257 1637 1347 1728; baseline -0.002 -36"><span class='ocrx_word' id='word_1_76' title='bbox 257 1671 283 1680; x_wconf 92' lang='lat'><em>-</em></span> <span class='ocrx_word' id='word_1_77' title='bbox 303 1657 396 1705; x_wconf 78' lang='lat' dir='ltr'>sequor</span> <span class='ocrx_word' id='word_1_78' title='bbox 412 1648 457 1693; x_wconf 81' lang='lat' dir='ltr'>out</span> <span class='ocrx_word' id='word_1_79' title='bbox 478 1643 584 1708; x_wconf 75' lang='lat' dir='ltr'>sopiam]</span> <span class='ocrx_word' id='word_1_80' title='bbox 611 1643 677 1707; x_wconf 87' lang='lat' dir='ltr'>Epp.</span> <span class='ocrx_word' id='word_1_81' title='bbox 700 1644 729 1704; x_wconf 88' lang='lat' dir='ltr'>l,</span> <span class='ocrx_word' id='word_1_82' title='bbox 748 1642 779 1702; x_wconf 89' lang='grc'>8,</span> <span class='ocrx_word' id='word_1_83' title='bbox 816 1655 848 1690; x_wconf 78' lang='grc' dir='ltr'>τε</span> <span class='ocrx_word' id='word_1_84' title='bbox 864 1643 962 1692; x_wconf 72' lang='grc' dir='ltr'>τοίνυν</span> <span class='ocrx_word' id='word_1_85' title='bbox 977 1643 1049 1705; x_wconf 76' lang='grc' dir='ltr'><strong><em>μίαν</em></strong></span> <span class='ocrx_word' id='word_1_86' title='bbox 1068 1639 1123 1706; x_wconf 69' lang='grc' dir='ltr'>μὲν</span> <span class='ocrx_word' id='word_1_87' title='bbox 1141 1637 1222 1692; x_wconf 80' lang='grc' dir='ltr'><strong><em>ἰδέαν</em></strong></span> <span class='ocrx_word' id='word_1_88' title='bbox 1237 1641 1347 1728; x_wconf 66' lang='lat' dir='ltr'>Oppios</span> 
     </span>
    </p>
   </div>
   <div class='ocr_carea' id='block_1_5' title="bbox 254 1712 1353 3123">
    <p class='ocr_par' dir='ltr' id='par_1_7' title="bbox 254 1712 1353 3123">
     <span class='ocr_line' id='line_1_12' title="bbox 256 1712 1347 1781; baseline 0.001 -15"><span class='ocrx_word' id='word_1_89' title='bbox 256 1719 301 1767; x_wconf 89' lang='lat' dir='ltr'>ll:</span> <span class='ocrx_word' id='word_1_90' title='bbox 332 1719 402 1780; x_wconf 80' lang='lat' dir='ltr'>Quae</span> <span class='ocrx_word' id='word_1_91' title='bbox 423 1731 530 1769; x_wconf 80' lang='lat' dir='ltr'>nocuere</span> <span class='ocrx_word' id='word_1_92' title='bbox 550 1731 656 1780; x_wconf 77' lang='lat' dir='ltr'>sequor,</span> <span class='ocrx_word' id='word_1_93' title='bbox 682 1717 781 1780; x_wconf 68' lang='lat' dir='ltr'>sopiam</span> <span class='ocrx_word' id='word_1_94' title='bbox 818 1715 950 1768; x_wconf 75' lang='grc' dir='ltr'><strong><em>ποικίλου</em></strong></span> <span class='ocrx_word' id='word_1_95' title='bbox 968 1717 1017 1766; x_wconf 69' lang='grc' dir='ltr'>καὶ</span> <span class='ocrx_word' id='word_1_96' title='bbox 1034 1712 1250 1778; x_wconf 78' lang='grc' dir='ltr'><strong><em>πολυκεφάλου,</em></strong></span> <span class='ocrx_word' id='word_1_97' title='bbox 1269 1719 1347 1781; x_wconf 71' lang='lat' dir='ltr'>ppe-</span> 
     </span>
     <span class='ocr_line' id='line_1_13' title="bbox 255 1783 1350 1861; baseline -0.001 -19"><span class='ocrx_word' id='word_1_98' title='bbox 255 1805 321 1854; x_wconf 82' lang='lat' dir='ltr'>quos</span> <span class='ocrx_word' id='word_1_99' title='bbox 333 1794 557 1856; x_wconf 76' lang='lat' dir='ltr'>prosorsoredum.</span> <span class='ocrx_word' id='word_1_100' title='bbox 578 1793 667 1842; x_wconf 91' lang='lat' dir='ltr'>Lectio</span> <span class='ocrx_word' id='word_1_101' title='bbox 678 1793 782 1842; x_wconf 87' lang='lat' dir='ltr'>nostro·</span> <span class='ocrx_word' id='word_1_102' title='bbox 817 1807 876 1861; x_wconf 78' lang='lat' dir='ltr'>pov</span> <span class='ocrx_word' id='word_1_103' title='bbox 892 1789 924 1842; x_wconf 78' lang='lat' dir='ltr'>dl</span> <span class='ocrx_word' id='word_1_104' title='bbox 944 1792 1054 1860; x_wconf 75' lang='grc' dir='ltr'><em>θηρίων</em></span> <span class='ocrx_word' id='word_1_105' title='bbox 1070 1783 1193 1854; x_wconf 72' lang='grc' dir='ltr'><strong><em>ἔχοντος</em></strong></span> <span class='ocrx_word' id='word_1_106' title='bbox 1214 1787 1350 1854; x_wconf 79' lang='grc' dir='ltr'><strong><em>κεφαλὰς</em></strong></span> 
     </span>
     <span class='ocr_line' id='line_1_14' title="bbox 255 1861 1349 1935; baseline -0.001 -18"><span class='ocrx_word' id='word_1_107' title='bbox 255 1869 414 1917; x_wconf 83' lang='lat' dir='ltr'>rumellum</span> <span class='ocrx_word' id='word_1_108' title='bbox 437 1867 521 1918; x_wconf 88' lang='lat' dir='ltr'>Codd.</span> <span class='ocrx_word' id='word_1_109' title='bbox 543 1872 588 1917; x_wconf 81' lang='lat' dir='ltr'>out</span> <span class='ocrx_word' id='word_1_110' title='bbox 609 1866 783 1931; x_wconf 69' lang='lat' dir='ltr'>sapiam-cel</span> <span class='ocrx_word' id='word_1_111' title='bbox 818 1863 914 1933; x_wconf 80' lang='grc' dir='ltr'><strong><em>κύκλῳ</em></strong></span> <span class='ocrx_word' id='word_1_112' title='bbox 931 1861 1107 1935; x_wconf 77' lang='grc' dir='ltr'><em>καὶάγρὶων.</em></span> <span class='ocrx_word' id='word_1_113' title='bbox 1138 1866 1349 1917; x_wconf 75' lang='lat' dir='ltr'>«Proverbium2</span> 
     </span>
     <span class='ocr_line' id='line_1_15' title="bbox 255 1940 1349 2007; baseline -0.001 -15"><span class='ocrx_word' id='word_1_114' title='bbox 255 1943 308 1992; x_wconf 85' lang='lat' dir='ltr'>odit</span> <span class='ocrx_word' id='word_1_115' title='bbox 328 1943 380 1992; x_wconf 92' lang='lat' dir='ltr'>hoc</span> <span class='ocrx_word' id='word_1_116' title='bbox 402 1945 521 2007; x_wconf 80' lang='lat' dir='ltr'>praestat</span> <span class='ocrx_word' id='word_1_117' title='bbox 542 1941 617 1993; x_wconf 89' lang='lat' dir='ltr'>alteri</span> <span class='ocrx_word' id='word_1_118' title='bbox 638 1940 781 2006; x_wconf 74' lang='lat' dir='ltr'>ollulae)</span> <span class='ocrx_word' id='word_1_119' title='bbox 819 1943 889 2002; x_wconf 83' lang='lat' dir='ltr'>Quot</span> <span class='ocrx_word' id='word_1_120' title='bbox 912 1943 1010 2006; x_wconf 78' lang='lat' dir='ltr'>capite,</span> <span class='ocrx_word' id='word_1_121' title='bbox 1035 1945 1075 1993; x_wconf 91' lang='lat' dir='ltr'>tot</span> <span class='ocrx_word' id='word_1_122' title='bbox 1090 1955 1217 1992; x_wconf 82' lang='lat' dir='ltr'>seusus.»</span> <span class='ocrx_word' id='word_1_123' title='bbox 1254 1944 1349 1992; x_wconf 75' lang='lat' dir='ltr'>Gnoso.</span> 
     </span>
     <span class='ocr_line' id='line_1_16' title="bbox 254 2014 1350 2080; baseline 0 -14"><span class='ocrx_word' id='word_1_124' title='bbox 254 2017 367 2080; x_wconf 59' lang='lat' dir='ltr'>sopiam</span> <span class='ocrx_word' id='word_1_125' title='bbox 386 2017 459 2080; x_wconf 92' lang='lat' dir='ltr'>quod</span> <span class='ocrx_word' id='word_1_126' title='bbox 476 2019 551 2080; x_wconf 81' lang='lat' dir='ltr'>grato</span> <span class='ocrx_word' id='word_1_127' title='bbox 568 2017 649 2068; x_wconf 90' lang='lat' dir='ltr'>modo</span> <span class='ocrx_word' id='word_1_128' title='bbox 666 2017 783 2080; x_wconf 89' lang='lat' dir='ltr'>particu-</span> <span class='ocrx_word' id='word_1_129' title='bbox 818 2018 891 2067; x_wconf 87' lang='lat' dir='ltr'>llaec</span> <span class='ocrx_word' id='word_1_130' title='bbox 908 2020 998 2068; x_wconf 88' lang='lat' dir='ltr'>autem</span> <span class='ocrx_word' id='word_1_131' title='bbox 1009 2031 1052 2066; x_wconf 87' lang='lat' dir='ltr'>vv.</span> <span class='ocrx_word' id='word_1_132' title='bbox 1068 2017 1147 2067; x_wconf 90' lang='lat' dir='ltr'>unice</span> <span class='ocrx_word' id='word_1_133' title='bbox 1164 2017 1199 2066; x_wconf 86' lang='lat' dir='ltr'>ad</span> <span class='ocrx_word' id='word_1_134' title='bbox 1215 2014 1350 2080; x_wconf 86' lang='lat' dir='ltr'>populum</span> 
     </span>
     <span class='ocr_line' id='line_1_17' title="bbox 256 2089 1351 2155; baseline 0.003 -15"><span class='ocrx_word' id='word_1_135' title='bbox 256 2090 297 2140; x_wconf 79' lang='lat' dir='ltr'>loe</span> <span class='ocrx_word' id='word_1_136' title='bbox 310 2095 355 2140; x_wconf 84' lang='lat' dir='ltr'>out</span> <span class='ocrx_word' id='word_1_137' title='bbox 367 2092 395 2140; x_wconf 87' lang='lat' dir='ltr'>et</span> <span class='ocrx_word' id='word_1_138' title='bbox 409 2091 448 2141; x_wconf 86' lang='lat' dir='ltr'>ost</span> <span class='ocrx_word' id='word_1_139' title='bbox 465 2089 515 2140; x_wconf 88' lang='lat' dir='ltr'>sibi</span> <span class='ocrx_word' id='word_1_140' title='bbox 533 2094 711 2155; x_wconf 91' lang='lat' dir='ltr'>opponuntur.</span> <span class='ocrx_word' id='word_1_141' title='bbox 734 2094 782 2142; x_wconf 89' lang='lat' dir='ltr'>Po·</span> <span class='ocrx_word' id='word_1_142' title='bbox 818 2091 959 2142; x_wconf 78' lang='lat' dir='ltr'>referende</span> <span class='ocrx_word' id='word_1_143' title='bbox 976 2105 1029 2142; x_wconf 90' lang='lat' dir='ltr'>non</span> <span class='ocrx_word' id='word_1_144' title='bbox 1046 2093 1104 2142; x_wconf 89' lang='lat' dir='ltr'>siue</span> <span class='ocrx_word' id='word_1_145' title='bbox 1122 2094 1178 2141; x_wconf 89' lang='lat' dir='ltr'>arte</span> <span class='ocrx_word' id='word_1_146' title='bbox 1196 2094 1351 2143; x_wconf 86' lang='lat' dir='ltr'>annectun-</span> 
     </span>
     <span class='ocr_line' id='line_1_18' title="bbox 256 2163 1349 2230; baseline 0 -16"><span class='ocrx_word' id='word_1_147' title='bbox 256 2163 335 2229; x_wconf 91' lang='lat' dir='ltr'>pulus</span> <span class='ocrx_word' id='word_1_148' title='bbox 353 2165 614 2227; x_wconf 81' lang='lat' dir='ltr'>igiturconstautiam</span> <span class='ocrx_word' id='word_1_149' title='bbox 632 2166 658 2215; x_wconf 93' lang='lat' dir='ltr'>iu</span> <span class='ocrx_word' id='word_1_150' title='bbox 675 2166 727 2215; x_wconf 89' lang='lat' dir='ltr'>hoc</span> <span class='ocrx_word' id='word_1_151' title='bbox 741 2177 783 2216; x_wconf 90' lang='lat' dir='ltr'>se-</span> <span class='ocrx_word' id='word_1_152' title='bbox 819 2167 862 2216; x_wconf 90' lang='lat' dir='ltr'>tur</span> <span class='ocrx_word' id='word_1_153' title='bbox 879 2165 964 2230; x_wconf 86' lang='lat' dir='ltr'>volpis</span> <span class='ocrx_word' id='word_1_154' title='bbox 986 2178 1050 2215; x_wconf 91' lang='lat' dir='ltr'>cum</span> <span class='ocrx_word' id='word_1_155' title='bbox 1070 2163 1148 2216; x_wconf 88' lang='lat' dir='ltr'>leone</span> <span class='ocrx_word' id='word_1_156' title='bbox 1168 2167 1298 2216; x_wconf 87' lang='lat' dir='ltr'>sermoni.</span> <span class='ocrx_word' id='word_1_157' title='bbox 1318 2192 1349 2202; x_wconf 89' lang='lat'>-</span> 
     </span>
     <span class='ocr_line' id='line_1_19' title="bbox 257 2238 1350 2304; baseline 0.001 -15"><span class='ocrx_word' id='word_1_158' title='bbox 257 2239 365 2304; x_wconf 90' lang='lat' dir='ltr'>quendo</span> <span class='ocrx_word' id='word_1_159' title='bbox 388 2241 435 2289; x_wconf 90' lang='lat' dir='ltr'>aut</span> <span class='ocrx_word' id='word_1_160' title='bbox 458 2238 501 2289; x_wconf 92' lang='lat' dir='ltr'>illo</span> <span class='ocrx_word' id='word_1_161' title='bbox 526 2239 650 2303; x_wconf 78' lang='lat' dir='ltr'>lugiendo</span> <span class='ocrx_word' id='word_1_162' title='bbox 671 2241 784 2304; x_wconf 87' lang='lat' dir='ltr'>requirit</span> <span class='ocrx_word' id='word_1_163' title='bbox 818 2243 887 2290; x_wconf 82' lang='lat' dir='ltr'>Nom</span> <span class='ocrx_word' id='word_1_164' title='bbox 903 2239 1037 2302; x_wconf 78' lang='lat' dir='ltr'>quidest]</span> <span class='ocrx_word' id='word_1_165' title='bbox 1051 2240 1256 2302; x_wconf 80' lang='lat' dir='ltr'>«interrogatio,</span> <span class='ocrx_word' id='word_1_166' title='bbox 1275 2253 1350 2303; x_wconf 86' lang='lat' dir='ltr'>quae</span> 
     </span>
     <span class='ocr_line' id='line_1_20' title="bbox 257 2313 1352 2378; baseline 0 -14"><span class='ocrx_word' id='word_1_167' title='bbox 257 2313 292 2364; x_wconf 88' lang='lat' dir='ltr'>ab</span> <span class='ocrx_word' id='word_1_168' title='bbox 310 2314 431 2374; x_wconf 80' lang='lat' dir='ltr'>Horatio,</span> <span class='ocrx_word' id='word_1_169' title='bbox 458 2313 523 2365; x_wconf 91' lang='lat' dir='ltr'>dum</span> <span class='ocrx_word' id='word_1_170' title='bbox 544 2315 602 2378; x_wconf 90' lang='lat' dir='ltr'>ipse</span> <span class='ocrx_word' id='word_1_171' title='bbox 623 2313 782 2378; x_wconf 90' lang='lat' dir='ltr'>plerumque</span> <span class='ocrx_word' id='word_1_172' title='bbox 821 2315 960 2366; x_wconf 86' lang='lat' dir='ltr'>exanimo</span> <span class='ocrx_word' id='word_1_173' title='bbox 978 2315 1062 2377; x_wconf 85' lang='lat' dir='ltr'>magis</span> <span class='ocrx_word' id='word_1_174' title='bbox 1085 2317 1221 2365; x_wconf 85' lang='lat' dir='ltr'>commoto</span> <span class='ocrx_word' id='word_1_175' title='bbox 1238 2315 1352 2378; x_wconf 85' lang='lat' dir='ltr'>prolici-</span> 
     </span>
     <span class='ocr_line' id='line_1_21' title="bbox 258 2387 1351 2453; baseline 0.001 -15"><span class='ocrx_word' id='word_1_176' title='bbox 258 2392 360 2440; x_wconf 89' lang='lat' dir='ltr'>temsre</span> <span class='ocrx_word' id='word_1_177' title='bbox 378 2389 431 2438; x_wconf 89' lang='lat' dir='ltr'>hoo</span> <span class='ocrx_word' id='word_1_178' title='bbox 448 2387 530 2452; x_wconf 77' lang='lat' dir='ltr'>diligit</span> <span class='ocrx_word' id='word_1_179' title='bbox 545 2391 584 2439; x_wconf 84' lang='lat' dir='ltr'>ccl</span> <span class='ocrx_word' id='word_1_180' title='bbox 600 2387 663 2439; x_wconf 91' lang='lat' dir='ltr'>illud</span> <span class='ocrx_word' id='word_1_181' title='bbox 675 2389 739 2439; x_wconf 92' lang='lat' dir='ltr'>odit.</span> <span class='ocrx_word' id='word_1_182' title='bbox 752 2417 780 2426; x_wconf 84' lang='lat'><em>-</em></span> <span class='ocrx_word' id='word_1_183' title='bbox 820 2391 915 2450; x_wconf 88' lang='lat' dir='ltr'>scitur,</span> <span class='ocrx_word' id='word_1_184' title='bbox 942 2387 1131 2452; x_wconf 81' lang='lat' dir='ltr'>significantior</span> <span class='ocrx_word' id='word_1_185' title='bbox 1147 2388 1176 2438; x_wconf 92' lang='lat' dir='ltr'>lit</span> <span class='ocrx_word' id='word_1_186' title='bbox 1197 2402 1247 2453; x_wconf 87' lang='lat' dir='ltr'>per</span> <span class='ocrx_word' id='word_1_187' title='bbox 1263 2391 1351 2453; x_wconf 90' lang='lat' dir='ltr'>parti-</span> 
     </span>
     <span class='ocr_line' id='line_1_22' title="bbox 258 2461 1352 2528; baseline 0 -16"><span class='ocrx_word' id='word_1_188' title='bbox 258 2463 330 2526; x_wconf 84' lang='lat' dir='ltr'>Olim]</span> <span class='ocrx_word' id='word_1_189' title='bbox 349 2461 424 2514; x_wconf 90' lang='lat' dir='ltr'>solita</span> <span class='ocrx_word' id='word_1_190' title='bbox 442 2464 468 2513; x_wconf 92' lang='lat' dir='ltr'>in</span> <span class='ocrx_word' id='word_1_191' title='bbox 486 2463 588 2515; x_wconf 83' lang='lat' dir='ltr'>labellis</span> <span class='ocrx_word' id='word_1_192' title='bbox 600 2461 784 2528; x_wconf 80' lang='lat' dir='ltr'>exemplisque</span> <span class='ocrx_word' id='word_1_193' title='bbox 821 2463 908 2515; x_wconf 89' lang='lat' dir='ltr'>culam</span> <span class='ocrx_word' id='word_1_194' title='bbox 925 2477 998 2524; x_wconf 76' lang='lat' dir='ltr'>nom,</span> <span class='ocrx_word' id='word_1_195' title='bbox 1017 2475 1087 2526; x_wconf 88' lang='lat' dir='ltr'>quae</span> <span class='ocrx_word' id='word_1_196' title='bbox 1104 2465 1151 2513; x_wconf 91' lang='lat' dir='ltr'>sut</span> <span class='ocrx_word' id='word_1_197' title='bbox 1167 2463 1352 2526; x_wconf 84' lang='lat' dir='ltr'>praemittitur</span> 
     </span>
     <span class='ocr_line' id='line_1_23' title="bbox 258 2536 1352 2604; baseline 0 -16"><span class='ocrx_word' id='word_1_198' title='bbox 258 2536 394 2604; x_wconf 87' lang='lat' dir='ltr'>particula.</span> <span class='ocrx_word' id='word_1_199' title='bbox 425 2538 542 2589; x_wconf 86' lang='lat' dir='ltr'>Cir.Sat.</span> <span class='ocrx_word' id='word_1_200' title='bbox 556 2540 585 2599; x_wconf 70' lang='lat'>2,</span> <span class='ocrx_word' id='word_1_201' title='bbox 599 2539 627 2598; x_wconf 88' lang='grc'>6,</span> <span class='ocrx_word' id='word_1_202' title='bbox 646 2539 686 2588; x_wconf 81' lang='lat'>79.</span> <span class='ocrx_word' id='word_1_203' title='bbox 715 2539 782 2602; x_wconf 85' lang='lat' dir='ltr'>Epp.</span> <span class='ocrx_word' id='word_1_204' title='bbox 821 2541 867 2588; x_wconf 89' lang='lat' dir='ltr'>aut</span> <span class='ocrx_word' id='word_1_205' title='bbox 883 2552 936 2588; x_wconf 92' lang='lat' dir='ltr'>uuo</span> <span class='ocrx_word' id='word_1_206' title='bbox 952 2541 1066 2588; x_wconf 84' lang='lat' dir='ltr'>occentu</span> <span class='ocrx_word' id='word_1_207' title='bbox 1083 2538 1279 2600; x_wconf 87' lang='lat' dir='ltr'>comprehensa</span> <span class='ocrx_word' id='word_1_208' title='bbox 1299 2552 1352 2588; x_wconf 87' lang='lat' dir='ltr'>eu·</span> 
     </span>
     <span class='ocr_line' id='line_1_24' title="bbox 259 2611 1350 2677; baseline 0 -15"><span class='ocrx_word' id='word_1_209' title='bbox 259 2615 286 2673; x_wconf 89' lang='lat' dir='ltr'>l,</span> <span class='ocrx_word' id='word_1_210' title='bbox 315 2613 359 2674; x_wconf 88' lang='lat' dir='ltr'>to,</span> <span class='ocrx_word' id='word_1_211' title='bbox 385 2611 426 2664; x_wconf 71' lang='lat' dir='ltr'>li.</span> <span class='ocrx_word' id='word_1_212' title='bbox 448 2639 476 2649; x_wconf 92' lang='lat'>—</span> <span class='ocrx_word' id='word_1_213' title='bbox 493 2612 615 2677; x_wconf 67' lang='lat' dir='ltr'>referam]</span> <span class='ocrx_word' id='word_1_214' title='bbox 638 2615 784 2675; x_wconf 72' lang='lat' dir='ltr'>«Responsi</span> <span class='ocrx_word' id='word_1_215' title='bbox 821 2613 908 2664; x_wconf 89' lang='lat' dir='ltr'>olitico</span> <span class='ocrx_word' id='word_1_216' title='bbox 920 2626 997 2662; x_wconf 90' lang='lat' dir='ltr'>more</span> <span class='ocrx_word' id='word_1_217' title='bbox 1009 2612 1139 2662; x_wconf 81' lang='lat' dir='ltr'>adiicitur.</span> <span class='ocrx_word' id='word_1_218' title='bbox 1153 2612 1350 2662; x_wconf 76' lang='lat' dir='ltr'>--Uiscrimeu</span> 
     </span>
     <span class='ocr_line' id='line_1_25' title="bbox 258 2685 1353 2751; baseline -0.001 -13"><span class='ocrx_word' id='word_1_219' title='bbox 258 2686 316 2738; x_wconf 90' lang='lat' dir='ltr'>loco</span> <span class='ocrx_word' id='word_1_220' title='bbox 334 2687 449 2738; x_wconf 86' lang='lat' dir='ltr'>narrabo</span> <span class='ocrx_word' id='word_1_221' title='bbox 462 2691 552 2740; x_wconf 88' lang='lat' dir='ltr'>notam</span> <span class='ocrx_word' id='word_1_222' title='bbox 570 2688 641 2738; x_wconf 86' lang='lat' dir='ltr'>illam</span> <span class='ocrx_word' id='word_1_223' title='bbox 659 2686 784 2739; x_wconf 85' lang='lat' dir='ltr'>tabellam</span> <span class='ocrx_word' id='word_1_224' title='bbox 821 2691 844 2739; x_wconf 94' lang='lat' dir='ltr'>si</span> <span class='ocrx_word' id='word_1_225' title='bbox 860 2687 933 2751; x_wconf 90' lang='lat' dir='ltr'>quod</span> <span class='ocrx_word' id='word_1_226' title='bbox 945 2689 999 2747; x_wconf 87' lang='lat' dir='ltr'>est,</span> <span class='ocrx_word' id='word_1_227' title='bbox 1017 2700 1080 2736; x_wconf 80' lang='lat' dir='ltr'>nam</span> <span class='ocrx_word' id='word_1_228' title='bbox 1090 2686 1151 2748; x_wconf 77' lang='lat' dir='ltr'>quid</span> <span class='ocrx_word' id='word_1_229' title='bbox 1166 2685 1243 2736; x_wconf 87' lang='lat' dir='ltr'>reddi</span> <span class='ocrx_word' id='word_1_230' title='bbox 1258 2689 1353 2750; x_wconf 83' lang='lat' dir='ltr'>potest</span> 
     </span>
     <span class='ocr_line' id='line_1_26' title="bbox 258 2761 1352 2826; baseline -0.002 -13"><span class='ocrx_word' id='word_1_231' title='bbox 258 2763 401 2826; x_wconf 79' lang='lat' dir='ltr'>Aesopiam</span> <span class='ocrx_word' id='word_1_232' title='bbox 419 2761 509 2825; x_wconf 78' lang='lat' dir='ltr'>(liebr.</span> <span class='ocrx_word' id='word_1_233' title='bbox 528 2763 585 2814; x_wconf 78' lang='lat' dir='ltr'>too.</span> <span class='ocrx_word' id='word_1_234' title='bbox 605 2765 666 2813; x_wconf 87' lang='lat' dir='ltr'>Cor.</span> <span class='ocrx_word' id='word_1_235' title='bbox 685 2763 783 2826; x_wconf 73' lang='lat' dir='ltr'>⁴³7lt»</span> <span class='ocrx_word' id='word_1_236' title='bbox 821 2775 870 2825; x_wconf 86' lang='lat' dir='ltr'>per</span> <span class='ocrx_word' id='word_1_237' title='bbox 892 2763 914 2811; x_wconf 84' lang='lat' dir='ltr'>ei</span> <span class='ocrx_word' id='word_1_238' title='bbox 935 2763 1008 2811; x_wconf 74' lang='lat' dir='ltr'>wast</span> <span class='ocrx_word' id='word_1_239' title='bbox 1033 2764 1060 2811; x_wconf 90' lang='lat' dir='ltr'>et</span> <span class='ocrx_word' id='word_1_240' title='bbox 1082 2761 1203 2821; x_wconf 78' lang='lat' dir='ltr'>quidnam</span> <span class='ocrx_word' id='word_1_241' title='bbox 1222 2773 1273 2824; x_wconf 89' lang='lat' dir='ltr'>per</span> <span class='ocrx_word' id='word_1_242' title='bbox 1294 2775 1352 2811; x_wconf 77' lang='lat' dir='ltr'>acas</span> 
     </span>
     <span class='ocr_line' id='line_1_27' title="bbox 259 2834 1348 2900; baseline 0.001 -15"><span class='ocrx_word' id='word_1_243' title='bbox 259 2849 313 2899; x_wconf 87' lang='lat' dir='ltr'>qua</span> <span class='ocrx_word' id='word_1_244' title='bbox 329 2834 445 2887; x_wconf 87' lang='lat' dir='ltr'>similem</span> <span class='ocrx_word' id='word_1_245' title='bbox 461 2837 488 2886; x_wconf 87' lang='lat' dir='ltr'>iu</span> <span class='ocrx_word' id='word_1_246' title='bbox 506 2837 617 2887; x_wconf 91' lang='lat' dir='ltr'>modum</span> <span class='ocrx_word' id='word_1_247' title='bbox 638 2850 703 2888; x_wconf 89' lang='lat' dir='ltr'>usus</span> <span class='ocrx_word' id='word_1_248' title='bbox 727 2837 785 2886; x_wconf 88' lang='lat' dir='ltr'>erst</span> <span class='ocrx_word' id='word_1_249' title='bbox 821 2835 922 2887; x_wconf 67' lang='lat' dir='ltr'>mni·</span> <span class='ocrx_word' id='word_1_250' title='bbox 951 2837 1024 2886; x_wconf 83' lang='lat' dir='ltr'>liano</span> <span class='ocrx_word' id='word_1_251' title='bbox 1048 2837 1124 2886; x_wconf 90' lang='lat' dir='ltr'>Turs.</span> <span class='ocrx_word' id='word_1_252' title='bbox 1142 2836 1185 2884; x_wconf 85' lang='lat' dir='ltr'>lv.</span> <span class='ocrx_word' id='word_1_253' title='bbox 1204 2847 1231 2898; x_wconf 91' lang='lat' dir='ltr'>p.</span> <span class='ocrx_word' id='word_1_254' title='bbox 1250 2835 1283 2886; x_wconf 85' lang='grc'>48</span> <span class='ocrx_word' id='word_1_255' title='bbox 1305 2849 1348 2900; x_wconf 92' lang='lat' dir='ltr'>sq.</span> 
     </span>
     <span class='ocr_line' id='line_1_28' title="bbox 260 2907 1351 2973; baseline 0.001 -13"><span class='ocrx_word' id='word_1_256' title='bbox 260 2911 313 2960; x_wconf 82' lang='lat' dir='ltr'>iam</span> <span class='ocrx_word' id='word_1_257' title='bbox 331 2907 444 2960; x_wconf 86' lang='lat' dir='ltr'>Lucilius</span> <span class='ocrx_word' id='word_1_258' title='bbox 461 2923 487 2972; x_wconf 87' lang='lat' dir='ltr'>p.</span> <span class='ocrx_word' id='word_1_259' title='bbox 507 2911 547 2958; x_wconf 80' lang='lat'>70.</span> <span class='ocrx_word' id='word_1_260' title='bbox 567 2910 652 2960; x_wconf 79' lang='lat' dir='ltr'>cert:</span> <span class='ocrx_word' id='word_1_261' title='bbox 678 2912 785 2960; x_wconf 83' lang='lat' dir='ltr'>Leonem</span> <span class='ocrx_word' id='word_1_262' title='bbox 823 2912 927 2960; x_wconf 86' lang='lat' dir='ltr'>-Pars</span> <span class='ocrx_word' id='word_1_263' title='bbox 941 2911 1071 2960; x_wconf 71' lang='lat' dir='ltr'>lomim</span> <span class='ocrx_word' id='word_1_264' title='bbox 1087 2909 1150 2973; x_wconf 80' lang='lat' dir='ltr'>cet]</span> <span class='ocrx_word' id='word_1_265' title='bbox 1169 2910 1351 2961; x_wconf 72' lang='lat' dir='ltr'>«inmusulus</span> 
     </span>
     <span class='ocr_line' id='line_1_29' title="bbox 259 2983 1348 3048; baseline -0.002 -12"><span class='ocrx_word' id='word_1_266' title='bbox 259 2989 390 3048; x_wconf 76' lang='lat' dir='ltr'>osprotnm</span> <span class='ocrx_word' id='word_1_267' title='bbox 407 2998 438 3034; x_wconf 85' lang='lat' dir='ltr'>oc</span> <span class='ocrx_word' id='word_1_268' title='bbox 454 2985 595 3034; x_wconf 67' lang='lat' dir='ltr'>lassum*ll</span> <span class='ocrx_word' id='word_1_269' title='bbox 612 2985 718 3034; x_wconf 82' lang='lat' dir='ltr'>deducta</span> <span class='ocrx_word' id='word_1_270' title='bbox 730 2985 786 3048; x_wconf 70' lang='lat' dir='ltr'>(de</span> <span class='ocrx_word' id='word_1_271' title='bbox 822 2988 885 3037; x_wconf 88' lang='lat' dir='ltr'>sunt</span> <span class='ocrx_word' id='word_1_272' title='bbox 910 2987 1050 3036; x_wconf 88' lang='lat' dir='ltr'>hominum</span> <span class='ocrx_word' id='word_1_273' title='bbox 1074 2983 1221 3048; x_wconf 79' lang='lat' dir='ltr'>volgarium</span> <span class='ocrx_word' id='word_1_274' title='bbox 1244 2985 1348 3044; x_wconf 88' lang='lat' dir='ltr'>studia,</span> 
     </span>
     <span class='ocr_line' id='line_1_30' title="bbox 260 3057 1352 3123; baseline 0.002 -14"><span class='ocrx_word' id='word_1_275' title='bbox 260 3059 351 3120; x_wconf 83' lang='lat' dir='ltr'>missa)</span> <span class='ocrx_word' id='word_1_276' title='bbox 369 3063 427 3107; x_wconf 81' lang='lat' dir='ltr'>tunc</span> <span class='ocrx_word' id='word_1_277' title='bbox 447 3071 506 3108; x_wconf 81' lang='lat' dir='ltr'>occe</span> <span class='ocrx_word' id='word_1_278' title='bbox 522 3059 575 3108; x_wconf 84' lang='lat' dir='ltr'>iao:</span> <span class='ocrx_word' id='word_1_279' title='bbox 601 3059 652 3110; x_wconf 79' lang='lat' dir='ltr'>Cor</span> <span class='ocrx_word' id='word_1_280' title='bbox 676 3065 704 3108; x_wconf 84' lang='lat' dir='ltr'>ts</span> <span class='ocrx_word' id='word_1_281' title='bbox 727 3061 787 3122; x_wconf 79' lang='lat' dir='ltr'>ipso</span> <span class='ocrx_word' id='word_1_282' title='bbox 822 3062 911 3111; x_wconf 80' lang='lat' dir='ltr'>omnin</span> <span class='ocrx_word' id='word_1_283' title='bbox 928 3063 1019 3110; x_wconf 87' lang='lat' dir='ltr'>tamea</span> <span class='ocrx_word' id='word_1_284' title='bbox 1031 3057 1188 3123; x_wconf 75' lang='lat' dir='ltr'>quaesticuli</span> <span class='ocrx_word' id='word_1_285' title='bbox 1200 3071 1352 3111; x_wconf 86' lang='lat' dir='ltr'>causasus-</span> 
     </span>
    </p>
   </div>
   <div class='ocr_carea' id='block_1_6' title="bbox 259 3126 1454 3198">
    <p class='ocr_par' dir='ltr' id='par_1_8' title="bbox 259 3126 1454 3198">
     <span class='ocr_line' id='line_1_31' title="bbox 259 3126 1454 3198; baseline 0.001 -16"><span class='ocrx_word' id='word_1_286' title='bbox 259 3131 658 3196; x_wconf 65' lang='lat' dir='ltr'>omesnmontucirwutc</span> <span class='ocrx_word' id='word_1_287' title='bbox 668 3134 784 3196; x_wconf 71' lang='lat' dir='ltr'>siticen,</span> <span class='ocrx_word' id='word_1_288' title='bbox 822 3137 914 3198; x_wconf 72' lang='lat' dir='ltr'>cepta3</span> <span class='ocrx_word' id='word_1_289' title='bbox 934 3133 967 3184; x_wconf 90' lang='lat' dir='ltr'>ad</span> <span class='ocrx_word' id='word_1_290' title='bbox 987 3133 1040 3182; x_wconf 88' lang='lat' dir='ltr'>hoc</span> <span class='ocrx_word' id='word_1_291' title='bbox 1057 3133 1084 3183; x_wconf 87' lang='lat' dir='ltr'>iu</span> <span class='ocrx_word' id='word_1_292' title='bbox 1100 3133 1165 3196; x_wconf 88' lang='lat' dir='ltr'>ipsis</span> <span class='ocrx_word' id='word_1_293' title='bbox 1180 3133 1237 3182; x_wconf 91' lang='lat' dir='ltr'>suis</span> <span class='ocrx_word' id='word_1_294' title='bbox 1253 3133 1350 3183; x_wconf 88' lang='lat' dir='ltr'>studiis</span> <span class='ocrx_word' id='word_1_295' title='bbox 1453 3126 1454 3129; x_wconf 65' lang='grc'>’</span> 
     </span>
    </p>
   </div>
   <div class='ocr_carea' id='block_1_7' title="bbox 235 3206 1352 4242">
    <p class='ocr_par' dir='ltr' id='par_1_9' title="bbox 235 3206 1351 3422">
     <span class='ocr_line' id='line_1_32' title="bbox 235 3206 1350 3276; baseline 0.002 -21"><span class='ocrx_word' id='word_1_296' title='bbox 235 3268 240 3276; x_wconf 38' lang='grc'>,</span> <span class='ocrx_word' id='word_1_297' title='bbox 261 3219 341 3268; x_wconf 77' lang='lat' dir='ltr'>qrsars</span> <span class='ocrx_word' id='word_1_298' title='bbox 360 3208 404 3269; x_wconf 64' lang='lat' dir='ltr'>itt,</span> <span class='ocrx_word' id='word_1_299' title='bbox 430 3210 458 3256; x_wconf 81' lang='lat' dir='ltr'>ut</span> <span class='ocrx_word' id='word_1_300' title='bbox 478 3206 546 3256; x_wconf 81' lang='lat' dir='ltr'>intro</span> <span class='ocrx_word' id='word_1_301' title='bbox 565 3219 652 3257; x_wconf 70' lang='lat' dir='ltr'>omnis</span> <span class='ocrx_word' id='word_1_302' title='bbox 667 3213 691 3257; x_wconf 85' lang='lat' dir='ltr'>st</span> <span class='ocrx_word' id='word_1_303' title='bbox 712 3209 747 3258; x_wconf 85' lang='lat' dir='ltr'>od</span> <span class='ocrx_word' id='word_1_304' title='bbox 762 3214 786 3258; x_wconf 83' lang='lat' dir='ltr'>ts</span> <span class='ocrx_word' id='word_1_305' title='bbox 822 3221 960 3272; x_wconf 91' lang='lat' dir='ltr'>nunquam</span> <span class='ocrx_word' id='word_1_306' title='bbox 983 3206 1034 3257; x_wconf 89' lang='lat' dir='ltr'>sihi</span> <span class='ocrx_word' id='word_1_307' title='bbox 1055 3208 1190 3267; x_wconf 87' lang='lat' dir='ltr'>constant,</span> <span class='ocrx_word' id='word_1_308' title='bbox 1216 3219 1350 3257; x_wconf 88' lang='lat' dir='ltr'>novarum</span> 
     </span>
     <span class='ocr_line' id='line_1_33' title="bbox 260 3279 1351 3348; baseline 0 -18"><span class='ocrx_word' id='word_1_309' title='bbox 260 3282 786 3347; x_wconf 71' lang='lat' dir='ltr'>Spccuotatqusferontoestipiussomnic</span> <span class='ocrx_word' id='word_1_310' title='bbox 822 3295 931 3348; x_wconf 88' lang='lat' dir='ltr'>semper</span> <span class='ocrx_word' id='word_1_311' title='bbox 953 3280 1121 3345; x_wconf 80' lang='lat' dir='ltr'>voluptatum</span> <span class='ocrx_word' id='word_1_312' title='bbox 1145 3279 1232 3339; x_wconf 82' lang='lat' dir='ltr'>avidi3</span> <span class='ocrx_word' id='word_1_313' title='bbox 1265 3293 1351 3344; x_wconf 73' lang='grc' dir='ltr'>ᾳιιαιιι</span> 
     </span>
     <span class='ocr_line' id='line_1_34' title="bbox 257 3354 1350 3422; baseline 0.001 -17"><span class='ocrx_word' id='word_1_314' title='bbox 257 3354 382 3420; x_wconf 72' lang='lat' dir='ltr'>proruis?</span> <span class='ocrx_word' id='word_1_315' title='bbox 399 3356 437 3406; x_wconf 87' lang='lat' dir='ltr'>Ci.</span> <span class='ocrx_word' id='word_1_316' title='bbox 449 3354 512 3407; x_wconf 85' lang='lat' dir='ltr'>Plat.</span> <span class='ocrx_word' id='word_1_317' title='bbox 523 3355 606 3408; x_wconf 77' lang='lat' dir='ltr'>Alcib.</span> <span class='ocrx_word' id='word_1_318' title='bbox 620 3359 638 3408; x_wconf 91' lang='lat' dir='ltr'>l.</span> <span class='ocrx_word' id='word_1_319' title='bbox 652 3373 678 3422; x_wconf 94' lang='lat' dir='ltr'>p.</span> <span class='ocrx_word' id='word_1_320' title='bbox 693 3360 741 3409; x_wconf 76' lang='lat'>⁴23</span> <span class='ocrx_word' id='word_1_321' title='bbox 752 3361 782 3409; x_wconf 79' lang='grc' dir='ltr'>Α.</span> <span class='ocrx_word' id='word_1_322' title='bbox 822 3359 932 3422; x_wconf 90' lang='lat' dir='ltr'>quidem</span> <span class='ocrx_word' id='word_1_323' title='bbox 941 3356 1075 3422; x_wconf 90' lang='lat' dir='ltr'>duplicem</span> <span class='ocrx_word' id='word_1_324' title='bbox 1083 3357 1290 3421; x_wconf 84' lang='lat' dir='ltr'>perversitatem</span> <span class='ocrx_word' id='word_1_325' title='bbox 1298 3369 1350 3420; x_wconf 72' lang='lat' dir='ltr'>ego</span> 
     </span>
    </p>

    <p class='ocr_par' dir='ltr' id='par_1_10' title="bbox 260 3431 1352 4242">
     <span class='ocr_line' id='line_1_35' title="bbox 294 3431 1352 3496; baseline 0 -15"><span class='ocrx_word' id='word_1_326' title='bbox 294 3431 378 3482; x_wconf 79' lang='grc'>76-80.</span> <span class='ocrx_word' id='word_1_327' title='bbox 391 3431 541 3496; x_wconf 70' lang='lat' dir='ltr'>Between]</span> <span class='ocrx_word' id='word_1_328' title='bbox 555 3431 644 3495; x_wconf 78' lang='lat' dir='ltr'>«Volgi</span> <span class='ocrx_word' id='word_1_329' title='bbox 656 3431 784 3496; x_wconf 81' lang='lat' dir='ltr'>pleraque</span> <span class='ocrx_word' id='word_1_330' title='bbox 820 3435 905 3482; x_wconf 86' lang='lat' dir='ltr'>vitare</span> <span class='ocrx_word' id='word_1_331' title='bbox 931 3445 1039 3483; x_wconf 79' lang='lat' dir='ltr'>conor.»</span> <span class='ocrx_word' id='word_1_332' title='bbox 1065 3460 1092 3468; x_wconf 90' lang='lat'><strong>—</strong></span> <span class='ocrx_word' id='word_1_333' title='bbox 1115 3433 1188 3496; x_wconf 71' lang='lat' dir='ltr'>pettit</span> <span class='ocrx_word' id='word_1_334' title='bbox 1212 3432 1352 3483; x_wconf 73' lang='lat' dir='ltr'>conducere</span> 
     </span>
     <span class='ocr_line' id='line_1_36' title="bbox 261 3504 1351 3571; baseline -0.003 -13"><span class='ocrx_word' id='word_1_335' title='bbox 261 3506 356 3558; x_wconf 88' lang='lat' dir='ltr'>iudicia</span> <span class='ocrx_word' id='word_1_336' title='bbox 369 3506 402 3570; x_wconf 82' lang='lat' dir='ltr'>(v.</span> <span class='ocrx_word' id='word_1_337' title='bbox 414 3508 465 3570; x_wconf 78' lang='lat' dir='ltr'>il.)</span> <span class='ocrx_word' id='word_1_338' title='bbox 478 3506 712 3571; x_wconf 88' lang='lat' dir='ltr'>scstudiapartim</span> <span class='ocrx_word' id='word_1_339' title='bbox 724 3509 787 3558; x_wconf 91' lang='lat' dir='ltr'>suut</span> <span class='ocrx_word' id='word_1_340' title='bbox 817 3507 929 3570; x_wconf 79' lang='lat' dir='ltr'>publico]</span> <span class='ocrx_word' id='word_1_341' title='bbox 953 3509 1057 3557; x_wconf 88' lang='lat' dir='ltr'>Primos</span> <span class='ocrx_word' id='word_1_342' title='bbox 1078 3506 1203 3570; x_wconf 88' lang='lat' dir='ltr'>producit</span> <span class='ocrx_word' id='word_1_343' title='bbox 1227 3504 1351 3569; x_wconf 81' lang='lat' dir='ltr'>publice·</span> 
     </span>
     <span class='ocr_line' id='line_1_37' title="bbox 263 3580 1349 3645; baseline -0.001 -15"><span class='ocrx_word' id='word_1_344' title='bbox 263 3586 318 3631; x_wconf 86' lang='lat' dir='ltr'>tarn</span> <span class='ocrx_word' id='word_1_345' title='bbox 348 3580 454 3630; x_wconf 82' lang='lat' dir='ltr'>diversa</span> <span class='ocrx_word' id='word_1_346' title='bbox 484 3584 565 3645; x_wconf 88' lang='lat' dir='ltr'>atque</span> <span class='ocrx_word' id='word_1_347' title='bbox 593 3583 785 3642; x_wconf 80' lang='lat' dir='ltr'>inconstantia,</span> <span class='ocrx_word' id='word_1_348' title='bbox 822 3593 1004 3643; x_wconf 86' lang='lat' dir='ltr'>uos,summa</span> <span class='ocrx_word' id='word_1_349' title='bbox 1015 3581 1160 3645; x_wconf 83' lang='lat' dir='ltr'>cupiditate</span> <span class='ocrx_word' id='word_1_350' title='bbox 1176 3581 1349 3644; x_wconf 84' lang='lat' dir='ltr'>scripturam,</span> 
     </span>
     <span class='ocr_line' id='line_1_38' title="bbox 260 3653 1351 3722; baseline -0.002 -16"><span class='ocrx_word' id='word_1_351' title='bbox 260 3657 358 3722; x_wconf 86' lang='lat' dir='ltr'>partim</span> <span class='ocrx_word' id='word_1_352' title='bbox 384 3657 464 3706; x_wconf 86' lang='lat' dir='ltr'>etism</span> <span class='ocrx_word' id='word_1_353' title='bbox 491 3659 547 3707; x_wconf 91' lang='lat' dir='ltr'>tam</span> <span class='ocrx_word' id='word_1_354' title='bbox 574 3657 695 3718; x_wconf 84' lang='lat' dir='ltr'>sordida,</span> <span class='ocrx_word' id='word_1_355' title='bbox 723 3670 786 3707; x_wconf 87' lang='lat' dir='ltr'>eum</span> <span class='ocrx_word' id='word_1_356' title='bbox 821 3655 939 3719; x_wconf 87' lang='lat' dir='ltr'>portoria</span> <span class='ocrx_word' id='word_1_357' title='bbox 956 3657 1116 3718; x_wconf 87' lang='lat' dir='ltr'>ceterosque</span> <span class='ocrx_word' id='word_1_358' title='bbox 1133 3653 1256 3718; x_wconf 89' lang='lat' dir='ltr'>publicos</span> <span class='ocrx_word' id='word_1_359' title='bbox 1276 3654 1351 3704; x_wconf 87' lang='lat' dir='ltr'>redi·</span> 
     </span>
     <span class='ocr_line' id='line_1_39' title="bbox 261 3729 1351 3794; baseline -0.001 -15"><span class='ocrx_word' id='word_1_360' title='bbox 261 3729 367 3780; x_wconf 89' lang='lat' dir='ltr'>lucrum</span> <span class='ocrx_word' id='word_1_361' title='bbox 384 3730 571 3792; x_wconf 86' lang='lat' dir='ltr'>quovismodo</span> <span class='ocrx_word' id='word_1_362' title='bbox 584 3732 661 3780; x_wconf 88' lang='lat' dir='ltr'>unice</span> <span class='ocrx_word' id='word_1_363' title='bbox 674 3732 785 3794; x_wconf 91' lang='lat' dir='ltr'>appetit,</span> <span class='ocrx_word' id='word_1_364' title='bbox 822 3731 865 3780; x_wconf 90' lang='lat' dir='ltr'>tus</span> <span class='ocrx_word' id='word_1_365' title='bbox 882 3730 1051 3779; x_wconf 69' lang='lat' dir='ltr'>condicentes.</span> <span class='ocrx_word' id='word_1_366' title='bbox 1087 3731 1194 3792; x_wconf 83' lang='lat' dir='ltr'>(lterum</span> <span class='ocrx_word' id='word_1_367' title='bbox 1211 3731 1239 3778; x_wconf 91' lang='lat' dir='ltr'>et</span> <span class='ocrx_word' id='word_1_368' title='bbox 1259 3729 1351 3792; x_wconf 86' lang='lat' dir='ltr'>priva-</span> 
     </span>
     <span class='ocr_line' id='line_1_40' title="bbox 261 3803 1352 3868; baseline 0 -14"><span class='ocrx_word' id='word_1_369' title='bbox 261 3806 292 3854; x_wconf 88' lang='lat' dir='ltr'>ut</span> <span class='ocrx_word' id='word_1_370' title='bbox 308 3803 435 3866; x_wconf 89' lang='lat' dir='ltr'>equidem</span> <span class='ocrx_word' id='word_1_371' title='bbox 452 3817 484 3854; x_wconf 87' lang='lat' dir='ltr'>ea</span> <span class='ocrx_word' id='word_1_372' title='bbox 501 3805 578 3868; x_wconf 89' lang='lat' dir='ltr'>sequi</span> <span class='ocrx_word' id='word_1_373' title='bbox 597 3818 684 3868; x_wconf 90' lang='lat' dir='ltr'>neque</span> <span class='ocrx_word' id='word_1_374' title='bbox 706 3803 787 3854; x_wconf 87' lang='lat' dir='ltr'>velim</span> <span class='ocrx_word' id='word_1_375' title='bbox 822 3806 911 3854; x_wconf 88' lang='lat' dir='ltr'>tarum</span> <span class='ocrx_word' id='word_1_376' title='bbox 932 3807 960 3854; x_wconf 91' lang='lat' dir='ltr'>et</span> <span class='ocrx_word' id='word_1_377' title='bbox 980 3816 1094 3868; x_wconf 87' lang='lat' dir='ltr'>operum</span> <span class='ocrx_word' id='word_1_378' title='bbox 1116 3803 1287 3867; x_wconf 89' lang='lat' dir='ltr'>publicorum</span> <span class='ocrx_word' id='word_1_379' title='bbox 1306 3817 1352 3854; x_wconf 89' lang='lat' dir='ltr'>re-</span> 
     </span>
     <span class='ocr_line' id='line_1_41' title="bbox 261 3877 1349 3945; baseline 0.004 -19"><span class='ocrx_word' id='word_1_380' title='bbox 261 3890 315 3927; x_wconf 90' lang='lat' dir='ltr'>nec</span> <span class='ocrx_word' id='word_1_381' title='bbox 344 3890 478 3940; x_wconf 76' lang='lat' dir='ltr'>queam,r</span> <span class='ocrx_word' id='word_1_382' title='bbox 511 3881 540 3928; x_wconf 85' lang='lat' dir='ltr'>ut</span> <span class='ocrx_word' id='word_1_383' title='bbox 569 3883 643 3930; x_wconf 85' lang='lat' dir='ltr'>recte</span> <span class='ocrx_word' id='word_1_384' title='bbox 674 3878 788 3943; x_wconf 85' lang='lat' dir='ltr'>explicat</span> <span class='ocrx_word' id='word_1_385' title='bbox 823 3880 978 3945; x_wconf 86' lang='lat' dir='ltr'>demptores</span> <span class='ocrx_word' id='word_1_386' title='bbox 1004 3878 1134 3930; x_wconf 85' lang='lat' dir='ltr'>describit</span> <span class='ocrx_word' id='word_1_387' title='bbox 1160 3877 1296 3930; x_wconf 82' lang='lat' dir='ltr'>luvenalis</span> <span class='ocrx_word' id='word_1_388' title='bbox 1320 3880 1349 3940; x_wconf 81' lang='grc'>3,</span> 
     </span>
     <span class='ocr_line' id='line_1_42' title="bbox 262 3953 1352 4018; baseline -0.001 -15"><span class='ocrx_word' id='word_1_389' title='bbox 262 3954 388 4003; x_wconf 87' lang='lat' dir='ltr'>Diiatzer.</span> <span class='ocrx_word' id='word_1_390' title='bbox 417 3979 445 3988; x_wconf 90' lang='lat'><em>—</em></span> <span class='ocrx_word' id='word_1_391' title='bbox 468 3953 605 4004; x_wconf 75' lang='lat' dir='ltr'>multorom</span> <span class='ocrx_word' id='word_1_392' title='bbox 624 3981 639 3991; x_wconf 92' lang='lat'><strong>·</strong></span> <span class='ocrx_word' id='word_1_393' title='bbox 658 3953 786 4018; x_wconf 83' lang='lat' dir='ltr'>capitum]</span> <span class='ocrx_word' id='word_1_394' title='bbox 824 3953 1215 4017; x_wconf 70' lang='lat' dir='ltr'>30:mamant(nomae),q1s</span> <span class='ocrx_word' id='word_1_395' title='bbox 1229 3954 1309 4017; x_wconf 69' lang='lat' dir='ltr'>suipra</span> <span class='ocrx_word' id='word_1_396' title='bbox 1325 3954 1352 4003; x_wconf 77' lang='lat' dir='ltr'>is</span> 
     </span>
     <span class='ocr_line' id='line_1_43' title="bbox 262 4021 1351 4092; baseline 0.001 -15"><span class='ocrx_word' id='word_1_397' title='bbox 262 4029 348 4091; x_wconf 88' lang='lat' dir='ltr'>Saepe</span> <span class='ocrx_word' id='word_1_398' title='bbox 376 4024 530 4088; x_wconf 89' lang='lat' dir='ltr'>multitudo,</span> <span class='ocrx_word' id='word_1_399' title='bbox 561 4029 679 4091; x_wconf 86' lang='lat' dir='ltr'>tyranni,</span> <span class='ocrx_word' id='word_1_400' title='bbox 706 4029 788 4078; x_wconf 84' lang='lat' dir='ltr'>enimi</span> <span class='ocrx_word' id='word_1_401' title='bbox 823 4030 934 4079; x_wconf 82' lang='lat' dir='ltr'>candida</span> <span class='ocrx_word' id='word_1_402' title='bbox 947 4021 1061 4091; x_wconf 57' lang='lat' dir='ltr'>vertunt:</span> <span class='ocrx_word' id='word_1_403' title='bbox 1080 4029 1141 4090; x_wconf 75' lang='lat' dir='ltr'>Quis</span> <span class='ocrx_word' id='word_1_404' title='bbox 1155 4028 1231 4092; x_wconf 75' lang='lat' dir='ltr'>facile</span> <span class='ocrx_word' id='word_1_405' title='bbox 1247 4033 1283 4078; x_wconf 78' lang='lat' dir='ltr'>est</span> <span class='ocrx_word' id='word_1_406' title='bbox 1304 4042 1351 4078; x_wconf 80' lang='lat' dir='ltr'>cs-</span> 
     </span>
     <span class='ocr_line' id='line_1_44' title="bbox 262 4101 1352 4169; baseline 0.003 -18"><span class='ocrx_word' id='word_1_407' title='bbox 262 4101 477 4165; x_wconf 88' lang='lat' dir='ltr'>perturbationes</span> <span class='ocrx_word' id='word_1_408' title='bbox 511 4103 699 4166; x_wconf 87' lang='lat' dir='ltr'>comparantur</span> <span class='ocrx_word' id='word_1_409' title='bbox 725 4115 788 4152; x_wconf 91' lang='lat' dir='ltr'>curn</span> <span class='ocrx_word' id='word_1_410' title='bbox 824 4106 1041 4166; x_wconf 70' lang='lat' dir='ltr'>cenomanens,</span> <span class='ocrx_word' id='word_1_411' title='bbox 1053 4104 1352 4169; x_wconf 55' lang='lat' dir='ltr'>ttwnirmfflortttqsic-</span> 
     </span>
     <span class='ocr_line' id='line_1_45' title="bbox 263 4171 1352 4242; baseline 0.002 -16"><span class='ocrx_word' id='word_1_412' title='bbox 263 4178 389 4228; x_wconf 82' lang='lat' dir='ltr'>monstris</span> <span class='ocrx_word' id='word_1_413' title='bbox 406 4171 629 4240; x_wconf 78' lang='grc' dir='ltr'><strong><em>πολυκεφάλοις.</em></strong></span> <span class='ocrx_word' id='word_1_414' title='bbox 664 4176 737 4227; x_wconf 88' lang='lat' dir='ltr'>Plato</span> <span class='ocrx_word' id='word_1_415' title='bbox 754 4177 788 4226; x_wconf 89' lang='lat' dir='ltr'>de</span> <span class='ocrx_word' id='word_1_416' title='bbox 824 4180 934 4229; x_wconf 81' lang='lat' dir='ltr'>condam</span> <span class='ocrx_word' id='word_1_417' title='bbox 944 4179 1061 4241; x_wconf 72' lang='lat' dir='ltr'>dwiem,</span> <span class='ocrx_word' id='word_1_418' title='bbox 1077 4180 1233 4242; x_wconf 73' lang='lat' dir='ltr'>portandam</span> <span class='ocrx_word' id='word_1_419' title='bbox 1249 4179 1284 4228; x_wconf 80' lang='lat' dir='ltr'>ati</span> <span class='ocrx_word' id='word_1_420' title='bbox 1303 4178 1352 4228; x_wconf 76' lang='lat' dir='ltr'>ltu—</span> 
     </span>
    </p>
   </div>
   <div class='ocr_carea' id='block_1_8' title="bbox 0 0 1481 4892">
    <p class='ocr_par' dir='ltr' id='par_1_11' title="bbox 0 0 1481 4892">
     <span class='ocr_line' id='line_1_46' title="bbox 0 0 1481 4892; baseline 0 0"><span class='ocrx_word' id='word_1_421' title='bbox 0 0 1481 4892; x_wconf 95' lang='lat' dir='ltr'> </span> 
     </span>
    </p>
   </div>
  </div>
 </body>
</html>
