2925 4892
534 400 594 449 iiis
614 398 758 451 rustici.
1130 393 1193 459 685

106 558 190 611 modo
211 559 290 623 poeta
311 555 440 607 erederet
455 556 732 618 exeemocnemque
748 565 825 605 suem
842 553 913 619 apud
930 552 1072 619 populares
1090 556 1192 607 mutere

105 641 241 700 laederet;
262 653 297 690 au
319 639 400 703 (quod
422 637 619 703 propemodum
634 635 800 701 probabilius
816 636 929 699 ridetur)
946 636 1136 689 adolescentuli
1151 639 1194 689 in-

106 724 168 775 dole
184 726 267 787 atque
283 722 389 785 ingenio
405 720 565 782 delectatne,
581 718 654 771 undo
670 719 812 771 illiusmodi
828 719 938 771 oonsilio
949 720 1078 785 impulsus
1090 724 1124 775 de
1135 728 1193 778 arte

105 807 213 871 poetice
238 818 301 857 cum
325 818 359 855 ec
383 806 469 855 amice
493 803 608 867 colloqui
630 806 659 854 at
677 802 811 855 disserere
828 805 855 853 iu
871 806 960 857 enimc
977 804 1113 868 hahuerit.
1140 824 1193 873 qua

105 886 313 953 scriptiunculee
329 886 415 937 iorme
426 890 508 951 atque
518 888 749 947 innocentissima,
768 887 798 937 ut
808 886 891 937 videri
902 887 1033 951 debebat,
1051 894 1193 945 occasione

106 984 174 1023 usus
190 970 270 1022 utiles
291 968 465 1035 popularibus
483 969 679 1021 admonitiones
694 968 826 1033 praehere
843 972 967 1034 tectoque
984 970 1125 1037 obiurgare
1141 978 1193 1027 ini-

106 1068 177 1119 quos
201 1066 266 1105 euos
290 1053 485 1104 obtrectatores
505 1052 578 1102 haud
600 1052 715 1115 repent
729 1052 863 1116 omnique
880 1053 1085 1118 demonstiuvil,
1112 1071 1193 1121 quem

105 1140 216 1202 penitae
236 1137 301 1187 artis
323 1137 443 1187 emulum
463 1134 633 1187 difficillimae
650 1138 755 1186 secreta
772 1139 960 1201 perspexisset.
995 1140 1132 1205 litcuuque
1149 1156 1194 1193 res

106 1234 138 1273 se
163 1220 260 1281 habet,
285 1221 359 1271 corte
385 1218 484 1271 multus
508 1220 551 1269 est
570 1218 597 1269 ln
616 1218 794 1283 significandis
811 1222 969 1285 praesertim
985 1222 1192 1289 difficultatibus,

107 1317 178 1367 ques
204 1304 300 1368 poetae
325 1302 478 1353 necessario
498 1302 552 1353 sint
571 1302 756 1366 superandae,
782 1302 805 1353 si
822 1304 942 1355 omnium
959 1304 1081 1369 plausum
1097 1310 1194 1360 meritc

108 1388 179 1437 terre
204 1385 276 1437 uelit.
309 1386 411 1437 Verum
435 1386 585 1446 enimvero,
611 1398 645 1435 ne
670 1386 749 1437 nimie
769 1385 874 1437 aridum
895 1386 1051 1451 siccumque
1067 1390 1195 1444 erederet

108 1471 222 1521 huiusce
241 1470 389 1532 argumenti
410 1473 507 1532 poema
527 1466 730 1530 didascalieum,
753 1466 832 1531 quale
854 1469 964 1531 quidem
980 1472 1052 1536 apud
1068 1475 1192 1537 Graecos,

108 1553 183 1617 qucd
205 1554 300 1613 eciam,
322 1550 424 1603 nullum
444 1551 580 1612 emtabst,
603 1550 766 1601 exhilarandi
792 1554 869 1603 erant
884 1551 1015 1605 lecturum
1031 1556 1111 1607 animi
1129 1559 1194 1611 iocis

109 1637 246 1689 interdum
261 1636 326 1687 eatis
342 1635 449 1685 acerbis
465 1637 492 1686 in
508 1637 649 1699 posterum
665 1634 741 1695 vitia,
761 1636 787 1684 in
804 1647 884 1699 praue
902 1639 1137 1699 grammaticorum
1154 1642 1196 1691 iu·

109 1721 192 1781 dcis,
210 1721 238 1771 iu
254 1732 410 1785 perversum
425 1720 605 1769 Romanorum
622 1716 824 1779 eduoudonem3
843 1732 893 1770 nec
910 1732 975 1771 vero
992 1720 1089 1773 oblitus
1106 1727 1147 1774 est
1164 1738 1194 1776 se

108 1806 206 1867 suique
230 1801 331 1853 similes
356 1804 450 1865 poetae
474 1800 620 1851 defendere
645 1800 775 1851 sdveisue
800 1803 961 1864 undenarios
981 1808 1061 1867 atque
1085 1808 1194 1859 omnino

109 1898 244 1952 persaepe
259 1885 364 1935 ridendo
379 1885 461 1935 dice-e
474 1898 572 1935 erm.
606 1884 803 1935 seutentiamm
819 1884 886 1935 ordo
897 1886 977 1949 etque
991 1890 1099 1939 mutuus
1111 1902 1196 1941 nexus
1300 1866 1317 1889 ⁸

109 1984 125 2020 e
142 1968 234 2021 multis
250 1969 444 2033 reprehensus,
462 1980 478 2017 e
494 1966 615 2031 pluribus
626 1968 707 2017 etiam
718 1979 814 2031 parum
825 1972 992 2031 perspectus,
1011 1970 1075 2021 milri
1086 1972 1196 2035 quidem

109 2066 223 2117 semper
246 2050 409 2103 admirabilis
433 2052 507 2101 visua
531 2052 574 2101 eet
598 2052 626 2101 et
646 2048 705 2100 talis
728 2051 862 2115 proiecte,
889 2050 974 2115 qualis
991 2052 1073 2103 dehet
1089 2068 1150 2107 sese
1167 2057 1194 2109 in

110 2135 238 2201 epistole,
264 2149 328 2187 vera
344 2135 477 2187 sermonis
494 2132 628 2185 familiaris
644 2134 772 2197 imagine.
800 2134 827 2183 id
846 2136 901 2195 est,
928 2135 1055 2187 cceuldor
1071 2139 1100 2187 et
1115 2136 1197 2189 lnior

109 2232 195 2283 quem
210 2220 257 2283 qui
273 2218 417 2282 requiritur
432 2218 459 2267 iu
476 2219 600 2280 poemate
617 2229 693 2267 mere
710 2216 880 2269 didascalico.
908 2220 958 2271 Diu
969 2222 1059 2271 autem
1071 2221 1197 2273 multum-

110 2316 166 2367 que
190 2302 331 2361 messuri,
356 2303 447 2351 utrum
472 2299 516 2350 liic
535 2313 569 2349 ex
590 2312 665 2349 more
682 2313 698 2349 a
715 2299 805 2351 multis
828 2300 890 2351 iude
907 2314 922 2353 a
939 2302 1068 2366 liappolto
1089 2308 1196 2356 servato

109 2384 303 2449 subiungerem
319 2386 507 2448 ergumemum
522 2383 599 2434 xvii.
618 2382 746 2447 illappcltl
764 2382 806 2435 vei
817 2384 904 2435 iiiiii.
924 2384 1038 2447 (Arnoldl
1054 2385 1097 2437 vei
1107 2388 1195 2439 illllii.

111 2467 233 2533 (wetzel)
250 2467 293 2519 vei
308 2469 383 2519 XXV.
399 2466 531 2531 (ucenng)
548 2466 680 2530 capitibus
698 2466 865 2517 distinctum:
884 2466 933 2517 sed
953 2479 1016 2518 cum
1034 2470 1197 2532 experientis

110 2552 183 2603 duce
195 2550 333 2602 didicerim
344 2548 442 2601 leiibue
450 2546 585 2614 σχήμασι
595 2562 647 2600 uec
657 2548 805 2614 philologos
817 2562 868 2599 nec
879 2548 1022 2613 discipulos
1034 2564 1196 2617 magnopere

111 2637 198 2687 iurari
214 2637 261 2684 eut
275 2632 404 2685 delectari
419 2646 506 2695 eaque
522 2633 625 2693 statim,
651 2630 697 2682 ubi
713 2630 831 2695 perlecta
848 2634 924 2691 eunt,
946 2644 978 2681 ex
996 2636 1086 2683 mente
1103 2648 1197 2687 rursus

112 2718 239 2771 excidere
256 2717 359 2777 solere,
377 2716 503 2779 equidem
517 2717 545 2766 iu
555 2715 747 2767 commentario
759 2715 832 2778 ipso.
850 2713 1003 2777 ubieunque
1015 2718 1197 2770 ueceeserium

111 2806 187 2862 erat,
205 2802 303 2853 seriem
318 2804 524 2865 praeceptorum
540 2812 573 2849 eo
589 2798 729 2850 transitum
746 2796 781 2849 eb
798 2810 851 2849 uno
862 2796 896 2847 ad
907 2796 1021 2849 alterum
1032 2798 1108 2851 brevi
1119 2801 1197 2864 signi·

110 2888 197 2939 licere
214 2883 334 2950 praetuli.

544 3036 767 3045 ψ-

181 3142 247 3193 iiiro
262 3153 328 3191 sane
345 3151 410 3189 caen
425 3137 525 3187 iactum
542 3138 595 3195 est,
614 3139 643 3186 nt
660 3148 693 3185 eo
704 3137 763 3199 ipso
775 3135 830 3191 die.
850 3148 903 3200 quc
915 3148 939 3185 a.
952 3136 1026 3187 4838.
1037 3138 1118 3189 etiem
1129 3138 1198 3193 hanc

111 3226 309 3278 praelationem
325 3220 494 3273 absolveram
510 3220 653 3283 operisque
670 3218 845 3279 tradideram,
873 3220 997 3270 Turicum
1014 3220 1065 3270 hoc
1081 3234 1199 3286 opuscu-

111 3311 172 3361 lum
185 3308 339 3373 perveuiret
349 3320 354 3354 :
372 3306 411 3355 De
420 3304 563 3353 iicrcticuc
573 3304 608 3353 od
618 3304 714 3352 Reum
724 3302 846 3364 Epistola.
874 3302 979 3363 Scripsit
995 3304 1040 3352 Dr.
1054 3302 1197 3356 Guilelmus

113 3393 190 3445 iilis.
229 3390 405 3448 Vretisterdue,
423 3388 451 3437 F.
468 3387 536 3437 iiirt.
552 3385 802 3437 uecccmvui.
820 3384 844 3433 8.
863 3395 922 3448 peg.
935 3383 976 3436 ei.
1005 3386 1097 3449 Neque
1109 3388 1198 3437 iamim

112 3478 260 3543 propterea
275 3472 318 3523 vel
334 3471 449 3523 verbum
458 3482 543 3519 uuum
554 3478 632 3519 meae
646 3480 728 3517 curse
740 3468 844 3517 mutere
857 3478 968 3517 necesse
981 3465 1075 3525 nabun
1093 3480 1198 3529 verum,

113 3561 244 3625 quonism
268 3554 423 3607 huiusmodi
445 3550 527 3603 libelli
551 3552 613 3616 poet
632 3549 732 3613 aliquot
753 3562 838 3600 annos
855 3562 871 3599 a
887 3547 1012 3599 studiosis
1029 3550 1072 3599 vix
1089 3552 1216 3614 reperiri.

113 3643 241 3709 possum,
267 3638 440 3691 commodum
464 3636 552 3686 visum
568 3636 624 3694 est,
650 3633 787 3696 scriptoris
809 3632 900 3694 utique
917 3632 1023 3682 siucero
1039 3633 1096 3681 veri
1112 3634 1200 3686 studio

113 3726 190 3778 ducii
215 3721 378 3787 singulerem
401 3720 553 3784 opinionem
578 3718 622 3768 hic
642 3728 870 3777 commemorare,
897 3728 949 3765 nou
972 3728 1026 3778 quo
1048 3729 1109 3768 eam
1125 3730 1201 3769 com-

133 3809 248 3861 rebem:

114 3824 133 3875 p
182 3894 245 3953 Peg.
263 3890 304 3939 94.
336 3886 408 3938 «sed
433 3886 560 3950 quoniam
581 3885 608 3933 in
627 3883 710 3933 rebus
729 3880 823 3931 nutura
840 3894 889 3931 sue
905 3879 993 3931 dubiis
1010 3880 1072 3931 iicet
1087 3884 1198 3947 opineri,

115 3974 199 4027 talem
217 3971 351 4037 quendam
368 3968 404 4020 de
415 3970 485 4019 iirtis
501 3968 622 4031 posuere
638 3968 711 4016 sorte
723 3967 751 4014 et
761 3965 860 4027 origiue
878 3965 1063 4027 cogitationem
1080 3966 1143 4017 mihi
1161 3968 1201 4017 iu-

115 4058 214 4109 iormo.
244 4055 379 4113 iicretius,
401 4064 464 4103 eum
483 4064 534 4116 per
555 4051 637 4099 vitam
658 4049 752 4112 poesin
769 4046 907 4110 diiigenter
924 4050 1031 4097 curaret
1046 4047 1201 4111 singulaque

118 4141 153 4191 ad
178 4150 241 4188 eam
267 4136 425 4201 pertinentia
450 4133 581 4198 poematis
600 4132 657 4183 suis
676 4131 844 4189 inseruisset,
871 4130 906 4180 de
927 4131 1023 4181 ecdem
1044 4133 1202 4194 argumento

119 4221 202 4273 muita
220 4220 294 4285 prius
311 4218 434 4278 icrtaeee‚
454 4229 536 4280 wem
555 4214 590 4264 ad
606 4214 715 4265 Pisones
731 4212 866 4264 scribendi
880 4210 1019 4263 consilium
1036 4215 1158 4276 caperet,
1176 4216 1203 4265 iu
