2925 4892
625 303 755 352 uoulru
771 301 992 355 arunculam

629 766 895 828 2218qu
922 765 975 824 V·

302 914 336 980 Si
359 921 452 1000 potes
473 908 636 977 Archiacis
659 907 793 975 conviva
815 905 1008 973 recumbere
1029 904 1121 972 lectis

301 1037 367 1102 Nec
390 1032 517 1099 modica
539 1049 677 1098 coenare
701 1029 794 1095 times
816 1026 888 1094 olus
910 1047 1006 1094 omne
1027 1027 1162 1114 patella,

302 1157 463 1242 Supremo
485 1163 516 1218 te
539 1151 608 1218 sole
630 1151 736 1228 domi,
760 1151 936 1236 Torquate,
958 1148 1108 1216 manebo.

323 1335 370 1398 Ep.
384 1333 414 1381 V.
442 1332 466 1384 l.
485 1331 610 1380 arcisteis
620 1330 679 1380 LCt.
699 1331 730 1380 llt
742 1341 805 1390 uos,
823 1341 918 1380 omnes
930 1329 1013 1379 nostri
1024 1327 1135 1393 bSchp
1148 1329 1176 1378 et
1187 1327 1305 1377 Pottierii.

292 1483 323 1531 V.
359 1480 475 1531 Hilarem
503 1481 530 1530 in
556 1479 668 1530 modum
693 1479 787 1529 invitat
823 1477 917 1526 relerri
934 1479 1023 1541 potest
1039 1477 1111 1543 apud
1128 1479 1235 1529 sueton.
1248 1479 1333 1528 Domit.

259 1560 338 1621 poeta
360 1557 476 1607 amicum
500 1555 535 1605 ad
558 1567 671 1605 coenam
696 1555 786 1616 iruga-
824 1550 868 1600 ⁴0:
888 1551 1336 1614 &cumsacramentales

259 1631 327 1692 lem,
353 1632 401 1682 sed
427 1630 539 1692 laetam,
564 1630 785 1694 quamproxime
822 1625 946 1688 bamam
976 1626 1125 1688 (interemit
1151 1623 1334 1685 Domitianus)

259 1709 321 1758 unte
335 1707 456 1758 Caesaris
468 1706 602 1756 Octaviani
620 1705 692 1754 diem
709 1705 786 1754 nata-
823 1701 889 1762 qaod
905 1701 1005 1750 lanceas
1020 1715 1101 1752 novae
1114 1702 1214 1764 saraae
1224 1698 1336 1763 appellari

260 1779 314 1830 lem
332 1781 449 1830 lacturus
462 1783 531 1841 erat,
552 1777 684 1842 simulque
696 1776 730 1828 ad
748 1777 787 1826 bi·
823 1774 953 1824 Laeuium
968 1788 1061 1837 passm
1079 1781 1148 1825 esset.
1181 1774 1275 1835 (Lectio
1296 1787 1336 1822 ar·

259 1853 343 1905 larem
360 1855 429 1904 vitae
447 1866 526 1905 usum
539 1854 643 1904 excitat.
674 1854 712 1902 De
724 1853 788 1901 Tor·
822 1851 926 1910 ciaieu,
939 1843 1104 1920 ἀρχαϊκοῖς,
1120 1853 1209 1900 metro
1219 1849 1336 1900 adversa-

260 1929 341 1990 quato
354 1928 465 1990 eiusque
483 1927 604 1978 moribus
616 1927 677 1976 vide
690 1926 724 1976 ad
736 1926 784 1975 0d.
822 1925 883 1989 tur.)
904 1951 932 1960 -
955 1925 1009 1974 olus
1029 1923 1109 1988 omae]
1132 1919 1169 1973 τὸ
1194 1920 1334 1983 iaceatis,

260 2001 290 2060 l,
314 2003 338 2050 Ἰ.
375 2001 446 2062 (Quis
467 2002 617 2063 Torquatus
635 2001 678 2050 bic
696 2001 784 2061 luerit,
821 1998 982 2059 brassicam,
1002 1998 1106 2060 betam,
1119 1999 1257 2060 cichorea,
1274 1997 1336 2060 lequ-

260 2077 287 2124 in
304 2075 394 2124 medio
409 2073 533 2137 relinquit
550 2074 700 2138 Obbarius.)
728 2075 785 2134 Quo
823 2075 958 2124 minacet.
988 2071 1244 2139 Saneestlmiqu.
1274 2073 1337 2123 illie

260 2162 329 2200 anuo
346 2149 414 2199 haec
432 2148 543 2213 epistola
559 2151 657 2214 scripta
675 2150 721 2211 sit,
744 2151 787 2198 in·
821 2161 895 2198 weaa
909 2150 961 2197 wir
977 2149 1028 2211 aas
1038 2149 1093 2198 eice
1108 2148 1194 2210 Sappe
1208 2148 1337 2198 meream

261 2226 365 2274 certum
391 2225 440 2274 est.
479 2225 535 2274 lloc
561 2238 644 2274 unum
674 2226 787 2289 apparet
823 2222 1047 2273 marsanam.»
1064 2223 1191 2273 Dilntzer.
1209 2221 1279 2273 Cani.
1289 2221 1335 2270 Sat.

262 2311 295 2348 ex
317 2311 342 2346 v.
359 2297 395 2358 l.,
419 2310 480 2347 eam
503 2297 603 2362 aliquot
624 2311 709 2349 annos
726 2303 787 2363 post
822 2299 854 2358 2,
873 2299 901 2354 l,
919 2297 961 2348 al.
990 2295 1039 2347 Alii
1060 2297 1148 2346 minus
1172 2299 1244 2348 recte
1264 2297 1337 2346 inter-

262 2373 289 2422 T.
302 2369 391 2425 Statilii
404 2373 481 2422 Tauri
493 2371 606 2422 alterum
618 2371 786 2424 consulatum
823 2373 974 2436 pretantur:
993 2369 1071 2420 «nibil
1088 2369 1160 2420 aliud
1172 2367 1336 2436 praeterolus

258 2458 324 2498 'esse
342 2446 527 2510 compositam.
556 2446 678 2497 Nonnulli
695 2450 787 2497 tamen
824 2443 871 2493 tibi
888 2457 1052 2508 apponam·
1070 2457 1140 2508 quae
1158 2443 1266 2496 ridicula
1280 2455 1337 2508 pro·

262 2533 324 2572 eam
340 2521 615 2572 rcieruntadauc.
630 2519 697 2582 734,
718 2533 788 2584 aquo
823 2518 894 2569 tecto
909 2520 1072 2582 parcimonia
1089 2519 1193 2571 inisset.
1209 2548 1237 2556 -
1252 2520 1336 2580 Siara-
1426 2582 1427 2585 Ἰ

261 2597 319 2660 ipso
337 2610 407 2647 anno
421 2598 531 2659 Augusti
549 2597 606 2647 dies
624 2595 716 2647 natalis
732 2609 789 2645 ma·
823 2607 865 2643 mo
876 2593 960 2657 -salel
978 2594 1082 2645 «Serius
1099 2593 1248 2658 aliquanto,
1264 2603 1336 2656 quam

261 2673 318 2722 iore
331 2685 410 2735 quam
427 2674 505 2722 antea
516 2674 643 2736 apparatu
656 2675 684 2720 et
701 2671 789 2735 splen·
824 2667 945 2732 plerique
954 2680 1070 2719 coenare
1079 2667 1204 2720 solebant
1214 2669 1283 2734 (bora
1293 2680 1337 2717 no-

262 2745 328 2795 dora
352 2744 556 2796 concelebratus
581 2757 642 2795 essa
668 2745 785 2794 videtur:
825 2743 877 2805 na),
896 2745 923 2792 et
939 2742 1050 2794 demum
1067 2743 1101 2794 ad
1118 2757 1271 2810 vesperam,
1288 2739 1335 2792 sole

262 2819 428 2872 cimonem
450 2818 494 2879 cl,
517 2819 545 2868 8:
574 2817 631 2885 ἰδίᾳ,
650 2816 682 2869 δὲ
705 2815 741 2884 δὴ
759 2820 790 2869 οἱ
824 2819 878 2868 iam
895 2818 929 2867 ad
947 2831 1074 2869 occasum
1094 2822 1235 2882 vergente;
1258 2819 1335 2880 itaque

262 2887 443 2962 ἀγορανόμοι
475 2890 668 2964 ἱπποδρομίαν
698 2908 729 2942 τε
757 2893 788 2944 ἐν
825 2892 1336 2956 negotiatuaadiinemperdacerepo·

262 2971 323 3027 τοῖς
351 2963 402 3015 τοῦ
431 2959 600 3032 Αὐγούστου
630 2967 787 3032 γενεθλίοις
825 2968 913 3017 teris.»
942 2968 1067 3017 Romanis
1088 2968 1159 3017 inter
1181 2967 1272 3017 boram
1291 2977 1335 3014 un-

263 3039 313 3090 sat
337 3039 447 3110 θηρίων
472 3035 590 3105 σφαγὰς
617 3039 785 3106 ἐποίησαν.»
824 3041 957 3091 decimam
986 3043 1013 3091 ct
1040 3041 1241 3103 duodecimam,
1268 3037 1336 3090 nobis

263 3117 362 3164 Turnus
380 3115 406 3164 F.
420 3115 451 3164 H.
465 3128 491 3178 p.
505 3113 561 3165 sot.
825 3129 918 3167 mense
935 3115 1085 3181 Septembri
1104 3120 1218 3167 exeunte
1234 3115 1282 3168 sub
1292 3114 1336 3163 bo-

296 3189 351 3240 4-3.
378 3189 406 3238 Si
419 3195 490 3251 pales
506 3189 569 3254 cet]
588 3191 629 3240 «Si
647 3192 787 3256 potesboc
824 3204 883 3241 ram
900 3191 1050 3256 septimam.
1080 3191 1120 3241 Cl.
1139 3193 1193 3241 Sat.
1211 3193 1239 3251 2,
1256 3191 1282 3249 7,
1298 3186 1334 3237 33.

262 3265 311 3316 abs
329 3266 355 3315 te
376 3265 532 3330 impetrare,
560 3267 590 3316 ut
604 3279 717 3317 raecum
741 3279 788 3316 ac·
858 3261 1337 3329 l-7.iteaen]se.eonsule.1ul.capi-

262 3340 375 3392 cumbas
392 3343 461 3391 cet.»
490 3341 528 3392 Ci.
548 3341 631 3406 Epod.
646 3343 676 3401 9,
696 3339 736 3391 li,
757 3367 784 3377 —
824 3339 869 3390 tol.
882 3340 936 3389 vitu
948 3340 1045 3389 Pertin.
1058 3339 1087 3390 i:
1105 3337 1336 3400 puiaiileesaetite

261 3415 411 3480 recumbere]
435 3417 464 3465 ut
486 3415 533 3465 Od.
552 3415 582 3475 3,
606 3415 634 3476 3,
654 3416 695 3465 tl.
714 3415 787 3466 idem
823 3427 894 3474 mot,
906 3414 1095 3463 moniminas
1103 3413 1235 3477 sactaseet.
1251 3414 1277 3462 T.
1287 3411 1335 3459 Sta·

262 3489 333 3554 quod
351 3489 504 3540 accumbere.
520 3516 547 3525 —
560 3490 696 3552 Archiacis]
710 3491 788 3540 asim·
824 3486 894 3538 tilius
909 3489 1010 3538 Taurus
1027 3489 1057 3538 ll.
1074 3501 1136 3538 cunr
1151 3489 1265 3552 Augusto
1277 3484 1332 3532 Vlll.

262 3563 375 3628 plicibus
396 3564 519 3626 quidem,
546 3563 596 3614 sed
621 3563 699 3614 simul
722 3566 787 3616 satis
824 3573 879 3613 cos.
893 3574 994 3611 a.u.c.
1008 3562 1065 3613 728.
1087 3589 1115 3598 -
1133 3562 1233 3626 matesc]
1250 3557 1335 3610 exdo-

261 3636 427 3698 elegantibus
445 3639 469 3699 (a
486 3640 632 3689 rusticitate
650 3641 723 3689 carte
747 3638 787 3689 al·
822 3635 864 3686 liis
881 3636 908 3684 iu
925 3634 1022 3692 cados,
1040 3635 1112 3685 unde
1129 3637 1222 3685 micet
1237 3630 1335 3698 opponi·

261 3711 385 3761 iactanda
393 3711 559 3763 abhorrebat
569 3713 788 3776 Horatius),quu-
822 3713 867 3760 tur
882 3711 974 3760 viuum
991 3711 1118 3772 ditium
1148 3707 1334 3770 contrarietur

260 3783 301 3835 les
318 3785 436 3835 vendere
458 3785 526 3836 solet
545 3787 686 3847 Archiam»
710 3787 787 3838 taber
822 3787 891 3835 ditur
912 3785 1003 3834 vinum
1025 3797 1058 3834 ex
1080 3786 1183 3836 cratere
1204 3785 1230 3834 in
1249 3776 1333 3846 pocula

261 3858 386 3910 lactarius
410 3861 509 3910 Romae
534 3862 598 3911 tunc
623 3864 711 3912 notus.
744 3863 783 3912 Cl.
823 3863 850 3910 et
866 3862 982 3924 pateras.
1012 3860 1065 3910 Clr.
1079 3859 1214 3920 sat.2,s,
1232 3857 1270 3907 tt.
1294 3853 1334 3900 Vl·
1409 3895 1413 3911 .

260 3934 366 3983 Soterici
382 3933 456 3983 tectos
467 3935 537 3996 apud
550 3932 614 3984 Gall.
629 3937 674 3996 li,
694 3938 723 3997 2,
744 3937 783 3986 ll.
822 3947 886 3985 num
904 3935 983 3997 rgitm
998 3934 1051 3985 hoc
1067 3937 1126 3984 erat
1141 3945 1188 3984 ser
1204 3939 1332 3982 annorum.

259 4007 383 4058 Pausiaca
400 4007 491 4057 tabella
507 4009 561 4057 Sat.
578 4009 607 4069 2,
625 4010 653 4070 7,
673 4010 712 4058 95.
744 4010 786 4058 Si·
822 4007 1331 4072 pro1eulicosatlsreeens,itetamen.

261 4080 331 4132 milia
353 4082 388 4131 ad
413 4083 519 4132 nomina
541 4082 576 4132 ab
601 4083 785 4134 inventoribus
810 4084 852 4132 ,ut
875 4085 903 4134 in
926 4081 1038 4148 simplici
1065 4083 1146 4135 domo
1167 4083 1223 4133 sine
1247 4075 1332 4129 uiniae

259 4153 302 4212 ael
319 4155 458 4220 opificibus
475 4157 588 4221 repetita
607 4157 658 4206 lroc
676 4171 784 4222 quoque
821 4158 1003 4222 parcimoniae
1014 4171 1046 4209 aa
1062 4157 1180 4209 sordium
1197 4151 1333 4217 repreben-
