2925 4892
249 339 310 406 424
629 345 760 395 rronnrn
778 344 959 396 siriniensi

290 506 353 567 Aut
374 501 511 587 scripto',
535 500 623 587 quod
645 521 699 566 me
722 501 853 567 tacitum
876 501 977 577 iuvet,
1001 519 1105 586 ungor
1127 498 1227 576 olivo,

290 624 360 689 Non
383 643 449 710 quo
471 621 625 687 fraudetis
648 620 834 687 immundus
855 622 946 687 Natta
968 619 1118 688 lucernis.

291 748 347 810 Ast
367 743 423 810 ubi
445 763 498 808 me
518 721 641 809 fessum
662 742 712 808 sol
735 742 843 809 acrior
865 742 912 808 ire
934 741 1074 807 lavatum
1278 742 1340 809 425

291 864 480 941 Admonuit,
503 863 591 951 fugio
614 864 771 951 Campum
793 862 971 951 lusumque
992 862 1160 950 trigonem.

290 987 431 1051 Pransns
453 1004 518 1051 non
539 983 651 1061 avide,
675 993 831 1072 quantum
853 982 1036 1071 interpellet
1056 983 1141 1050 inani

314 1155 370 1205 423.
388 1156 461 1205 locat
476 1168 494 1219 p
511 1157 539 1204 et
555 1156 681 1218 quattuor
697 1154 824 1204 Pottierii.
841 1181 868 1190 -
882 1152 939 1204 424,
952 1158 1029 1203 nocto
1041 1151 1190 1204 Turnebus.
1207 1182 1234 1191 -
1249 1156 1304 1205 426.

280 1231 351 1293 rupto
373 1228 469 1279 ratiost
493 1234 607 1290 ternpore
631 1228 697 1291 stom
721 1227 813 1291 bscdp
833 1229 913 1290 atque
932 1240 1026 1277 omnes
1044 1228 1111 1277 Fene
1129 1229 1157 1277 et
1172 1229 1304 1289 noctem,

282 1305 347 1355 item
362 1306 450 1355 Acron
468 1305 496 1354 et
511 1303 686 1367 Porphyrion.
705 1300 859 1367 (nudumque
875 1303 997 1365 trtpooem
1013 1300 1125 1352 Bentleii
1142 1303 1279 1365 suspicio.)

249 1450 356 1501 ablativi
381 1450 512 1512 absoluti,
538 1453 569 1500 ut
592 1462 675 1514 saepe
700 1449 772 1513 epud
810 1462 875 1500 num
887 1450 951 1499 mihi
963 1450 1194 1513 suspectissimum
1206 1448 1270 1500 nihil
1282 1464 1339 1501 rno-

248 1526 368 1576 l'ecitum
385 1526 484 1586 04444440,
502 1530 627 1587 consperto
639 1525 690 1574 cet.
712 1524 770 1574 vid.
810 1525 874 1586 rori,
893 1526 920 1574 tn
937 1522 980 1573 illo
998 1526 1090 1574 temen
1107 1525 1250 1587 suppositis
1268 1538 1339 1588 pun-

248 1600 284 1650 nd
300 1601 354 1650 Set.
373 1601 402 1660 4,
423 1600 452 1660 4,
472 1598 513 1650 st.
529 1627 556 1635 —
569 1598 681 1662 4004444444]
701 1611 774 1648 «me-
811 1599 860 1648 ctis
882 1597 1039 1661 volgataque
1061 1596 1175 1649 lectione
1197 1598 1336 1649 adnotatu:

248 1674 378 1725 ditentem
394 1686 440 1733 ea,
459 1687 528 1737 quse
545 1671 611 1736 legi,
629 1671 672 1722 vel
689 1672 723 1722 de
741 1671 774 1722 lt-
809 1672 880 1735 lucto
895 1671 992 1721 rabiosi
1013 1676 1128 1733 tenpore
1143 1672 1223 1736 44944,
1251 1674 1339 1723 mnni-

248 1748 366 1807 mundis,
380 1760 449 1811 qune
461 1747 570 1811 scripsi,
583 1747 771 1810 cogitantem.»
811 1744 909 1795 lesbum
932 1746 984 1795 hoo
1008 1744 1112 1809 signum
1137 1746 1194 1805 est,
1220 1744 1339 1810 reliquos

251 1849 279 1859 -
295 1821 430 1885 fraudetis]
445 1820 509 1871 Oleo
528 1823 584 1872 tarn
603 1820 647 1870 vili
669 1823 696 1870 et
714 1834 775 1870 ren-
811 1832 906 1870 omnes
923 1820 958 1869 nd
975 1833 1025 1870 nos
1047 1822 1208 1884 propagatos
1226 1834 1286 1872 esse
1306 1835 1340 1871 ex

249 1896 322 1956 cido,
346 1896 376 1944 ul
397 1894 512 1945 lucernis
535 1892 677 1957 implendis
693 1895 772 1945 unice
810 1894 967 1945 recensione
980 1893 1069 1943 critici
1081 1892 1207 1956 alicuius,
1221 1894 1266 1957 qui
1277 1906 1340 1944 ver-

249 1970 377 2019 inservire
400 1970 506 2032 posset,
530 1969 574 2018 hic
595 1980 625 2018 se
646 1968 771 2031 ungebat.
810 1981 871 2018 sum
887 1966 929 2017 vel
946 1967 997 2017 sibi
1015 1979 1068 2017 non
1079 1965 1295 2018 intellectumve}
1310 1970 1336 2019 in

250 2068 279 2079 -
297 2042 386 2105 thtc]
405 2043 498 2092 «Notat
514 2044 620 2092 Nettem
637 2042 773 2105 quendam
811 2040 971 2105 exemplari,
985 2054 1039 2105 quo
1051 2042 1108 2105 ipse
1120 2040 1257 2103 utebatur,
1277 2056 1340 2093 evn-

248 2117 450 2169 tenecissimum
478 2117 506 2166 et
532 2115 773 2167 sordidissimum.»
811 2116 903 2165 nidum
929 2117 1010 2179 etque
1037 2114 1217 2167 oblitteratum
1238 2117 1274 2165 ita
1297 2118 1340 2168 in-

249 2193 335 2243 Corru.
355 2191 400 2240 Cn.
436 2190 571 2252 (Ceterum
592 2190 687 2239 Pinarii
709 2191 774 2240 Nut—
811 2188 950 2253 terpolnvit
966 2190 1020 2239 inm
1038 2192 1099 2239 ente
1118 2187 1339 2240 Scholiastesve-

249 2267 292 2316 tne
309 2267 386 2315 erent
401 2264 503 2329 patricii
520 2277 552 2313 ec
568 2262 680 2314 nobiles.
716 2264 771 2314 Cic.
811 2266 897 2324 teres,
917 2265 963 2327 qut
980 2262 1074 2314 lulsem
1090 2261 1233 2314 lectionem
1250 2264 1338 2328 expli-

249 2340 284 2391 de
295 2340 381 2389 Divin.
393 2341 419 2399 2,
437 2340 483 2396 24,
501 2338 542 2390 47.
565 2339 653 2388 Potuit
663 2338 774 2401 quidem
811 2338 880 2387 cent.
917 2339 995 2388 Certe
1019 2336 1087 2387 edeo
1110 2338 1180 2387 hanc
1197 2350 1338 2388 commen-

248 2415 329 2465 thta
346 2413 427 2463 etiem
444 2410 510 2462 alius
527 2413 614 2476 gentis
624 2425 774 2475 cognomen
811 2410 901 2460 datam
914 2422 974 2461 esse
992 2410 1129 2461 latendum
1141 2412 1191 2462 erit
1207 2412 1232 2461 in
1245 2414 1339 2462 Gram-

249 2500 323 2547 esse3
342 2487 391 2538 sed
409 2486 480 2552 opud
497 2488 639 2537 Gruterum
656 2489 729 2536 certe
748 2486 775 2535 et
811 2486 972 2534 meticorum
983 2482 1093 2546 scholis,
1112 2488 1143 2535 ut
1155 2498 1219 2535 vere
1230 2488 1338 2537 extruso

248 2562 424 2614 lln'rntorium
443 2563 537 2611 Nattae
558 2574 611 2611 non
632 2561 775 2624 reperiun—
810 2557 938 2622 paulatim
954 2559 981 2609 in
998 2572 1093 2609 omnes
1110 2559 1217 2611 codices
1235 2561 1338 2623 recipe-

249 2637 311 2699 4444.)
331 2634 774 2697 llinctdemnomendesumpsere
811 2634 897 2693 retur,
925 2633 947 2683 si
971 2634 1013 2682 cul
1031 2634 1118 2683 minus
1135 2632 1274 2698 probabile
1295 2635 1338 2684 vl-

248 2714 321 2763 Pers.
336 2711 365 2771 3,
379 2710 419 2761 34.
439 2711 530 2759 luven.
543 2709 572 2769 8,
591 2710 632 2759 944.
656 2706 773 2758 Turnebi
812 2707 919 2758 debitur
930 2710 1040 2758 cunctos
1057 2710 1165 2771 prneter
1176 2706 1249 2758 illum
1259 2706 1338 2759 Blan-

247 2790 325 2834 00040
340 2786 417 2835 Festo
433 2785 502 2833 teste
520 2782 680 2845 signiticaret
695 2780 775 2833 lullo·
811 2783 866 2834 din.
885 2796 918 2833 ex
934 2795 988 2833 unc
1010 2782 1161 2846 eodemque
1183 2777 1338 2853 ἀρχετύπῳ

249 2873 312 2910 nem
329 2873 345 2909 n
361 2872 388 2908 v.
406 2854 505 2919 νάκος.
810 2858 928 2908 fluxisse.
954 2858 991 2907 Ex
1005 2857 1056 2907 heo
1067 2870 1132 2907 vero
1144 2856 1185 2907 bis
1197 2857 1270 2907 idem
1283 2856 1338 2908 lun·

283 2933 340 2982 426.
368 2931 573 2993 fuptocotnpmn
588 2930 775 2991 tusconen-t-
811 2932 965 2995 guidtssime
982 2930 1096 2981 diceret:
1123 2932 1186 2984 «Ubi
1203 2931 1267 2983 solis
1288 2946 1338 2983 ee-

248 3006 349 3070 poem]
375 3016 424 3067 pro
450 3001 652 3066 «trigonulemm
682 3004 774 3067 Trtpoo
811 3008 867 3058 stus
893 3019 938 3055 me
963 3007 1054 3056 monet
1079 3007 1118 3055 ire
1142 3006 1169 3057 in
1193 3004 1335 3069 balneum,

249 3082 282 3142 (e.
301 3091 327 3127 v.
345 3077 500 3147 τρίγωνος),
525 3090 610 3139 genus
632 3075 701 3140 pilae
724 3079 773 3127 mi·
811 3094 875 3144 ego‚
901 3082 931 3129 ut
953 3082 1163 3130 consentaneum
1184 3082 1238 3142 est,
1265 3080 1337 3143 fugio

248 3154 352 3213 nimae,
370 3150 453 3201 dureo
471 3153 499 3201 et
514 3150 592 3200 tirmo
609 3147 661 3214 pilo
678 3150 771 3213 tartum
811 3156 916 3204 nestum
927 3154 1032 3204 dierum
1048 3153 1267 3213 canicularium»
1285 3166 1337 3204 nec

248 3238 348 3277 nomen
370 3224 432 3275 inde
450 3224 574 3285 ductum,
601 3224 674 3287 quod
690 3238 705 3273 e
724 3227 773 3275 tri-
809 3242 874 3279 vero
892 3228 1007 3289 diceret,
1026 3228 1090 3291 quid
1106 3230 1168 3291 post
1182 3229 1337 3278 unctionem

247 3301 301 3353 bus
323 3299 475 3350 ludentibus
498 3298 646 3349 iactabatur
661 3301 690 3349 et
711 3301 774 3363 qui·
810 3300 898 3353 locere
916 3303 1061 3353 consuerit.
1097 3300 1338 3365 Praeterenloqui-

247 3375 311 3426 dem
328 3376 363 3424 iln
375 3374 522 3438 dispositis,
540 3376 570 3423 ut
580 3372 703 3437 trianguli
715 3374 773 3424 tor·
809 3377 897 3428 turdo
914 3376 984 3427 vitae
997 3390 1063 3427 sues
1075 3377 1177 3427 ratione
1190 3379 1275 3427 totum
1285 3389 1338 3440 per·

232 3458 321 3500 ‘mum
338 3449 485 3500 efficerent.
512 3447 551 3497 ct.
570 3446 679 3499 Murtiel.
692 3446 721 3509 4,
740 3450 769 3511 9,
809 3464 910 3502 annum
927 3453 1045 3511 servata,
1065 3463 1118 3500 non
1130 3449 1217 3501 solum
1229 3450 1263 3500 de
1275 3450 1336 3500 die-

247 3526 288 3574 to.
318 3525 364 3586 42,
381 3524 428 3584 83,
452 3524 477 3573 3.
507 3522 581 3573 ldem
606 3523 637 3583 7,
663 3522 710 3582 72,
738 3522 768 3571 9:
808 3523 1337 3588 buccaniculnribus;idquodenimed-

246 3598 289 3649 Sic
301 3599 417 3661 pnlomm
433 3596 477 3646 rot
493 3597 523 3646 de
533 3597 707 3659 4449044444ωο
719 3597 771 3645 4444-
807 3602 915 3651 vertens
927 3600 1039 3651 Ouvens
1050 3602 1081 3650 N.
1095 3600 1126 3649 44.
1139 3613 1166 3663 p.
1176 3598 1233 3650 440.
1246 3598 1337 3662 volge-

246 3678 302 3722 ctoe
315 3673 355 3720 det
369 3672 445 3733 locor
455 3669 681 3730 orbitercoronoc,
698 3670 770 3720 unde
809 3677 863 3724 tam
876 3675 915 3724 stc
930 3672 1083 3737 explicavit:
1104 3671 1240 3736 «relinquo
1254 3674 1338 3725 Cem—

247 3747 305 3795 0444
322 3747 365 3793 est
378 3742 489 3794 Bentleii
502 3743 618 3805 suspicio
628 3744 772 3804 cedentque
807 3761 873 3813 pum
890 3747 980 3811 ibique
999 3748 1099 3798 mereri
1116 3747 1205 3798 devito
1222 3745 1264 3797 illo
1281 3746 1338 3797 diei

247 3832 263 3869 n
280 3819 374 3868 vossio
385 3817 519 3881 adoptata.
546 3816 613 3866 Cum
625 3818 693 3866 miro
706 3831 771 3869 casu
808 3826 945 3885 tempore,
965 3835 1019 3885 quo
1036 3820 1099 3873 solis
1116 3824 1207 3872 aestus
1219 3822 1338 3874 moume

245 3894 315 3944 haec
331 3905 396 3941 vern
412 3890 491 3942 lectio
507 3890 596 3940 ndbuc
612 3892 720 3954 reperta
738 3894 772 3943 sit
808 3897 923 3947 saevite»
948 3898 978 3946 nt
995 3897 1094 3959 4494444444
1114 3908 1167 3945 non
1184 3896 1280 3946 Sirium
1297 3897 1338 3947 si-

247 3969 275 4017 in
305 3964 412 4016 duobus
444 3966 582 4016 dumtaxat
609 3965 769 4029 codicibus,
808 3970 927 4034 gniflcet,
950 3970 1000 4021 sed
1021 3968 1143 4021 absolute
1162 3968 1265 4019 dicetur
1285 3982 1337 4033 pro

248 4039 651 4104 cruquiililend.entiquissimo
664 4042 768 4092 etCod.
808 4043 879 4106 sole,
910 4044 1138 4109 quemadmodum
1166 4043 1228 4094 alibi
1256 4044 1335 4095 4444444.

248 4115 324 4164 Goth.
341 4116 371 4174 2,
396 4128 420 4163 n.
446 4116 504 4165 Sec.
526 4115 580 4165 XV.
599 4128 642 4178 np.
661 4117 768 4169 Kirohn.
807 4118 882 4169 Ovld.
901 4122 931 4169 Α.
951 4122 980 4170 A.
1001 4120 1031 4179 4,
1050 4118 1112 4169 7231
1132 4118 1339 4179 meorumue

245 4190 278 4238 Ν.
298 4189 327 4250 0.
345 4188 434 4239 Horat.
454 4201 480 4251 p.
498 4188 539 4239 23.
560 4189 770 4252 (044444144εηί4-
808 4192 883 4244 Debet
904 4198 927 4243 et
950 4206 967 4242 a
989 4193 1068 4243 radiis
1088 4194 1177 4244 4444444
1193 4205 1242 4244 esse
1261 4192 1338 4255 otper
