2925 4892
267 393 331 458 780
745 395 874 448 llonlrrl

198 631 203 641 Ι
309 551 344 618 Si
366 549 541 617 defendere
563 549 715 618 delictum
737 571 834 638 quarn
857 561 984 618 vertere
1007 551 1137 626 malles,
1179 596 1181 600 -

309 669 437 740 Nullum
457 669 541 737 ultra
561 669 698 738 verbum
720 681 776 738 eut
797 692 930 759 operam
953 672 1136 738 insumebat
1157 672 1305 746 inanem,

308 793 394 872 Quin
416 793 487 858 sine
510 790 601 858 rivali
623 801 721 880 teque
744 801 777 860 et
798 801 852 859 tua
874 791 963 860 44144
986 813 1122 860 amare&

307 913 361 978 Vir
381 911 488 980 honus
510 921 543 979 et
563 911 707 1000 prudens
729 933 845 980 versus
868 912 1085 1002 reprehendet
1107 914 1244 989 inertes,
1294 914 1361 978 445

308 1033 458 1122 Culpahit
478 1033 594 1111 duros,
619 1033 789 1120 incomptis
811 1032 931 1100 adlinet
952 1045 1057 1102 atrum

330 1202 387 1255 443.
406 1203 596 1265 4444444444οεὶ4
608 1205 714 1268 septem
725 1206 753 1254 et
764 1204 796 1254 Ct
813 1205 973 1266 (nostrorum
986 1201 1090 1266 nullus).
1107 1233 1133 1241 -
1148 1202 1207 1254 444.
1219 1217 1326 1267 represe-

297 1279 334 1328 444
350 1277 405 1340 (444)
422 1279 453 1338 S,
470 1277 625 1339 reprehendit
643 1278 670 1337 4,
688 1278 866 1340 reprehenderet
883 1278 940 1341 (sic)
959 1279 988 1328 T.
1003 1305 1030 1314 —
1045 1277 1102 1328 446.
1117 1278 1233 1340 culpavit
1251 1279 1277 1327 S.
1293 1307 1323 1314 -

297 1351 355 1403 444.
375 1351 524 1401 4444444444
540 1350 642 1415 hl'cdp,
661 1351 723 1414 hcl,
742 1349 885 1412 Bentleius,
903 1351 926 1402 J.
942 1353 981 1416 (lli
997 1365 1059 1411 nos.
1078 1353 1114 1414 S.)
1129 1379 1157 1388 ·-
1176 1351 1235 1403 448.
1254 1353 1323 1416 coeit

265 1496 388 1559 4444444444
403 1494 547 1566 γλῶσσαν.
577 1501 676 1563 (ipsum
693 1499 791 1550 Pinda-
828 1497 892 1550 locis
918 1512 933 1549 s
957 1497 1073 1550 Bentleio
1096 1499 1215 1551 collectis
1238 1501 1278 1564 (p.
1294 1499 1355 1550 444.
1453 1539 1454 1544 ,

264 1587 325 1626 rum
341 1578 422 1624 vocet
443 1569 569 1640 orlarios
590 1573 660 1637 (here
676 1579 791 1623 4444444-
828 1573 875 1624 Ed.
905 1573 1049 1625 Amstelod.
1072 1574 1162 1634 4448.)
1189 1587 1222 1624 ex
1248 1573 1357 1624 Sidonio
1453 1623 1454 1628 ,

263 1649 333 1713 recte}
348 1640 790 1717 dopdrdpercrxciuecrdrhn·
827 1645 911 1711 Apoll.
929 1646 956 1708 l,
977 1647 1006 1696 i:
1033 1648 1108 1699 0444444
1125 1647 1261 1710 (Eusehiii
1274 1647 1357 1710 philo·
1453 1693 1454 1722 p

266 1724 362 1787 tipater
382 1722 472 1773 Sidon.
494 1720 597 1773 Anthol.
618 1720 698 1772 Pelet.
718 1722 738 1770 1.
762 1734 788 1786 p.
826 1720 929 1782 sophica
944 1723 1032 1772 444444
1047 1723 1182 1786 sonnatio,
1202 1723 1356 1787 scspecio-

264 1797 333 1858 347.)
350 1796 425 1848 ovid.
438 1797 514 1847 Trist.
530 1797 557 1856 4,
576 1796 607 1856 4,
624 1795 666 1844 49.
685 1795 719 1846 44
734 1795 791 1845 444-
827 1793 883 1845 sius
900 1795 981 1844 ctiam
998 1793 1026 1855 9,
1049 1795 1093 1844 ⁴³:
1120 1795 1266 1844 llcroticec
1282 1797 1356 1846 4444-

265 1871 472 1934 tamorphoseon
489 1883 586 1934 opere:
604 1868 722 1918 ,44444444
736 1882 790 1919 me-
827 1869 857 1917 de
873 1868 996 1930 semotos
1011 1867 1194 1930 Asclepiadeos,
1213 1873 1354 1933 praeterea

264 1946 313 1995 4444
327 1958 389 2006 optes
404 1949 440 1995 444
455 1945 585 1994 incudibus
601 1945 677 2005 44444,
704 1943 791 2007 Defuit
826 1942 940 1992 heronis
962 1942 1204 2006 Porphyrionisque
1227 1943 1353 1999 scholiis.
1453 1977 1454 2010 ,

264 2017 787 2081 4444444444444444444444444444444444.
827 2020 854 2066 44
872 2017 970 2080 quihus
981 2018 1072 2081 utique
1085 2017 1355 2081 utuntur-verbosor·
1453 2011 1454 2058 i

264 2093 426 2156 Thesmoph.
440 2092 480 2142 ill.
495 2092 529 2143 de
540 2093 690 2155 Agathone:
708 2087 745 2142 τὰ
758 2089 790 2142 44
827 2096 920 2152 motos,
940 2091 966 2140 ln
983 2089 1108 2142 lemmate
1125 2095 1216 2142 autern
1229 2095 1352 2158 olemus,

264 2159 340 2230 (44η)
356 2163 498 2234 reperiet,
515 2161 553 2214 τὰ
563 2164 595 2215 44
611 2163 788 2230 κολλομ4444.
828 2166 908 2216 etiam
924 2165 951 2215 in
963 2165 1150 2230 Porphyrionis
1167 2165 1216 2217 Ed.
1233 2169 1353 2232 principe

263 2237 339 2290 Plato
355 2237 469 2288 Phecdr.
481 2252 508 2302 p.
521 2238 579 2290 234.
589 2240 625 2289 li:
643 2237 728 2303 σαφῆ
740 2241 789 2289 444
827 2240 927 2289 Veneto
940 2238 1012 2290 4444.
1028 2245 1140 2290 44444444
1155 2252 1222 2304 prae
1240 2254 1271 2291 se
1289 2241 1352 2299 444-ις

263 2308 427 2381 στρογγύλα
449 2313 501 2363 καὶ
525 2307 653 2384 ἀκριβῶς
680 2307 790 2364 inacta
827 2314 898 2378 apud
924 2313 1060 2364 Sidonium
1085 2317 1175 2364 autem
1204 2317 1352 2379 posteriore

263 2383 319 2436 τῶν
352 2379 507 2452 ὀνομάτων
539 2381 787 2458 ἀποτετόρνευται.
828 2385 921 2437 saltem
939 2386 1050 2437 locovel
1067 2384 1192 2451 44444444
1208 2405 1353 2455 μνημονι-

262 2462 386 2512 lsocrotis
408 2464 437 2512 44
458 2461 573 2514 Platonis
593 2459 676 2529 λόγοι
692 2477 707 2512 4
725 2465 789 2514 4444-
826 2455 881 2510 esdr
902 2459 944 2511 vel
970 2475 1044 2512 mera
1069 2461 1164 2512 subest
1189 2463 1350 2528 corruptela.

260 2535 340 2598 nysio
356 2535 439 2588 llelic.
457 2539 486 2589 T.
502 2539 527 2588 Ξ.
546 2551 572 2603 p.
589 2537 645 2589 346.
665 2539 790 2590 dicuntur
827 2529 954 2586 Ceteruni
970 2537 1024 2585 tota
1041 2536 1150 2586 Bentleii
1172 2537 1207 2586 de
1225 2537 1351 2588 hocloco

262 2608 400 2677 γλυπτοῖς
416 2612 466 2662 recl
487 2617 634 2682 τορευτοῖς
650 2610 786 2676 ἐοικότες.
826 2609 983 2673 disputatio,
1018 2622 1183 2674 quemquam
1208 2611 1352 2664 lectionem

262 2687 383 2749 Propert.
403 2685 433 2746 3,
452 2687 498 2746 32,
511 2686 558 2738 434
576 2688 660 2749 incipe
675 2689 727 2738 tom
744 2703 788 2738 cr·
827 2682 992 2734 falsissimam
1018 2682 1066 2746 (ter
1083 2685 1166 2748 44444)
1192 2685 1350 2748 defendens,

261 2765 334 2822 44444
348 2761 786 2823 mmmdcccclii,
825 2769 874 2820 per
894 2769 923 2808 44
946 2761 1062 2821 spectata
1083 2771 1196 2822 prorsus
1212 2762 1351 2824 egregium

261 2833 293 2893 44,
310 2833 338 2883 l:
363 2834 485 2883 4444444444
501 2835 641 2885 44444444,
669 2837 787 2899 Guyetus
825 2843 948 2882 summae
973 2833 1122 2894 sagacitatis
1143 2832 1350 2899 subtilitatlsque

261 2907 291 2954 et
306 2905 453 2967 Bentleius,
474 2905 553 2958 441444
570 2921 634 2958 cnm
650 2910 787 2960 coniectu·
824 2907 961 2969 specimen
971 2907 1050 2970 atque
1060 2905 1198 2970 exemplar
1206 2907 1272 2958 mihi
1281 2921 1352 2960 sern-

261 2989 307 3027 ras
322 2980 518 3041 excogitarent,
542 2994 595 3030 444
617 2983 683 3034 satis
699 2986 787 3033 atten-
824 2992 873 3044 per
890 2980 976 3031 visum
987 2982 1036 3030 est.
1060 2980 1182 3045 (copiose
1195 2985 1288 3033 autern
1300 2985 1350 3034 Fer

229 3049 359 3104 ‘derunt
374 3051 446 3101 adv.
459 3050 522 3102 illud
540 3057 679 3117 proprium
696 3057 785 3120 delere,
824 3055 947 3106 relutavit
971 3054 1118 3105 Bentlcium
1139 3057 1348 3113 contendentem

261 3136 315 3186 qno
331 3127 423 3187 poeta,
450 3137 485 3174 ne
507 3125 674 3178 diversarum
692 3131 786 3194 imagi·
824 3135 924 3180 tomeem
941 3133 969 3179 44
984 3131 1099 3178 44444444
1117 3143 1178 3180 csse
1197 3144 1244 3183 res
1260 3131 1349 3182 direr-

260 3210 326 3248 nom
343 3198 458 3249 oriretur
474 3199 608 3262 conlusio,
628 3201 663 3252 de
679 3215 732 3266 qua
752 3204 786 3255 illi
823 3217 881 3264 sas,
908 3217 978 3267 quae
1003 3204 1126 3266 coniungi
1151 3217 1205 3254 444
1230 3207 1345 3270 possint;

260 3272 400 3334 conquesti
415 3276 492 3334 sunt,
510 3275 575 3324 setis
587 3277 710 3338 providit.
729 3279 784 3328 lnm
823 3289 911 3340 neque
928 3290 993 3327 vero
1006 3276 1048 3327 vel
1062 3289 1146 3328 unum
1157 3279 1231 3342 apud
1243 3283 1346 3350 14444444
1453 3325 1454 3342 ,

259 3347 375 3398 Britanni
392 3348 544 3398 coniectura
563 3355 637 3400 44444
652 3352 786 3415 signitica—
823 3354 967 3416 scriptores
984 3350 1072 3401 locurn
1090 3355 1209 3414 exstare,
1229 3367 1283 3418 quc
1298 3359 1345 3403 tor·
1453 3349 1454 3364 *

259 3424 302 3471 ret
325 3434 384 3472 rem
406 3435 517 3486 prorsus
542 3423 676 3476 tortuitam
697 3429 726 3477 et
748 3433 785 3478 ter
821 3441 869 3477 444
891 3425 1003 3477 metallis
1026 3425 1195 3477 elaborandis
1217 3428 1345 3478 adhihea-
1453 3427 1454 3492 3

258 3500 332 3546 44444
353 3496 418 3546 satis
438 3497 598 3548 inconcinne
621 3499 723 3551 dictam
745 3503 784 3551 vi-
823 3504 873 3551 tur.
899 3503 949 3550 Fen
967 3501 1155 3551 affertldtruv.
1169 3502 1211 3563 40,
1226 3503 1270 3552 444
1289 3503 1343 3552 4444-
1453 3531 1454 3560 r

258 3568 345 3620 detur.
373 3572 505 3633 perquam
522 3585 587 3622 vero
611 3570 718 3636 languet
735 3588 784 3639 pe·
821 3575 870 3625 4444
890 3576 994 3625 mosceti
1014 3589 1047 3625 44
1069 3589 1141 3637 cere,
1168 3580 1243 3626 44444
1255 3577 1339 3638 politi,

258 3642 432 3704 destremqne
449 3645 597 3695 orationem
612 3647 783 3698 nimisredo-
822 3652 849 3699 et
873 3651 1047 3700 instrumenta
1074 3650 1197 3713 4444444,
1227 3651 1263 3700 nh
1287 3653 1340 3715 ipso

258 3715 295 3766 let
305 3717 401 3777 Gnyeti
415 3717 549 3779 44444444,
568 3733 583 3768 4
601 3722 721 3772 44444444
738 3737 783 3774 re-
820 3725 919 3773 llomee
931 3723 1006 3786 viss.)
1017 3748 1046 3759 -
1058 3723 1162 3788 4444444]
1173 3723 1208 3774 ah
1219 3738 1262 3784 eo,
1272 3722 1337 3787 quod

257 3791 376 3852 4444444,
388 3803 443 3853 quo
450 3792 536 3842 verbo
546 3793 568 3842 44
585 3793 707 3846 llorelius
717 3809 782 3848 usus
820 3795 946 3848 dicchont
962 3798 1045 3849 stilum
1056 3804 1165 3848 certem
1186 3801 1303 3849 emutare
1313 3799 1336 3846 44

256 3865 341 3924 esset,
370 3875 451 3914 nemo
475 3878 594 3929 unquam
620 3869 646 3918 in
671 3874 784 3921 44444444
820 3873 980 3934 corrigere.»
994 3899 1021 3910 -
1036 3871 1334 3936 444-4444441444-

256 3938 401 3997 tnutnssst,
423 3938 473 3988 sed
489 3938 525 3988 illi
544 3942 600 3991 tam
616 3943 728 4005 triviale,
754 3948 783 3994 nt
820 3945 885 3995 dent
907 3947 974 3995 hsec
996 3959 1028 3995 ex
1047 3947 1154 3996 notione
1171 3945 1331 4010 prohibendi.

256 4023 319 4062 cum
339 4009 462 4062 iuvenale
484 4011 590 4076 loquar,
612 4015 727 4066 verbnm
751 4031 782 4066 o·
820 4031 889 4082 quae
915 4021 984 4070 inest
1006 4021 1032 4070 in
1049 4019 1139 4070 verbis
1156 4021 1258 4071 44444444
1272 4020 1332 4069 ultro

256 4097 333 4136 mnes
351 4087 485 4150 patienter
505 4087 684 4152 reliquissent.
714 4091 781 4142 Nihil
818 4095 921 4144 4444444
938 4095 989 4144 cet.
1009 4095 1061 4144 Sal.
1075 4095 1100 4156 4,
1113 4093 1138 4156 3,
1152 4094 1197 4145 ln:
1215 4093 1329 4152 44444444,

256 4160 347 4210 tamen
362 4162 393 4210 44
408 4162 528 4222 taceam,
547 4164 641 4215 Gonod
657 4175 711 4214 non
722 4165 781 4216 sine
816 4169 978 4232 pereasqce'c
987 4169 1095 4232 fortiter,
1108 4169 1211 4218 444444.
1228 4167 1267 4219 Ad
1277 4178 1329 4217 444·

255 4229 341 4294 aliqaa
352 4235 409 4284 veri
425 4237 529 4301 specie,
549 4237 651 4290 lortiter
662 4239 779 4292 innititur
820 4243 928 4292 44444444
946 4242 1016 4294 4444.
1029 4243 1084 4294 Cic.
1097 4241 1130 4292 44
1144 4245 1195 4294 444.
1207 4241 1245 4304 44,
1257 4242 1294 4300 ro.
1305 4239 1326 4288 l:
