2925 4892
287 389 350 457 sae
667 390 796 443 aonam
813 389 993 443 sarmium

330 550 432 615 Pasco
454 546 560 613 libatis
582 544 731 633 dapibus.
774 548 874 613 Prout
894 546 1014 634 cuitpae
1035 545 1136 613 libido
1157 557 1222 622 est,

330 668 436 735 Sicoat
458 665 646 754 inaequales
668 666 787 735 calices
809 668 945 735 conviva
966 667 1091 735 solutus

330 788 469 877 Legibus
492 788 628 865 insanis,
653 808 711 855 seu
736 788 810 876 quis
831 788 917 876 capit
937 790 1026 857 acria
1046 788 1137 856 fortis

330 910 450 978 Pocula
472 930 531 977 seu
555 909 690 977 modicis
713 908 837 977 uvescit
858 908 982 977 laetius.
1025 911 1110 998 Ergo
1329 912 1366 976 ic

330 1032 444 1099 Sermo
467 1030 581 1108 oritur,
606 1052 669 1099 non
691 1031 734 1097 de
754 1029 838 1097 villis
860 1030 1051 1099 domibusve
1073 1030 1200 1109 alienis,
1269 1099 1271 1102 .

328 1155 396 1220 Nec
411 1152 495 1220 male
513 1173 615 1220 necne
630 1154 737 1240 Lepos
752 1152 860 1232 saltet,
884 1153 960 1230 sed,
976 1151 1065 1241 quod
1078 1153 1181 1240 magis
1195 1152 1238 1219 ad
1251 1172 1310 1219 nos

328 1274 471 1341 Pertinet
492 1284 524 1341 ct
545 1274 672 1341 nescire
694 1272 814 1340 malum
836 1284 900 1351 est,
923 1273 1095 1361 agitamus:
1117 1284 1267 1341 utrumne

328 1395 452 1463 Divitiis
474 1394 634 1473 homines,
663 1416 703 1461 an
726 1395 789 1461 sint
810 1395 927 1463 virtute
947 1394 1050 1476 beaii3

351 1640 391 1691 67.
409 1640 493 1704 honi]
511 1639 573 1690 Ocni
588 1644 616 1689 ut
633 1652 648 1689 e
666 1639 731 1691 Cod.
752 1638 868 1691 Coibert.
887 1637 1030 1691 Bentleius.
1050 1640 1087 1702 (in
1098 1656 1116 1690 κ
1128 1638 1187 1703 evii.
1197 1652 1248 1701 pro
1261 1643 1303 1691 est
1318 1654 1333 1691 a
1356 1680 1363 1691 .

317 1726 398 1765 manu
410 1713 538 1774 secunda,
550 1716 611 1779 post
623 1712 790 1766 manifestam
801 1714 942 1777 mauram.)
957 1740 984 1753 -
997 1716 1038 1766 iii.
1049 1715 1168 1766 minuat
1176 1717 1222 1776 c,t.
1236 1715 1336 1779 (anemii

317 1788 353 1839 bs
371 1790 399 1839 ei
415 1788 533 1852 quinque
551 1788 684 1851 Potuerii.)
705 1814 730 1827 -
752 1789 792 1839 72.
811 1789 862 1840 Noc
878 1801 1012 1853 superscr.
1029 1790 1068 1839 An
1083 1790 1110 1839 S.

283 2012 350 2077 Epp.
367 2010 396 2072 2,
419 2010 448 2072 ἱ,
466 2010 501 2073 ti.)
521 2034 549 2046 -
573 2008 664 2072 libatis]
683 2010 714 2061 iii
737 2009 805 2069 dixi,
843 2011 870 2060 in
883 2010 981 2073 pondis
992 2009 1166 2073 ponebatur,
1184 2010 1367 2075 memorac-

283 2085 481 2149 «iemperanter
496 2083 672 2147 degustabam
692 2096 759 2142 non,
777 2084 807 2132 ui
842 2084 1004 2147 temerabat.
1038 2086 1100 2150 ipse
1116 2086 1181 2136 Cato
1194 2086 1257 2149 (Cic.
1271 2085 1369 2138 dese·

282 2158 324 2210 aiii
341 2156 445 2209 volunt:
469 2170 515 2207 aex
534 2156 631 2221 quibus
649 2156 806 2220 particulam
843 2160 914 2208 nect.
928 2157 971 2219 ii,
985 2158 1046 2222 lbi:
1059 2161 1102 2209 iis
1112 2172 1170 2209 cero
1182 2160 1218 2223 (in
1228 2160 1366 2222 conviviis)

282 2234 329 2285 Dis
354 2231 497 2283 Penatibus
522 2229 627 2281 libavi.»
656 2232 753 2281 Vinum
772 2244 806 2281 ex
841 2236 866 2282 et
888 2233 1035 2296 ampitioria
1059 2235 1180 2286 doixtmti
1195 2248 1214 2284 a
1228 2234 1368 2285 maioribus

281 2309 390 2372 patera,
421 2317 473 2356 non
500 2305 575 2356 cibos
599 2303 726 2355 libabant.
765 2305 804 2357 cf.
841 2308 1192 2371 calumniosamque
1206 2310 1368 2359 mencio

281 2381 474 2446 inplent,
493 2380 538 2429 90:
556 2380 807 2443 iiie--intsrpcte-
840 2394 900 2431 neo
915 2395 1044 2433 omno
1064 2383 1196 2434 aditibuw
1214 2385 1242 2432 in
1258 2384 1366 2446 poneba.

280 2462 365 2507 rosei
382 2454 807 2518 ieoicpooaiasoiponolibuoii·
842 2456 1026 2519 cunisam,
1043 2459 1073 2519 2,
1092 2458 1150 2509 ⁴23.
1170 2458 1288 2523 -capiti
1307 2472 1368 2510 «su-

281 2531 365 2594 dupcs.
841 2531 902 2590 mit,
922 2529 1022 2593 eligit,»
1043 2544 1110 2592 nou,
1137 2533 1167 2582 ut
1183 2530 1238 2582 alii:
1266 2546 1369 2597 «capax

313 2604 397 2655 iii-iti.
416 2602 500 2668 Proca
518 2604 644 2667 scriptori
662 2604 728 2655 Ccd.
742 2602 805 2655 Col·
842 2605 884 2653 eat
893 2605 1027 2655 acriorum
1042 2604 1227 2669 poculorum·
1241 2630 1270 2643 -
1283 2607 1367 2673 amic]

279 2680 349 2731 bert.
363 2692 425 2731 cum
442 2680 566 2729 vidosum
578 2678 714 2729 videretur
727 2684 806 2741 prom
842 2678 996 2740 ugreudiaza
1022 2678 1065 2729 aiii
1090 2678 1169 2730 simul
1189 2680 1311 2730 reierunt
1331 2681 1369 2731 ad

279 2752 507 2817 monosyllabum,
532 2751 669 2804 substituit
689 2766 747 2803 nan
761 2757 803 2814 at,
840 2752 933 2802 unum
955 2753 1103 2814 meracius,
1130 2766 1194 2804 cum
1219 2753 1368 2805 timidiores

279 2830 351 2895 quod
379 2829 505 2892 imposuit
532 2826 660 2879 Bentleio.
701 2826 804 2879 ileadio
841 2824 948 2876 dilutius
964 2829 1112 2877 sumerent.
1148 2824 1274 2877 Similiter
1294 2840 1370 2878 corat

279 2916 386 2969 quoque
409 2903 492 2965 (Ture.
511 2902 554 2952 iV.
573 2914 600 2965 p.
619 2901 686 2964 627.)
710 2900 803 2951 «valde
836 2905 938 2962 paura
962 2899 1039 2961 dixit,
1066 2900 1112 2964 qui
1136 2901 1226 2951 colim
1250 2904 1371 2965 poscunt

278 2976 391 3028 dubium
407 2974 525 3035 videtur,
552 2987 587 3024 an
605 2976 734 3026 lioraiius
750 2974 803 3025 hoc
839 2976 955 3036 Μαίονος,
974 2976 1069 3035 Sam,
1088 2974 1117 3036 8,
1136 2975 1168 3025 35
1182 2987 1223 3038 sq.
1239 2975 1367 3037 -tortial

279 3048 410 3100 vocabulo
444 3047 619 3110 (carminibus
652 3061 705 3099 non
739 3048 803 3099 satis
841 3048 994 3100 «conlidens
1009 3062 1040 3100 se
1057 3048 1218 3099 inebriatum
1235 3060 1290 3099 non
1306 3049 1371 3099 iri.»

278 3126 353 3189 apto,
372 3135 423 3172 nec
439 3121 590 3172 tantumob
609 3120 734 3183 formam,
752 3122 802 3173 aad
841 3149 870 3159 —
903 3123 1007 3189 auexit]
1035 3121 1179 3187 ammaum
1211 3123 1304 3173 widun
1338 3122 1371 3172 fit

277 3199 357 3249 edam
374 3198 485 3260 propter
501 3194 801 3259 notionisstcriiiiatem)
840 3197 896 3259 (od.
917 3198 946 3260 2,
971 3198 1016 3259 49,
1040 3197 1080 3248 iii.
1107 3197 1137 3259 i,
1159 3199 1189 3259 o,
1212 3196 1275 3260 39.i,
1292 3196 1370 3249 bene

277 3282 406 3334 umquam
423 3282 488 3320 usus
505 3270 610 3321 luerit.»
631 3292 658 3305 -
672 3269 748 3319 iibido
758 3270 801 3334 ast]
838 3275 948 3335 potusp·
974 3269 1054 3335 gloss.
1073 3274 1116 3324 est
1138 3272 1257 3322 itum
1278 3271 1368 3322 Codd.

277 3346 409 3397 ilonesius
435 3344 462 3395 in
486 3342 591 3395 anthol.
616 3342 696 3394 Paiat.
720 3344 752 3393 ΙΙ.
772 3356 800 3407 p.
839 3343 900 3409 aliq.
914 3346 967 3396 Cir.
981 3345 1081 3397 iieinsii
1096 3346 1239 3397 Adversas.
1258 3359 1287 3410 p.
1306 3346 1369 3397 iot.

276 3419 339 3471 33³:
357 3414 391 3469 τὸ
408 3416 431 3469 d*
448 3414 583 3470 ὁππόσον
600 3414 655 3485 ἡδὺ
673 3416 802 3482 ποθῆναι
841 3445 869 3455 -
886 3418 964 3482 lirae]
983 3421 1111 3484 «Propter
1127 3421 1197 3470 hauc
1213 3421 1302 3483 ipsam
1324 3419 1372 3469 hi·

275 3494 387 3565 Μέτρον
398 3492 463 3561 ἐμοὶ
475 3490 572 3560 πάσης
582 3487 685 3565 ἄρκιον
696 3487 801 3564 enimpo-
838 3491 970 3543 laritatem
993 3495 1074 3557 atque
1099 3491 1200 3544 liberae
1223 3496 1372 3558 compota·

276 3565 376 3633 σύνης.
392 3598 419 3607 -
432 3570 516 3621 Siccat
530 3570 593 3632 oet]
606 3572 675 3619 «Suo
686 3570 801 3632 quisquc
839 3568 916 3618 lionis
938 3567 1131 3619 iucunditatem
1155 3568 1199 3627 lit,
1225 3570 1255 3617 ut
1280 3566 1372 3619 solitis

275 3642 404 3693 arbitratu
422 3642 506 3694 ebibit
523 3642 617 3707 pocula
635 3643 739 3692 minora
756 3644 803 3691 aui
838 3640 1032 3705 acvolgaribus
1046 3640 1096 3693 iilis
1106 3642 1294 3693 conviviorum
1306 3654 1373 3694 ser-

277 3717 390 3775 maiora,
412 3715 511 3767 libera
531 3715 650 3768 molestis
669 3714 719 3766 iliis
735 3714 802 3778 legi·
837 3715 963 3767 monibus
971 3729 1109 3780 nunquam
1116 3720 1233 3779 utamur,
1245 3716 1375 3766 inviden-

277 3788 344 3850 bus,
363 3803 430 3855 quaes
448 3788 674 3863 συμποσιάρχης
692 3792 748 3855 (rex
757 3789 801 3840 bi·
838 3793 879 3841 tes
889 3789 947 3842 aliis
959 3790 1067 3855 praedia
1079 3792 1190 3851 maiora,
1202 3789 1245 3841 vei
1256 3790 1292 3840 de
1301 3802 1375 3855 pan·

275 3861 366 3927 bandi)
385 3864 418 3915 de
436 3878 549 3916 numero
562 3878 594 3915 ac
610 3876 738 3916 mensura
754 3877 803 3929 po·
838 3866 1010 3915 iomimorum
1026 3864 1129 3917 artiiius
1145 3866 1281 3916 internos
1299 3877 1375 3915 con-

277 3938 398 3990 culorum
421 3937 485 3988 alias
508 3940 626 3990 convivis
643 3938 751 3989 dictat.»
772 3964 800 3975 -
838 3939 1006 3991 tendentes.»
1032 3940 1085 3990 Cir.
1099 3940 1180 3990 etiam
1191 3939 1269 3990 liend
1286 3940 1372 3990 Tura.

276 4012 381 4077 maiam
397 4011 501 4077 imane]
518 4012 573 4062 Cic.
592 4012 669 4063 verr.
687 4015 749 4063 icc.
768 4013 799 4072 ii,
838 4014 869 4064 11.
889 4026 915 4078 p.
928 4013 986 4064 ici.
1007 4040 1034 4051 -
1052 4014 1276 4083 Lapatianomea
1300 4014 1376 4065 insi-

277 4086 323 4147 ti,
341 4084 386 4135 28:
403 4085 452 4135 isia
467 4086 533 4135 enin
544 4092 803 4148 prcoiorsoomttcc
839 4089 897 4151 gnis
908 4086 1041 4139 saltatoris
1053 4088 1162 4139 Caesari
1179 4089 1260 4153 grati,
1279 4088 1378 4138 archi-

276 4160 393 4224 diiipons,
418 4160 461 4222 qui
478 4160 566 4223 popuii
583 4162 611 4211 it.
625 4160 719 4224 kpibtu
733 4174 802 4210 aun-
839 4162 926 4223 mimi,
944 4163 990 4225 qui
1006 4162 1046 4213 sio
1057 4161 1206 4227 appellatus
1216 4164 1271 4222 est,
1292 4162 1377 4226 quod

277 4246 355 4297 cumn
370 4234 509 4297 pambas,
535 4233 584 4283 iiiia
603 4234 708 4297 lapibus,
736 4248 802 4298 quiae
838 4237 953 4288 mccnde
979 4239 1007 4287 et
1030 4234 1146 4287 molliter
1169 4234 1281 4287 saltaret
1309 4234 1378 4287 elo-
