2925 4892
260 357 324 424 230
640 356 769 408 nonani
787 354 967 408 sirmaauu

304 514 431 581 Emovit
450 522 596 580 veterem
616 512 698 578 mire
719 531 839 588 novus,
863 517 899 576 ut
919 507 1018 584 solet,
1042 508 1073 574 in
1096 526 1154 575 oor

302 636 449 704 Traieoto
471 633 581 702 lateris
601 634 712 702 miseri
734 632 890 720 capitisve
912 629 1040 708 dolore,

303 757 344 826 Ut
363 755 559 845 lethargicus
582 755 635 824 hic
655 776 732 822 oum
752 754 788 821 fit
810 751 898 842 pugil
918 761 951 819 et
972 750 1136 820 medicum
1157 759 1261 838 urget.
1307 751 1350 816 30

303 881 388 944 Dum
408 898 451 945 na
466 877 546 966 quid
560 876 665 944 simile
679 877 769 954 huic,
793 885 864 944 esto
878 874 1015 942 utlibet.
1049 874 1078 940 Ο
1094 870 1194 950 bona,
1218 892 1260 939 ne
1274 880 1307 938 te

303 1003 488 1079 Fmstrere;
511 998 632 1065 insanis
655 1006 688 1064 et
707 1006 743 1064 tu
764 997 916 1085 sanaque
938 1016 1041 1084 propa
1063 1015 1193 1071 omnes,

303 1121 337 1188 Si
360 1120 440 1210 quid
461 1119 632 1186 Stertinius
653 1118 722 1186 vari
745 1128 871 1206 crepat,
895 1116 983 1184 unda
1006 1137 1067 1204 ego
1088 1116 1169 1183 mira

326 1337 368 1389 ιιι.
385 1337 524 1399 cupitisque
541 1335 579 1400 hp
596 1336 623 1385 et
640 1348 711 1386 corr.
730 1347 759 1398 o,
778 1335 839 1384 hcl.
871 1333 984 1398 (lituos,
1003 1333 1032 1395 S,
1051 1346 1104 1395 so,
1122 1345 1164 1397 pr.
1183 1333 1315 1384 oetEdd.

294 1412 357 1463 inde
375 1425 391 1462 a
407 1409 546 1476 Bentleio.)
559 1437 587 1447 ·-
601 1409 641 1461 33.
653 1423 742 1461 oanan
758 1407 794 1473 hp
812 1411 840 1460 et
855 1407 976 1474 plerique
993 1409 1118 1460 Pottieril.
1148 1407 1186 1472 (Ut
1202 1422 1265 1474 nos,
1284 1411 1318 1460 Sc

295 1490 323 1538 at
339 1487 456 1538 Pottiarii
472 1485 538 1548 sex.)

263 1676 353 1737 itaqua
368 1671 487 1738 loquitur
502 1686 556 1724 non
570 1673 605 1725 da
621 1671 789 1737 philosophia
826 1672 941 1723 Fortasse
956 1671 1063 1722 medicor
1072 1684 1117 1722 uos
1127 1683 1179 1722 erre
1188 1669 1351 1720 ahiham.

263 1749 349 1799 Stoica
379 1761 429 1812 per
453 1761 483 1799 se
512 1750 645 1812 spectata,
678 1750 708 1797 ut
734 1745 790 1797 volt
828 1747 1082 1811 -lutariaucloloral
1095 1742 1353 1815 signifieatnlaopt-

263 1823 464 1873 Commentator
475 1823 596 1887 erripuit,
615 1821 664 1873 sed
682 1821 716 1872 de
734 1821 789 1873 ler-
825 1819 1049 1883 uv.sat.l‚t‚32.
1061 1821 1141 1885 -hio1
1152 1819 1353 1884 «quemnam.-

262 1896 324 1947 vido
341 1894 385 1946 illo
402 1896 490 1947 studio
505 1910 537 1947 ex
553 1897 605 1946 hae
620 1895 787 1961 philosophia
825 1895 882 1946 Noli
894 1897 984 1946 autem
993 1909 1056 1947 cum
1067 1894 1269 1958 Diintzeropost
1279 1893 1354 1943 hanc

263 1973 335 2028 orto,
354 1983 407 2033 quo
424 1982 497 2020 nuno
513 1968 599 2020 aliena
616 1972 721 2034 negotia
740 1983 788 2020 ou·
824 1983 920 2022 vocem
949 1973 1083 2022 commate
1110 1970 1197 2034 posito
1223 1966 1354 2030 supplere

262 2045 316 2104 ret,
344 2056 414 2107 quae
439 2041 705 2114 πολυπραγμοσύνη
729 2044 788 2094 aliia
824 2045 987 2106 immutator,
1010 2045 1060 2096 sed
1081 2044 1166 2095 verba
1183 2044 1222 2094 sio
1241 2040 1351 2096 ordina:

263 2116 373 2169 lorsitan
397 2117 521 2168 videatur
547 2131 632 2170 novus
656 2117 786 2179 morbus,
827 2121 929 2170 illumi
951 2119 1101 2183 lethargicus
1116 2119 1156 2168 hio
1172 2118 1225 2169 eet.
1248 2143 1276 2152 -
1294 2129 1356 2166 mura

263 2191 309 2255 qui
330 2193 465 2255 insperato
481 2193 643 2242 successerit
661 2191 698 2242 illi
713 2205 788 2242 mer·
823 2197 852 2259 tte
870 2196 944 2258 propit
964 2196 1026 2260 oet]
1048 2194 1168 2257 lethargo
1189 2194 1216 2242 in
1233 2191 1356 2255 phrene-

241 2265 456 2322 ,caudistudio
477 2268 651 2317 -Ceterum
668 2280 702 2316 ne
721 2266 788 2317 haec
825 2271 988 2320 sinmutato.
1018 2270 1189 2332 lethargicus
1201 2263 1354 2316 istasubita

263 2339 695 2406 omnia(1ltqut·-urpal.)eum
717 2343 790 2392 llor-
826 2344 913 2394 morbi
945 2345 1100 2396 traiectione
1128 2336 1354 2408 (μεταστάσει),

264 2416 416 2480 geusternio
427 2418 455 2466 et
470 2415 560 2466 lahnio
577 2415 727 2467 tribuamus
739 2417 790 2467 llo-
825 2417 974 2480 medicum,
993 2419 1038 2482 qui
1050 2431 1113 2468 oum
1123 2417 1231 2468 homine
1244 2418 1355 2477 torpore

247 2489 343 2552 'ratio,
367 2493 440 2541 vetat
458 2489 578 2554 prolecto
599 2488 727 2556 particula
744 2492 790 2541 Λι-
826 2507 956 2558 oppresso
973 2493 1122 2544 reversari
1143 2493 1266 2557 opinatus
1283 2491 1355 2550 erat,

263 2567 320 2630 φιι,
345 2578 395 2630 pro
412 2578 479 2629 qua,
502 2566 525 2616 si
542 2566 610 2616 haec
627 2567 726 2617 lloratii
743 2580 789 2617 as-
827 2570 970 2632 improviso
987 2570 1018 2618 ut
1033 2567 1104 2632 pugil
1120 2566 1286 2630 aggrediturt
1306 2577 1356 2614 oo—

264 2644 337 2703 sant,
370 2641 433 2702 Sed,
465 2654 565 2704 aaran,
595 2643 788 2706 requireretur.
826 2643 927 2694 micum
944 2655 1009 2693 sane
1027 2640 1187 2705 exemplum.
1223 2640 1279 2689 lam
1299 2639 1357 2688 llo-

263 2718 406 2768 Praoterea
432 2716 467 2766 ita
490 2729 534 2766 ιν.
558 2717 709 2767 nonum
734 2717 791 2767 libet
826 2717 924 2777 ratius,
958 2715 1083 2780 «quidvis
1116 2713 1221 2774 aliud.»
1253 2714 1354 2776 inquit,

264 2790 410 2841 admodum
435 2789 605 2852 languerent,
631 2805 694 2843 oum
718 2804 790 2842 nuno
828 2789 891 2840 etthi
907 2791 1077 2854 permittens.
1096 2790 1242 2840 hoounum
1254 2787 1357 2852 depre-

263 2877 394 2929 parquam
411 2864 504 2914 lestive
516 2861 595 2936 sapui
611 2863 790 2935 προσδοκίαν
828 2877 887 2926 oar,
905 2877 939 2914 ne
951 2867 981 2914 ut
997 2864 1140 2916 morbosus
1156 2861 1199 2914 ille
1215 2862 1285 2927 pugil
1298 2875 1358 2914 me-

264 2938 441 3002 prolerantur.
487 2937 560 2989 llaec
592 2940 664 2989 enim
697 2941 790 3003 utique
828 2940 918 2991 dicum
935 2941 963 2989 tu
976 2935 1356 3002 quoquomamalamulcare

263 3012 437 3062 lloratiiauut
453 3023 542 3076 neque
558 3025 623 3064 varo
640 3027 703 3064 oum
723 3014 791 3066 hltil-
828 3015 964 3079 inoipiaa.»
986 3038 1016 3051 -
1042 3014 1110 3064 Dran
1133 3026 1165 3062 aa
1190 3013 1251 3074 quid
1274 3012 1359 3063 amus

263 3084 321 3135 lero
338 3086 365 3134 in
387 3084 470 3134 lahnii
485 3085 577 3136 Annal.
602 3088 689 3138 XXVI.
715 3089 788 3138 ⁴839.
827 3089 892 3153 huie]
910 3089 937 3138 in
954 3100 998 3138 me
1015 3086 1074 3149 liat,
1101 3093 1152 3138 arto
1170 3087 1272 3150 (tertiae
1289 3099 1357 3150 per-

263 3172 291 3224 p.
312 3158 371 3210 206.
389 3157 501 3222 alliaque
522 3161 685 3226 Damasippo
710 3162 790 3213 tribui
828 3164 940 3226 sonae).
966 3167 995 3212 ιιι
1021 3161 1092 3223 litet,
1121 3175 1193 3226 moy
1217 3173 1248 3212 er
1271 3161 1355 3221 reto,

263 3236 385 3297 possunt.
431 3234 512 3285 ilecto
537 3236 627 3286 autem
652 3235 790 3287 laeohsiua
827 3252 894 3288 was
910 3241 949 3289 da
964 3237 1038 3288 will.
1060 3264 1087 3273 —
1107 3237 1127 3286 0
1144 3237 1205 3286 omia
1222 3236 1286 3300 est]
1307 3235 1356 3284 Vi-

263 3307 407 3371 significat,
426 3309 454 3358 in
465 3306 603 3370 omuibus,
622 3322 691 3373 quaa
708 3311 791 3361 liora·
827 3313 877 3364 des
894 3311 1031 3364 lloratium
1048 3323 1098 3375 per
1108 3313 1194 3362 totum
1211 3311 1264 3361 hoe
1274 3307 1358 3360 eollo·

263 3383 315 3435 tius
336 3383 364 3433 in
383 3383 435 3434 hao
455 3384 540 3434 Satira
556 3397 590 3434 ax
606 3398 654 3436 sua
674 3399 789 3450 persona
827 3388 921 3450 quium
932 3385 985 3436 leni
995 3397 1105 3449 semper
1115 3385 1235 3436 irrisione
1247 3385 1273 3435 in
1284 3384 1358 3434 Stoi-

263 3457 390 3523 proterat,
397 3460 559 3510 eumnesoio
569 3471 651 3523 quam
661 3461 791 3512 ironicam
828 3475 890 3513 oum
906 3474 984 3512 usum
1003 3470 1077 3512 esse:
1096 3461 1141 3510 hio
1156 3473 1222 3510 vero
1239 3473 1273 3510 ex
1284 3459 1357 3508 Stoi-

263 3532 424 3584 hrevitatem
441 3535 565 3584 secutum
581 3547 653 3586 asse.
710 3595 714 3600 ,
827 3549 921 3587 eorum
938 3536 1050 3586 istorum
1061 3535 1233 3596 moreserio,
1252 3535 1282 3583 ut
1296 3534 1356 3597 lpse

295 3607 384 3658 stt-al.
410 3606 463 3670 cor]
480 3610 510 3658 ut
526 3609 662 3660 interdum
676 3607 789 3680 καρδία,
828 3609 922 3662 saltam
940 3611 1077 3674 opinatur,
1096 3621 1222 3659 sermone
1235 3607 1358 3670 aggredi·

263 3683 291 3731 h.
307 3680 324 3730 ι.
342 3693 372 3730 os
388 3682 535 3733 ventriculi.
572 3685 625 3735 (ιιι.
641 3699 667 3737 v.
689 3685 745 3735 llil.
762 3713 789 3722 —
829 3688 872 3736 tur
896 3684 1042 3736 lloratium.
1087 3683 1221 3734 Transitus
1247 3684 1355 3744 autam,

263 3754 377 3818 traiecto]
391 3757 526 3819 «proprim
551 3759 586 3808 ita
604 3761 676 3810 enim
693 3760 792 3812 medici
829 3761 852 3811 si
877 3759 976 3824 ubique
1000 3757 1058 3810 talis
1080 3759 1105 3808 in
1127 3757 1278 3809 huiusmodi
1296 3769 1358 3808 ser-

264 3830 383 3880 dicunt.»
400 3831 493 3881 Poma.
510 3831 727 3897 (μεθιστασιιαι,
739 3850 793 3899 με·
829 3835 954 3886 monibus
977 3831 1149 3886 lamiiiarihua
1172 3831 1358 3896 anquirendus

263 3901 424 3967 τώστωσις.)
444 3931 471 3941 -
488 3906 582 3971 miron]
604 3909 679 3968 Quod
697 3912 793 3961 Graeci
830 3912 884 3972 eat,
903 3910 946 3960 hio
964 3908 1019 3960 lara
1037 3909 1100 3959 erit:
1119 3906 1187 3958 «sad
1204 3908 1272 3958 haec
1289 3907 1358 3958 hao-

263 3973 315 4029 rov
331 3974 422 4029 τόκον
439 3978 605 4031 πεπονθότα
620 3983 726 4044 dicunt,
747 3985 794 4035 La·
831 3988 915 4036 uuus.
950 3986 1005 4034 lam
1023 3982 1057 4033 ad
1078 3995 1137 4033 rem
1158 3983 1256 4046 ipsam,
1285 3994 1359 4044 quae

263 4055 310 4105 tini
321 4054 450 4104 miserum
462 4053 564 4116 locum,
583 4055 610 4106 id
622 4059 677 4117 est,
695 4057 791 4109 morbo
831 4059 895 4110 mihi
914 4060 1029 4112 manime
1047 4057 1121 4110 cordi
1138 4058 1192 4118 ast,
1220 4058 1243 4106 si
1268 4054 1360 4120 placet

263 4128 397 4179 allectum.
432 4127 516 4180 Plaut.
535 4131 617 4181 Poen.
637 4134 666 4192 ιι,
691 4133 720 4194 ι,
741 4131 790 4184 la:
831 4136 996 4186 veniamus.»
1021 4133 1119 4184 olona
1136 4133 1227 4182 autem
1245 4129 1359 4182 lamilia·

262 4205 382 4254 ιιιιιινιιιιι
397 4217 448 4256 asso
460 4205 596 4267 ριαιιιιοιιι
611 4206 714 4258 tuorum
730 4206 792 4258 riht:
830 4210 866 4259 ris
884 4209 971 4273 potius
989 4220 1071 4272 quam
1087 4207 1186 4258 ironioa
1197 4207 1239 4258 eat
1255 4203 1359 4256 alloru-
