2925 4892
498 307 565 400 lun.
586 353 604 400 1.
640 350 742 402 Enisa.
762 354 782 402 Ι.

152 507 182 574 si
203 509 321 595 possis,
345 517 447 584 reete,
471 507 498 573 ei
520 528 599 586 non,
624 527 821 596 quoeunque
843 509 1046 585 modorum,

151 631 186 698 Ut
206 630 340 718 propius
362 638 491 717 spectes
514 628 684 696 lacrimosa
706 638 858 718 poenmta
878 632 976 719 Pupi,

150 755 193 818 An
214 751 270 838 qni
293 754 452 818 Fortunae
474 760 506 818 te
530 771 726 840 responsare
748 752 911 840 superbae

150 873 297 940 Liberum
318 882 352 938 et
373 882 519 940 erectum
540 893 697 961 praesens
719 872 865 940 hortatur
885 883 919 940 et
939 877 1050 962 optat?

151 994 270 1073 Quodsi
293 1015 346 1061 me
368 993 508 1082 populns
531 996 694 1062 Romanus
716 994 797 1062 sorte
818 1006 924 1083 roget,
948 1017 1008 1064 our
1149 1001 1190 1064 70

149 1117 229 1193 Non,
253 1125 290 1182 ut
311 1113 505 1203 porticibus,
529 1117 577 1183 sio
598 1115 726 1184 iudiciis
749 1116 837 1183 fruar
859 1116 977 1196 isdem,

169 1257 207 1307 ot.
225 1259 306 1320 hippi
322 1258 412 1319 e,LCt.
431 1257 503 1321 (Pupi
520 1258 546 1319 S,
563 1255 620 1324 βγιι
642 1259 669 1308 et
684 1271 725 1322 pr.
744 1258 784 1322 d.)
803 1287 830 1295 -
850 1259 891 1310 68.
912 1260 1015 1322 apen
1040 1261 1158 1312 malebat

143 1331 291 1384 Lambinus.
314 1359 341 1368 -
361 1332 401 1383 69.
420 1337 490 1396 optat
507 1334 545 1383 Lt.
566 1359 593 1370 ·-
613 1333 653 1382 nt.
671 1337 700 1382 ot
716 1345 851 1397 superent.
870 1332 927 1384 uvel
943 1336 985 1384 in»
1003 1337 1029 1386 S.

113 1454 134 1502 in
149 1453 282 1504 orchestra
300 1454 532 1515 intereenntoree‚
553 1452 628 1504 iabu-
659 1466 810 1516 pareamus,
833 1460 861 1504 ut
875 1456 994 1519 {ortonae
1009 1459 1190 1508 contumaciter

112 1527 144 1578 las
158 1531 290 1592 specten-
319 1553 347 1564 -
375 1541 521 1591 proauoque
544 1531 626 1597 modo]
663 1529 816 1579 resistamns.
836 1556 865 1566 -
884 1531 1013 1596 ropertoe]
1030 1530 1126 1582 Sainst.
1140 1534 1190 1583 Co-

112 1604 201 1653 Seneoa
222 1603 310 1667 Epist.
332 1605 394 1653 tto:
420 1604 478 1654 Non
502 1617 582 1666 qatore
605 1610 627 1654 et
664 1601 700 1652 til.
714 1602 760 1652 53:
779 1605 1131 1668 myrenorum-(poputum
1141 1607 1190 1656 ito·

111 1679 181 1736 undu
204 1679 266 1738 qued
284 1677 391 1739 babeat,
409 1683 509 1728 monim
524 1683 624 1743 repant.
664 1677 780 1741 monum)
792 1691 866 1740 saepe
880 1680 999 1741 [ortonae
1013 1681 1189 1730 violentiam

113 1752 627 1817 -tacn'mosapot'motoi’optil’erquem
664 1753 815 1803 toteraoioe.
851 1755 894 1804 Sic
919 1755 1029 1804 Victoria
1048 1756 1120 1819 opud
1145 1757 1189 1807 Ti·

111 1824 170 1876 salae
193 1819 233 1890 ὥς
258 1825 294 1878 ἐν
318 1822 434 1898 παρόδῳ
459 1827 529 1877 ridet
553 1827 627 1891 nupti
663 1826 727 1878 huit.
742 1829 813 1887 Μ,
829 1826 875 1879 bb:
893 1829 954 1878 aiva
965 1829 1080 1890 werbe.
1095 1843 1190 1880 -eru-

111 1898 185 1952 totilae
209 1901 379 1966 tragoedias,
406 1901 504 1966 quibus
528 1900 571 1952 ille
597 1915 626 1952 se
663 1903 739 1966 otwn]
767 1903 821 1952 Cic.
843 1915 892 1966 pro
917 1905 1042 1954 Deiotaro
1068 1904 1112 1965 43,
1139 1906 1186 1955 36:
1231 1957 1234 1963 ,

111 1977 282 2038 spectatorum
309 1977 421 2028 affectos
446 1977 562 2028 movisse
584 1975 627 2026 vel
663 1979 759 2040 Mopno
779 1978 864 2027 onim
881 1983 904 2027 et
925 1984 1006 2028 erecto
1023 1985 1058 2029 eet
1077 1993 1122 2029 nec
1138 1993 1188 2029 on·

111 2049 257 2112 opinabatur
268 2051 470 2111 tantummodo,
480 2049 523 2101 vel
531 2063 626 2114 reapse
664 2065 742 2113 quam
758 2052 897 2101 nominet
912 2054 1032 2115 toirntce's,
1058 2068 1090 2104 ne
1104 2055 1188 2118 fortn-

111 2123 249 2187 imperitnm
286 2125 422 2191 popellum
454 2125 505 2176 sibi
533 2125 624 2176 aiilere
662 2141 711 2176 nae
727 2128 834 2189 quidem.
869 2128 1016 2178 Soneoade
1033 2130 1091 2179 Vita
1108 2127 1188 2179 beate

111 2202 230 2261 coegerat.
266 2201 335 2260 Quis
352 2200 443 2262 inerit,
462 2199 570 2264 qnando
584 2198 626 2249 vi·
663 2202 687 2252 t.
717 2201 826 2252 beatam
852 2203 935 2254 vitam
964 2203 1057 2254 definit
1083 2205 1189 2254 tiberem

111 2274 179 2334 ierit,
196 2275 366 2338 ignoramus3
392 2275 441 2326 nisi
459 2275 532 2338 quod
550 2274 626 2324 vide-
662 2277 776 2326 antmnm
792 2281 816 2327 et
831 2283 940 2326 errem
957 2283 981 2327 et
996 2279 1139 2328 interritum
1155 2292 1188 2328 oc

111 2351 146 2396 tnr
165 2349 260 2399 Horatii
290 2349 408 2413 aequalis
433 2349 527 2410 inisse,
555 2347 626 2399 nulia
661 2352 787 2412 atomum,
804 2355 881 2400 aetra
895 2358 999 2413 metten,
1022 2357 1099 2403 extra
1114 2354 1187 2415 copt-

110 2422 188 2471 tamen
199 2436 260 2474 cum
274 2437 310 2473 eo
322 2424 427 2475 innotus
439 2422 623 2474 familiaritate.
662 2426 765 2475 atatem
779 2425 896 2487 portam.
917 2453 945 2462 -
961 2427 1089 2491 praeterr]
1101 2440 1187 2478 «nun-

111 2494 321 2548 WeiobertPottt.
335 2499 489 2562 batpato.
501 2497 625 2548 Weloker
662 2513 744 2564 quom
760 2500 788 2550 te
805 2500 948 2559 deserens,
968 2513 1077 2565 semper
1093 2514 1187 2564 prom·

110 2583 142 2630 nr.
162 2571 302 2635 Trapedtm
318 2586 344 2636 p.
367 2573 439 2624 tiae.
463 2571 624 2623 Soboiiastao
661 2576 723 2638 ptue
740 2573 775 2622 ad
792 2576 818 2622 to
836 2572 1036 2624 adimendum·
1058 2599 1085 2609 -
1105 2576 1185 2641 aptot]

111 2643 207 2705 quidem
232 2650 361 2706 narrant,
388 2659 452 2697 eum
476 2646 528 2697 sibi
552 2648 624 2698 huno
663 2651 770 2711 mptum
779 2646 814 2696 ed
823 2647 1046 2710 memorandum,
1060 2648 1187 2699 idoneum
1292 2708 1296 2718 Ι

30 2743 31 2750 ι
110 2723 284 2784 composuisse
297 2720 417 2772 titulum:
435 2721 624 2772 &mantici
660 2720 695 2772 ad
713 2723 766 2772 hoo
777 2722 913 2771 certamen
925 2719 1025 2780 reddit,
1044 2722 1116 2771 vires
1128 2724 1186 2771 tone

110 2793 203 2845 obem
225 2797 283 2846 noti
304 2801 410 2846 mortem
433 2810 529 2847 mom:
557 2797 625 2846 Nom
660 2795 993 2858 eouensatqneaugens.»
1019 2796 1187 2846 Constmotio

108 2870 202 2930 ροριιὶιιε
220 2873 248 2921 in
264 2884 308 2920 me
327 2871 385 2920 otoo
406 2871 563 2922 berintum
580 2869 622 2933 (al.
659 2875 910 2934 responsare-aptat
925 2867 1127 2921 occultaturvoi
1138 2871 1188 2920 nni-

30 2993 31 3010 ,
110 2941 249 3010 Ιαιτὶιιιιιιιὶι)
266 2946 344 2995 rotis:
370 2945 443 3009 quod
467 2948 557 2996 umen
573 2957 624 3009 po-
660 2946 960 3010 tigatnrinterpositou
972 2946 1098 3007 hortator,
1111 2946 1185 3010 quod

112 3017 155 3068 tion
180 3019 289 3070 videtur
318 3021 438 3070 iocosum
469 3021 495 3070 in
521 3033 584 3070 eum
608 3033 623 3070 a
659 3023 749 3086 ipsum
761 3021 789 3070 in
800 3032 881 3084 proso
895 3020 1015 3070 oratione
1026 3020 1112 3071 rarius
1124 3033 1187 3072 oum

112 3094 622 3159 nescioqnooonscriptamopigramma.
660 3095 788 3146 infinitivo
817 3095 994 3158 componitur.
1041 3095 1109 3149 iCic.
1136 3108 1186 3159 pro

111 3166 225 3220 Ceterum
245 3183 282 3219 ne
306 3167 340 3219 de
361 3169 493 3234 scriptura
515 3168 625 3233 quodem
661 3171 729 3220 sest.
749 3169 777 3230 3,
796 3169 832 3231 t.)
860 3169 944 3219 Nimio
960 3167 1187 3232 longuidaestei·

111 3241 164 3292 satis
179 3245 299 3302 constan
326 3244 393 3293 Fene
411 3244 482 3294 enim
502 3243 623 3294 diversae
661 3245 719 3294 tera
736 3241 814 3292 lectio
830 3247 910 3305 optat.

112 3313 222 3368 videntur
235 3318 331 3381 gentes
343 3317 424 3369 tuisse
434 3319 516 3380 Pupia
527 3316 566 3382 (A.
578 3319 626 3367 Po·
694 3317 784 3367 ro-ra.
808 3317 900 3378 Quodsi
917 3317 980 3381 oet]
998 3315 1085 3369 «Ultro
1101 3316 1186 3367 ioteor

110 3389 158 3448 itt&
171 3393 246 3454 florae
262 3391 363 3442 Eokbel
380 3394 412 3443 D.
424 3394 455 3442 N.
468 3394 493 3442 e.
513 3406 539 3456 p.
556 3391 624 3454 290.)
662 3403 754 3442 meum
771 3390 899 3440 indicium
915 3392 1075 3453 praesertim
1096 3390 1124 3439 in
1140 3390 1184 3451 iis,

113 3467 134 3512 et
146 3467 238 3529 Pappia
259 3468 361 3530 (Cenot.
380 3468 431 3518 Pin.
452 3469 481 3518 1..
503 3467 624 3518 Caesarie
662 3479 730 3530 qnae
743 3463 778 3514 ad
795 3477 860 3528 opes
871 3464 1042 3526 honoresque
1054 3465 1184 3526 speetnnt,

113 3538 261 3593 nonnoni).
275 3542 317 3606 1.),
336 3540 363 3590 id
380 3539 622 3605 quodaiiinegent.
661 3539 740 3604 longe
764 3539 864 3589 distare
888 3537 923 3588 ob
950 3550 996 3599 eo,
1023 3536 1095 3600 quod
1118 3534 1188 3588 eoiet

115 3637 137 3646 -
159 3614 301 3680 lacrimosa]
327 3612 474 3686 θρηνώδη,
501 3614 624 3666 lacrimas
661 3617 739 3679 sequi
764 3611 844 3664 stultu
868 3611 1027 3672 multitudo,
1053 3624 1186 3675 meaeque

114 3689 254 3752 enoiuntia,
274 3695 304 3742 ut
320 3692 373 3742 Sat.
388 3694 416 3753 t,
435 3694 464 3752 5,
482 3691 529 3742 80:
549 3691 624 3741 mort·
660 3689 808 3740 sententiae
819 3688 950 3738 rationem
967 3687 1024 3737 sine
1035 3699 1111 3736 mora
1122 3686 1187 3736 red-

113 3767 307 3830 rnoto--fwno
661 3763 726 3813 dere
748 3766 859 3827 paratus
880 3775 951 3813 sum.
985 3763 1052 3812 Nem
1074 3761 1098 3811 si
1118 3761 1186 3811 torte

141 3837 176 3887 68.
187 3839 226 3890 69.
244 3839 551 3904 Fortunae-remonon]
562 3839 621 3889 vid.
659 3836 794 3903 populos»
820 3836 919 3900 (addita
942 3850 968 3886 v.
986 3838 1113 3886 Ronanus
1131 3837 1186 3886 iro-

115 3909 279 3976 satana:
292 3915 621 3978 nnpnnaroeoptatntons.
661 3913 720 3962 niae
738 3913 855 3974 inservit)
869 3925 929 3962 «me
947 3913 1035 3974 roget,
1055 3923 1103 3959 our
1118 3910 1187 3960 inter

116 3983 147 4033 Ci-
159 3987 260 4052 Epicuri
276 3990 339 4041 iliud
356 3991 428 4056 apud
443 3992 518 4054 Diog.
532 3992 560 4041 L.
577 3991 621 4051 to,
660 3989 749 4052 ipsum
766 3999 861 4037 vereor
872 3985 981 4050 quidem
993 3985 1112 4048 quotidie
1124 3998 1186 4035 eas—

116 4060 167 4109 tio:
190 4060 250 4125 (τὸν
261 4061 367 4130 σοφὸν)
385 4063 460 4136 τύχῃ
476 4061 623 4129 ἀντιτάξε-
661 4061 779 4124 demque
796 4073 859 4110 oum
880 4061 978 4110 ceteris
998 4059 1101 4110 civibus
1121 4071 1186 4122 por·

115 4133 184 4186 ⁰¹9oe-
196 4140 294 4192 Seneca
305 4142 385 4206 Epist.
395 4142 435 4202 io,
443 4143 470 4190 5:
483 4141 550 4191 Haeo
559 4140 625 4205 (phi-
661 4137 729 4187 ticon
741 4132 929 4199 perambulare
938 4132 1048 4193 soleam,
1056 4132 1104 4183 sod
1115 4134 1184 4181 oet.»

117 4206 231 4277 ioeophia)
239 4215 625 4282 monitumnonitum
664 4241 691 4250 -
709 4210 794 4276 fruor]
812 4214 855 4262 «et
875 4210 1021 4276 porticibus
1038 4213 1066 4259 et
1083 4207 1185 4258 indiciis
