2925 4892
227 356 288 421 326
616 351 745 402 44444444
762 349 943 401 4444444444
972 382 974 386 .

270 512 378 578 Tincta
400 528 500 595 super
522 505 622 573 lectos
645 504 800 572 canderet
822 480 921 570 vestis
943 501 1099 575 eburnos,

270 630 432 719 Multaque
455 629 497 696 de
522 648 637 715 magna
660 636 871 714 superessent
892 623 1014 691 4444444
1035 644 1153 698 444444,

270 754 362 832 Quae
384 749 497 839 procul
520 748 689 817 exstructis
713 748 838 813 inerant
858 746 1011 813 besterna
1032 745 1190 813 canistris.
1252 743 1317 809 4044

272 874 372 960 Ergo,
396 872 451 939 ubi
474 890 637 959 purpurea
659 880 844 957 porrectum
867 868 899 933 in
923 878 1013 934 veste
1034 865 1152 934 locavit

270 998 453 1082 Agrestem,
477 992 573 1059 veluti
596 990 780 1057 succinctus
805 990 938 1056 cursitat
958 988 1079 1075 hospes

271 1116 505 1203 Continuatque
528 1112 630 1200 dapes
652 1132 713 1179 neo
734 1132 800 1177 non
821 1108 985 1177 verniliter
1007 1109 1086 1196 ipsis

273 1237 427 1325 Fungitur
448 1234 576 1311 officiis,
600 1232 828 1321 praelambens
850 1252 946 1297 omne
968 1228 1057 1318 quod
1078 1228 1178 1296 444444

272 1358 328 1425 4444
349 1356 472 1425 cubans
494 1356 613 1443 gaudet
634 1364 755 1421 mutata
777 1362 866 1420 sorte
889 1352 1050 1439 bonisque
1253 1349 1318 1416 440

296 1537 353 1588 404.
371 1550 464 1588 eaesae
480 1536 509 1586 E.
525 1562 552 1571 —
567 1537 623 1586 405.
643 1540 750 1585 eatena
767 1547 791 1583 o.
808 1560 834 1569 -
849 1532 905 1583 408.
917 1531 1055 1582 4444444444·
1068 1544 1102 1595 p,
1121 1529 1206 1582 Codri.
1219 1528 1281 1594 aliq.

263 1612 378 1665 Pottierii
396 1614 422 1663 et
439 1612 499 1662 LCt.
518 1637 547 1647 -
567 1610 623 1661 400.
638 1608 785 1673 praelibem
801 1606 913 1659 eCodd.
926 1619 959 1655 vr
976 1603 1110 1656 8444444444
1121 1608 1149 1656 44
1160 1606 1186 1656 F.
1200 1604 1285 1669 (prae

231 1762 407 1822 8444444444,
426 1762 532 1812 nomino
550 1762 617 1811 mire
630 1762 755 1823 corrupto
793 1755 870 1807 vetio.
905 1752 1040 1806 claudian.
1058 1755 1086 1805 in
1101 1755 1187 1805 44444444.
1204 1756 1235 1815 4,
1252 1754 1314 1805 488;

231 1850 264 1887 ex
282 1836 399 1896 Galatia,
426 1848 479 1898 qua
503 1848 535 1885 en
557 1835 665 1898 regione
686 1834 756 1898 opti·
792 1832 909 1895 4444444444
926 1829 1017 1892 procui
1037 1842 1092 1879 4444
1110 1834 1182 1879 notet
1203 1828 1319 1892 (Rhode-

232 1922 307 1960 mum
324 1922 437 1959 coccum
458 1908 610 1972 (tiermes,
634 1908 756 1959 844444-
794 1904 935 1966 manibus).
965 1903 1082 1963 44444,
1101 1902 1129 1953 ³:
1159 1905 1319 1954 Poenus--

231 1982 315 2047 tour)
340 1982 542 2047 importabatur.
571 2011 598 2020 -
626 1982 755 2047 4444444444)
791 1979 1320 2041 4444444444-444440444444444444444444·

234 2056 434 2121 nspienderet,»
468 2056 603 2107 rarissime
637 2057 670 2107 de
705 2056 756 2107 aiio
792 2056 841 2105 44444
854 2055 963 2117 prorui
979 2054 1091 2104 4444444444.
1126 2054 1320 2103 4444444444--

232 2144 314 2195 quam
332 2129 393 2181 albo
411 2128 515 2191 colore,
541 2132 652 2194 excepto
670 2130 754 2192 terro,
789 2138 925 2195 postquem
936 2133 1111 2182 4444444444
1127 2136 1198 2180 onte
1214 2130 1322 2181 4444444

234 2204 365 2266 carbone,
391 2204 476 2255 invilla
493 2206 626 2264 4444444444,
652 2205 679 2253 in
697 2204 757 2267 qui·
789 2220 972 2269 propensior
986 2206 1051 2268 [4444
1067 2205 1244 2269 4444444440,
1263 2207 1318 2255 cet.

233 2279 285 2330 bus
302 2279 400 2329 notioni
418 2278 525 2343 fulgoris
536 2278 666 2329 rutilantis
677 2292 757 2329 acoe—
794 2280 904 2343 (Eadem
921 2292 1032 2344 prorsus
1048 2280 1115 2329 ratio
1137 2281 1178 2329 444
1199 2280 1322 2343 particu-

235 2354 273 2405 (444
290 2354 361 2405 notio
379 2352 491 2403 ardoris.
522 2352 711 2415 (1444404414,
731 2355 755 2415 4,
795 2354 837 2405 lae
854 2356 962 2416 44444444,
980 2352 1027 2404 ubi
1044 2356 1086 2405 444
1102 2353 1174 2403 idem
1186 2354 1322 2417 quodnu-

236 2428 276 2478 40.
298 2452 325 2463 -
344 2426 425 2491 vestis]
443 2425 567 2490 stragula.
597 2428 658 2491 (844.
675 2428 706 2488 4,
725 2426 763 2488 8,·
791 2444 846 2493 per.
880 2427 940 2478 vid.
958 2427 1034 2478 Hand
1050 2428 1125 2478 Ture.
1147 2429 1179 2478 44.
1201 2440 1228 2491 p.
1249 2426 1320 2489 304.)

236 2502 302 2566 448.)
329 2502 486 2563 0448444,
506 2500 533 2561 4,
551 2500 592 2553 ot.
615 2530 641 2537 -
656 2502 757 2567 procui]
797 2532 823 2541 —
842 2501 967 2566 4444444444)
985 2503 1015 2552 ut
1031 2502 1118 2565 primo
1135 2514 1214 2552 mane
1232 2514 1323 2553 4444·

236 2588 362 2640 ‹apropen
388 2574 471 2626 Gloss.
486 2576 551 2626 Cod.
563 2575 674 2640 sangall.
699 2575 759 2626 Vol·
795 2578 834 2628 vis
846 2580 1036 2627 amoverentur
1046 2576 1260 2639 purgareturque
1272 2576 1322 2625 tri-

235 2662 269 2714 go
286 2647 430 2715 explicant:
451 2650 493 2700 4444
511 2649 619 2712 ultuma
638 2649 708 2701 nullo
721 2652 759 2700 ta·
796 2651 914 2702 clinium.

235 2738 298 2776 men
323 2724 402 2773 huius
428 2735 493 2775 usus
518 2723 640 2790 exemplo
665 2724 757 2785 444444,
829 2725 949 2776 400-409.
973 2723 1122 2785 4444444444]
1139 2724 1177 2773 uti
1198 2721 1324 2774 4444444444

235 2798 284 2851 sed
305 2798 397 2861 prorui
424 2810 485 2848 oum
511 2798 663 2850 distantiam
688 2798 759 2849 nulia
795 2812 856 2851 esse
881 2798 1042 2860 stmotores,
1071 2810 1173 2849 coenae
1197 2798 1321 2848 minisei.

236 2874 308 2923 44444
326 2885 452 2923 mensura
464 2872 600 2923 (4444444444
618 2874 757 2937 significet,
796 2876 835 2926 ct.
857 2876 909 2925 Sat.
931 2874 961 2935 4,
988 2873 1017 2936 8,
1045 2874 1085 2924 40.
1115 2900 1143 2909 -
1169 2873 1322 2937 0444444444)

235 2946 370 2997 interdum
382 2944 506 3011 explicari
518 2946 698 3009 (4444444444,
716 2948 759 2998 voi
796 2961 895 2999 «uuum
920 2950 981 3012 post
1005 2946 1119 2998 aiterum
1140 2946 1231 2997 eibum
1252 2948 1324 2998 essi-

237 3020 399 3084 accuratius:
421 3022 529 3084 «exigua
542 3022 691 3073 distentia.»
710 3023 757 3087 (Gi.
797 3023 849 3073 due
867 3022 1002 3087 apponit.»
1017 3050 1044 3059 -
1057 3035 1103 3072 nee
1118 3022 1177 3086 non]
1194 3022 1250 3072 4444
1261 3034 1325 3086 per·

237 3093 313 3145 Hand
332 3094 407 3144 Ture.
430 3094 471 3143 iv.
489 3107 514 3159 p.
534 3096 590 3147 489.
609 3097 682 3161 4403.)
717 3098 760 3148 844
797 3096 937 3148 4444444444
949 3097 1142 3160 compositione
1155 3098 1248 3147 cicero
1261 3095 1326 3147 ebs·

236 3169 302 3234 Epp.
318 3169 346 3229 4,
366 3170 394 3228 4,
413 3168 458 3219 344
486 3170 532 3219 Cui
547 3172 652 3221 4444444444
670 3174 764 3235 prorui
797 3173 876 3234 tinet,
899 3172 982 3221 utitur
1003 3171 1096 3221 Varro.
1126 3196 1153 3207 -
1180 3172 1323 3236 venibtoe]

236 3243 325 3293 ··oit.
352 3241 523 3293 Plautcuro.
537 3245 658 3305 4,4,48;
678 3248 761 3309 Quoia
798 3248 885 3312 «ipse,
910 3258 971 3295 eum
994 3258 1088 3296 servos
1114 3258 1169 3295 oon
1192 3244 1322 3305 heberet,

236 3331 288 3369 444
304 3322 375 3367 sonat
388 3318 497 3380 prorui?
522 3320 577 3369 Cio.
591 3319 625 3369 de
640 3321 718 3385 Legg.
732 3322 759 3383 4,
797 3322 824 3371 in
834 3318 944 3370 modum
953 3317 1156 3369 vernnealaoris
1167 3321 1195 3369 ot
1204 3320 1324 3383 prompti

236 3394 283 3456 44,
302 3392 333 3443 to
347 3391 449 3455 (collato
467 3394 547 3444 Bekio
558 3406 585 3457 p.
599 3394 676 3460 449.)
694 3397 721 3445 tn
732 3410 761 3447 44
797 3394 954 3445 ministrat.»
980 3393 1112 3443 Vernititer
1122 3396 1213 3444 autem
1225 3393 1326 3443 tectim

235 3468 359 3531 44444444,
372 3468 647 3531 quodproeutoFonti
658 3476 759 3522 ernest.
797 3469 943 3532 scriptura,
961 3469 990 3517 444
1007 3467 1034 3517 in
1051 3480 1077 3516 v.
1094 3466 1237 3525 venetum
1262 3480 1325 3517 oer-

237 3544 342 3593 Terent.
362 3543 425 3593 4444.
445 3542 475 3605 4,
498 3544 527 3604 3,
550 3544 578 3593 t:
610 3546 761 3606 (4444444444
796 3543 1080 3592 444444444444444.»
1107 3538 1195 3591 nant.
1212 3539 1244 3603 3,
1262 3540 1323 3591 488.

236 3618 296 3666 istor
307 3629 445 3667 4444444444
460 3616 588 3680 moenis,
603 3618 695 3681 praetii
705 3620 762 3669 444444
800 3642 828 3653 -
847 3616 943 3680 officiis]
966 3615 1057 3667 0444444
1079 3616 1252 3679 opponuntur
1274 3614 1327 3665 (444·

237 3694 307 3739 stans
318 3692 410 3752 occepi.
436 3690 608 3755 Virg.Eoi.6‚
624 3694 668 3743 ⁴6:
687 3694 762 3745 Serta
797 3690 891 3756 pibus;
918 3690 979 3740 444444
998 3689 1118 3753 adiungit
1138 3689 1211 3751 ipris,
1238 3701 1327 3752 «quae

234 3764 336 3826 procaci,
354 3769 453 3814 tontum
468 3767 546 3829 copiti
562 3767 677 3831 4444444,
696 3769 763 3819 4444-
798 3764 949 3816 necessaria
966 3767 1043 3815 erant
1065 3764 1093 3814 in
1114 3762 1222 3814 44444444
1238 3774 1327 3827 appo-

237 3836 305 3886 bont.
323 3836 397 3887 Ouid.
411 3840 471 3889 4444.
485 3841 513 3901 s,
533 3840 595 3892 tit:
615 3842 661 3892 044
671 3843 764 3904 procul
799 3839 919 3891 neudis.»
957 3838 1102 3889 Lambinus
1127 3836 1237 3888 volebat
1263 3838 1325 3900 4444.

237 3911 348 3961 4444444444
358 3912 516 3962 --44444444
534 3915 620 3977 Atque
633 3919 671 3967 sie
683 3916 764 3967 inter·
801 3942 828 3951 -
845 3913 1027 3978 praetootbets]
1045 3914 1145 3979 Aptum
1160 3926 1186 3962 v.
1200 3911 1235 3962 de
1246 3925 1327 3963 mure

176 3998 179 4005 ·
237 3986 330 4049 pretor
339 3986 436 4035 Lucani
446 3984 509 4036 illud
518 3987 543 4049 8,
553 3988 610 4039 iii:
621 3991 763 4053 44444444-
798 4001 848 4053 pro
878 4001 927 4049 eo,
957 3987 1030 4051 quod
1057 3986 1092 4037 de
1120 3986 1229 4037 homine
1256 3985 1328 4036 44444

236 4060 305 4109 uenis
326 4061 417 4123 444444
442 4061 547 4124 aanor
574 4063 650 4127 49444.
694 4066 762 4115 item
795 4067 976 4127 preoptatam,
995 4064 1040 4113 «nt
1056 4060 1132 4112 alteri
1152 4058 1325 4124 signifloaret,

238 4134 310 4197 virg.
323 4138 388 4185 44444.
402 4136 431 4195 4,
450 4135 511 4184 444;
530 4136 618 4201 tonpe
633 4144 764 4189 44444444-
799 4148 882 4200 quem
907 4135 970 4187 444444
996 4138 1088 4189 essent
1112 4135 1191 4186 cibi·
1227 4135 1328 4186 444444-

236 4209 434 4273 stipiaeoniur,
454 4209 553 4271 idest,
572 4210 660 4275 atiquo
678 4214 762 4263 inter-
798 4212 873 4273 4444,
907 4212 981 4275 quod
1009 4211 1147 4263 8444444444
1172 4223 1189 4261 e
1217 4208 1328 4261 duobus
