2925 4892
505 396 566 447 us.
585 394 604 445 Ι.
641 396 740 447 nuiss.
757 396 823 447 xiv.

455 762 721 829 fflffl'ffl
745 768 861 831 ΣΠ.

155 892 254 959 Vilice
276 892 430 961 silvarum
451 904 484 961 ot
504 896 581 963 mihi
603 918 656 964 me
678 898 845 966 reddentis
867 900 977 987 agelli,

153 1015 260 1095 Quem
283 1024 315 1081 tu
338 1014 461 1083 fastidis
483 1016 658 1085 habitatum
679 1020 825 1108 quinque
847 1021 927 1088 iocis
949 1032 981 1089 et

177 1194 228 1243 ΕΡ.
246 1194 311 1243 xiv.
347 1196 370 1244 4.
398 1195 471 1246 Vilice
491 1199 587 1263 scripsi
607 1211 670 1249 curn
692 1198 727 1260 E,
750 1202 780 1250 ut
802 1204 844 1251 est
865 1215 975 1267 semper
991 1204 1018 1255 in
1035 1204 1166 1270 Inscripti.

143 1268 183 1317 Cl.
206 1268 360 1319 lachmann
383 1270 418 1320 ad
442 1270 547 1322 Lucret.
568 1286 595 1337 p.
616 1272 648 1322 34
669 1286 711 1336 sq.
743 1276 790 1337 (De
812 1278 909 1327 ceteris
926 1280 994 1331 meis
1011 1279 1095 1331 codd.
1114 1282 1168 1331 4444

142 1354 197 1391 444
216 1344 335 1393 memini.
362 1344 427 1395 Vide
444 1344 479 1395 ad
495 1358 520 1395 v.
540 1346 591 1409 444.)
611 1374 639 1383 -
655 1349 800 1400 redonensi
815 1350 880 1401 cod.
901 1352 930 1415 (4)
947 1354 1055 1404 Bartbii.

142 1491 209 1541 iiiv.
246 1490 359 1543 vilicum
385 1494 508 1545 Horatius
533 1495 639 1546 videtur
675 1496 796 1559 Bagoon,
816 1500 983 1563 eunuchum,
1002 1504 1134 1555 Corinnae
1150 1518 1200 1556 eu·

109 1567 299 1629 praeposuisse
331 1565 429 1617 Sabino
456 1580 506 1619 suo
534 1582 566 1621 ex
595 1567 638 1619 iilo
675 1570 800 1633 alodem.)
828 1572 895 1623 Vide
911 1574 1069 1627 Excursum.

109 1640 167 1702 ipso
193 1639 333 1691 bominum
356 1654 470 1704 genere,
498 1642 569 1706 quod
588 1642 638 1693 dn·
709 1645 765 1695 t-3.
786 1646 868 1711 Vilice]
882 1646 1198 1713 Vilicusutiqueservus,

109 1713 188 1765 minis
206 1712 345 1765 dissuadet
362 1714 506 1767 Columella
525 1718 554 1777 4,
567 1717 592 1777 8,
607 1717 634 1766 ⁴:
674 1732 729 1769 uon
746 1719 872 1781 1114444444,
891 1720 985 1786 quales
996 1723 1119 1775 Horatius
1131 1740 1201 1777 nuu-

108 1788 276 1847 nomene,
294 1802 326 1838 44
340 1788 442 1839 44444444
457 1804 491 1841 ea
507 1804 535 1841 eo
548 1804 638 1855 penne
674 1808 757 1858 quam
773 1793 900 1845 habuisse
917 1796 1035 1857 videtur,
1053 1801 1126 1849 certe
1138 1812 1201 1851 uus-

108 1876 254 1921 morsm»,
282 1863 325 1924 qui
350 1877 454 1925 corpon
476 1866 635 1927 4444444444,
674 1881 757 1931 quem
780 1872 920 1919 memorat.
948 1898 976 1907 -
1001 1872 1133 1937 sitnm]
1159 1873 1198 1924 Gt.

108 1937 287 1995 hullemann
312 1951 344 1987 44
368 1952 402 1988 as
425 1953 453 1989 eo
478 1942 637 2001 444444444-
675 1942 765 2002 uda,
783 1942 830 2004 444,
848 1944 889 1993 29.
908 1944 1089 2006 satana
1116 1946 1200 1999 Silvas

108 2014 177 2071 4444,
197 2012 243 2072 qui
259 2012 371 2061 44444444
387 2026 418 2063 oc
434 2014 554 2065 4444444444
570 2022 638 2067 ortas
675 2020 831 2082 perreptare
848 2017 958 2069 amabat
974 2019 1097 2071 Horatius
1113 2025 1143 2071 ut
1157 2023 1201 2071 Ti-

108 2086 260 2137 asercuerii.
290 2086 380 2135 Socors
403 2092 426 2137 et
447 2089 637 2141 444444444444
674 2090 771 2141 bullus.
790 2091 848 2141 Vid.
867 2093 933 2156 Epp.
956 2094 981 2153 4,
1000 2091 1031 2154 l,
1050 2094 1075 2145 i.
1096 2122 1124 2132 —
1139 2096 1201 2145 444144

107 2174 187 2224 peaes
201 2161 437 2223 idmoncipioium,
456 2162 524 2225 44444,
537 2178 635 2227 campo,
673 2180 713 2215 me
736 2166 868 2230 4444444444]
892 2167 985 2229 «quia,
1012 2182 1075 2219 cnm
1099 2170 1200 2221 Romae

108 2236 191 2295 44444,
210 2234 327 2296 neuris,
354 2236 437 2297 44444,
454 2239 577 2299 popinae,
596 2239 637 2287 lu-
675 2239 759 2304 dego,
786 2239 899 2291 aliorum
923 2243 1011 2305 potius
1034 2256 1094 2293 snm
1117 2257 1199 2307 quam

105 2308 249 2371 4444444444
264 2314 422 2372 cummium,
441 2326 572 2373 44444444
587 2326 638 2363 444
675 2328 753 2365 meus
764 2315 856 2379 ipsius;
870 2316 924 2365 ruri
936 2316 1000 2367 mihi
1012 2318 1198 2379 4444444414,

107 2385 209 2435 4444444
233 2385 340 2446 ineptius
363 2386 478 2437 44444444.
514 2388 569 2437 lam
588 2388 637 2437 ioci
675 2392 702 2439 et
726 2389 761 2439 ab
787 2389 880 2441 oiticiis
905 2392 1071 2455 negotiisque
1090 2392 1200 2445 urbanis

109 2472 194 2509 44444
211 2458 287 2522 tingit
303 2472 332 2509 se
350 2472 430 2513 servo
449 2462 492 2511 isti
510 2474 636 2525 nequam,
674 2476 718 2515 me
737 2462 829 2514 reficio
846 2476 878 2513 ac
897 2478 1020 2515 recreo.»
1045 2466 1084 2517 ct.
1103 2468 1156 2517 Sat.
1173 2468 1198 2528 2,

108 2546 233 2595 moroso,
252 2533 354 2595 hibeni,
383 2536 409 2585 44
426 2535 523 2587 4414444
539 2538 638 2588 reverti
675 2537 750 2597 6,60
762 2549 822 2601 sqq.
842 2539 908 2601 Epp.
924 2538 1103 2603 t,t⁰‚6sqq.
1133 2540 1200 2590 Hale

108 2609 229 2672 cupienti
255 2609 325 2659 hauc
349 2610 492 2673 Epistolam
521 2610 636 2672 mittere,
675 2611 769 2663 sedulo
793 2613 895 2661 homini
921 2612 961 2674 (ni
979 2611 1066 2673 iallor,
1093 2615 1201 2664 Bartbio

108 2696 162 2746 qua
180 2683 238 2732 ruri
255 2684 280 2733 ei
300 2683 464 2735 manendum
482 2698 543 2735 4444
560 2686 639 2749 signi·
676 2686 734 2749 ipsi)
762 2684 877 2736 debetur
898 2684 962 2735 illud
985 2699 1025 2735 me
1045 2687 1199 2747 4444444444,

108 2758 187 2809 iicet:
207 2771 238 2807 re
255 2771 319 2807 vera
332 2762 423 2811 autem
434 2760 485 2810 1444
497 2760 639 2824 scriptiuu-
675 2760 777 2809 Seneca
795 2763 823 2809 44
840 2758 921 2809 Plinio
939 2758 1042 2822 dignius
1053 2773 1136 2822 quam
1150 2762 1202 2810 lio-

108 2832 184 2891 4414,
198 2846 282 2895 quam
293 2830 386 2884 vilicus
398 2834 454 2897 ipse
464 2834 506 2883 vix
519 2848 638 2898 uuquam
675 2836 751 2884 ratio.
773 2861 800 2869 —
819 2834 855 2899 44]
875 2834 939 2897 «qni
956 2836 1018 2885 ente
1030 2846 1091 2885 eras
1102 2835 1128 2883 iu
1140 2848 1201 2886 mea

108 2907 185 2967 vidit,
216 2906 402 2959 demonstrare
435 2906 517 2959 voluit
542 2910 638 2973 iniquis
676 2907 906 2969 444441444414444,
925 2908 1201 2959 msuminndnmia·

108 2983 180 3043 suis,
217 2982 263 3045 qui
293 2984 317 3033 ei
346 2988 456 3047 propter
480 2982 596 3034 villulam
622 2998 637 3033 e
675 2983 760 3044 slidis,
779 2985 901 3047 quamvis
916 2996 979 3035 eum
995 2982 1117 3035 habitent
1126 2986 1202 3049 quin-

107 3058 264 3107 Maecenate
287 3057 413 3109 donatam
436 3057 554 3109 invidere
572 3058 639 3108 sole·
675 3072 728 3121 qua
746 3056 875 3118 iamiliae,
902 3058 937 3107 ita
960 3061 990 3108 nt
1006 3060 1117 3109 totidem
1133 3059 1199 3119 4444,

107 3130 187 3191 14444,
217 3144 271 3181 444
294 3135 348 3181 tam
372 3131 407 3181 ob
426 3134 510 3196 ipsam
528 3147 639 3199 posses·
675 3132 701 3182 id
720 3134 775 3193 est,
798 3132 900 3183 strenui
917 3134 997 3196 etque
1014 3133 1133 3195 bonesti,
1152 3148 1202 3200 pa-

107 3208 213 3256 sionem
232 3218 293 3255 eam
311 3206 362 3255 sibi
379 3219 470 3257 caram
484 3220 637 3271 essequam
676 3204 843 3256 tresiamilias
869 3206 930 3255 inde
952 3208 1060 3257 Variam
1081 3221 1112 3257 se
1134 3222 1201 3257 cou-

107 3282 269 3345 propterea,
299 3280 372 3343 quod
403 3280 439 3331 ibi
462 3285 581 3333 remotus
603 3280 637 3333 ab
675 3280 745 3331 terre
771 3280 874 3331 soleant
896 3281 930 3331 ad
947 3282 1079 3331 nundinas
1097 3281 1201 3334 obeun-

107 3353 213 3404 illorum
233 3351 395 3416 malignitate
414 3356 447 3417 (v.
460 3354 510 3418 37.)
529 3358 556 3405 44
568 3368 583 3405 4
595 3370 639 3406 ce·
675 3356 724 3407 dns
747 3359 774 3405 44
791 3354 898 3419 quando
915 3356 1047 3419 oppidana
1068 3354 1202 3406 habentur

108 3429 171 3478 teris
190 3426 318 3477 omuibus
337 3428 412 3479 urbis
424 3427 550 3481 molestiis
568 3432 639 3481 tran·
675 3430 781 3480 comitia
798 3430 919 3478 creandis
938 3428 1084 3478 duumviris
1102 3430 1150 3478 iuri
1163 3430 1202 3478 di-

108 3502 189 3566 quilla
207 3502 300 3552 animo
311 3503 382 3552 vivat
394 3502 541 3567 studiisque
553 3503 637 3554 libere
676 3503 779 3563 cundo,
802 3500 933 3552 aedilibus
950 3501 1100 3564 ceterisque
1117 3504 1201 3565 magi·

109 3580 193 3627 iacet.
231 3573 315 3625 Simul
342 3579 432 3627 nutem
457 3578 565 3641 amicis,
593 3580 638 3641 qui
675 3576 801 3628 stratibus
817 3574 1032 3639 municipalibus.
1063 3575 1140 3637 (Filii,
1167 3590 1201 3627 ue

107 3651 224 3701 tortasse
243 3650 379 3701 interdum
397 3652 570 3714 mirarentur,
590 3667 638 3703 cur
675 3665 743 3716 opus
760 3651 891 3701 rusticum
914 3653 1045 3711 cessaret,
1072 3650 1145 3701 domi
1162 3654 1202 3702 vi-

108 3728 162 3776 tam
183 3724 302 3775 libenter
321 3726 348 3775 in
365 3738 462 3789 aspero
479 3725 522 3776 illo
540 3726 637 3777 Sabino
675 3728 774 3777 dentur
789 3724 971 3787 remansisse.)
1006 3726 1074 3775 Satis
1091 3725 1201 3776 ridicule

107 3800 237 3863 degeret,
264 3800 382 3851 rationes
400 3800 521 3865 exponit,
541 3801 638 3865 quibus
676 3799 838 3851 scholiastae
854 3799 888 3850 da
901 3800 1020 3863 quinque
1033 3799 1202 3853 senatoribus

108 3874 141 3924 ad
178 3886 322 3925 secessum
355 3875 434 3925 istum
468 3874 527 3925 urbi
556 3889 637 3940 saepe
676 3877 741 3937 (sive
766 3876 855 3937 potius
876 3873 1074 3936 decurionibus)
1095 3875 1202 3925 Variam

107 3948 317 4012 praeterendum
340 3946 500 4012 impellatur.
536 3950 637 4014 Scripta
675 3947 810 3999 mittendis
836 3947 978 4012 explicant.
1024 3948 1103 3999 Certe
1129 3948 1202 3998 euim

108 4023 215 4074 videtur
232 4020 347 4087 Epistola
365 4024 512 4074 Kircbuero
530 4037 553 4073 4.
571 4039 598 4074 4.
612 4040 635 4074 4.
676 4038 728 4075 444
751 4037 846 4074 omnes
863 4025 981 4087 quinque
1000 4022 1028 4072 144
1045 4021 1132 4073 441444
1148 4024 1201 4071 Va-

108 4096 182 4155 732.;
210 4110 306 4147 verum
332 4110 377 4149 res
403 4100 444 4149 444
469 4112 579 4163 prorsus
597 4098 636 4147 iu·
675 4100 730 4149 riae
749 4098 908 4149 decuriones
925 4111 986 4148 esse
1003 4099 1134 4161 poterant.
1162 4098 1203 4146 lu-

110 4175 191 4223 ceria.
222 4170 315 4235 (Simili
338 4175 429 4224 autem
454 4173 534 4225 modo
560 4172 634 4223 ovid.
674 4171 762 4236 tellige
782 4174 861 4237 igitur
882 4172 990 4224 colonos
1013 4172 1152 4237 partiarios
1169 4168 1201 4220 li-

109 4254 167 4300 am.
191 4249 219 4309 4,
236 4248 261 4299 i.
287 4246 353 4300 dicis
381 4262 462 4301 causa
487 4246 579 4301 scribit
604 4248 638 4299 ad
674 4247 769 4311 beros,
788 4248 834 4311 qui
851 4248 900 4311 ipsi
921 4245 1137 4312 possessionibus
1154 4258 1201 4295 ca-
