2925 4892
522 377 581 428 ule.
600 377 631 427 ll.
667 377 766 428 EPIST.
787 379 807 428 l.
824 450 834 473 ·

162 531 304 620 Legibus
326 529 497 606 emendes,
524 531 555 596 in
577 531 706 618 publica
729 532 899 599 commoda
920 555 1067 621 peccem,

161 655 195 720 Si
217 652 315 741 longo
338 671 489 719 sermone
511 673 620 720 morer
642 663 697 718 tua
718 662 880 742 tempora,
904 655 1034 722 Caesar,

161 773 318 842 Romulus
340 785 373 841 et
394 772 491 840 Liber
512 783 604 861 pater
626 785 755 841 etcum
777 775 911 842 Castore
932 775 1057 853 Pollux,
1189 781 1208 841 5

184 955 209 1004 3.
228 953 359 1004 cmmoda
372 953 476 1016 petbiico
492 955 604 1017 quartus
621 953 762 1015 schmidi,
782 955 811 1004 C.
832 955 872 1016 (Ut
888 954 1077 1032 nos„bScdp.)

113 1113 264 1162 inanimes
285 1116 387 1172 metor,
409 1111 581 1172 executore
600 1123 645 1160 tuo
682 1126 740 1160 παν
763 1105 798 1160 τὸ
820 1103 982 1182 ἀνθρώπων
1000 1113 1084 1178 γένος
1103 1110 1138 1164 δι’
1156 1107 1207 1163 ἕνα

114 1190 315 1250 mercenari.
354 1185 438 1235 rcum
454 1185 544 1235 omnia
561 1185 644 1236 mori·
680 1179 773 1255 ἄνδρα
797 1185 849 1234 καὶ
874 1179 1018 1251 ἡγεμόνα,
1043 1182 1096 1236 τὸν
1113 1186 1208 1248 Σεβα-

113 1262 167 1312 bus
194 1257 297 1310 exculte
315 1261 344 1308 et
362 1258 452 1322 legum
469 1259 545 1322 qussi
563 1257 644 1309 irenis
681 1257 766 1319 στόν,
792 1248 864 1323 ἧκεν
889 1258 935 1309 iel
961 1254 996 1309 τὸ
1018 1258 1146 1322 βέλτιον,
1172 1256 1207 1311 ὃν

116 1345 275 1398 compressa
303 1332 368 1382 velie
397 1345 488 1383 ease.»
517 1334 641 1383 Casurus.
679 1326 765 1396 ἄξιον
780 1331 879 1383 καλεῖν
897 1327 1077 1399 ἁλεξίκωιον.
1114 1326 1206 1398 Οὗτός

115 1410 260 1473 Propterea
278 1407 352 1470 qaod
370 1407 511 1471 pristinum
530 1407 643 1457 nominis
676 1405 881 1478 eaecitatem,
900 1401 1001 1471 ὁτούς
1012 1404 1206 1481 καταῤῥάξαν-

114 1483 227 1534 Romani
245 1480 328 1531 decas
341 1482 572 1542 restitutnmerat,
590 1481 644 1530 uti-
679 1497 731 1544 τας
755 1477 920 1542 πανταχόθι
945 1480 1091 1549 χειμῶνας
1106 1480 1204 1536 εὐδιά-

115 1561 158 1606 tur
174 1555 260 1606 verbo
278 1567 358 1605 omes.
385 1553 468 1605 Plaut.
481 1555 557 1605 Most.
572 1554 600 1614 l,
616 1553 641 1614 3,
679 1570 735 1618 σας
745 1585 761 1594 -
771 1584 787 1594 -
798 1585 828 1617 -,
852 1545 939 1618 οὗτος
959 1551 977 1605 ὁ
998 1555 1203 1627 emesenae,

114 1633 160 1681 ta:
190 1631 258 1692 ocis
282 1634 310 1678 ta
333 1634 511 1680 tessaresce
532 1627 643 1678 monier
679 1624 696 1679 ὁ
723 1625 879 1694 emersae<
907 1626 964 1680 τῶν
992 1628 1205 1690 ἐπιβαλλόντων

113 1704 224 1768 tepidis?
248 1701 358 1754 Bentleii
377 1715 444 1752 vero
460 1702 596 1762 moerrdsc,
615 1701 642 1752 id
678 1703 825 1767 ἑκάστοις,
850 1699 868 1754 ὁ
890 1699 943 1767 τὰς
961 1701 1082 1776 χάριτας
1098 1700 1205 1772 draps-
1292 1751 1298 1767 ,

112 1783 170 1842 est,
190 1782 220 1830 ut
230 1776 298 1840 volt,
312 1777 454 1828 «aedificiis
466 1777 639 1841 magnificis„
678 1775 780 1841 aeirem,-
791 1781 833 1840 εἰς
847 1779 941 1842 μέσον
952 1779 1070 1850 προθείς
1079 1778 1140 1831 κτλ.
1166 1783 1206 1832 Si-

113 1857 206 1918 (qnam
215 1851 642 1915 tamensigniflcatlonemmoe·
679 1853 755 1904 miles
773 1852 866 1904 laudes
882 1855 946 1903 tunc
962 1856 1068 1917 poterat
1086 1858 1204 1920 Augusto

111 1930 158 1978 eie
174 1937 313 1991 nunquam
330 1925 424 1986 habet,
442 1925 491 1976 sed
506 1925 640 1975 interdurn
677 1929 813 1993 impertire
837 1929 934 1992 poeta,
961 1927 1108 1978 dummodo
1133 1943 1204 1981 nan·

112 2015 163 2068 pro
190 2000 315 2065 ecppidis
340 2013 403 2051 cunr
420 1999 547 2050 aediliciis
565 2001 639 2050 suis·
677 2015 759 2064 quem
783 2001 973 2052 obliviscamur
997 2015 1105 2064 eorum,
1133 2015 1204 2068 quae

112 2075 244 2141 penitam)
266 2087 317 2126 nec
334 2073 458 2124 convenit
474 2075 571 2124 ceteris
588 2073 640 2122 hu·
676 2073 800 2140 legantur
825 2075 897 2139 apud
924 2077 1056 2126 senemm
1081 2077 1115 2128 de
1140 2076 1203 2128 cle-

111 2152 154 2202 ins
170 2148 376 2214 praedicationis
388 2145 519 2198 membris
536 2150 564 2197 et
580 2160 640 2198 sen·
677 2151 776 2200 mentia
794 2151 822 2209 l,
836 2151 882 2199 ll:
900 2149 1202 2216 Faciliupuetoelmc·

111 2227 224 2276 tentiam
248 2223 361 2288 praebet
377 2222 455 2286 longe
472 2223 637 2283 tenuiorem
676 2225 779 2274 wetere
793 2230 817 2273 et
830 2224 951 2284 clemeri,¹
969 2231 1120 2287 eerepepcrt
1129 2239 1203 2278 mere

111 2299 213 2350 etenim
230 2299 282 2348 hoc
299 2295 341 2348 vel
357 2299 427 2348 Nero
445 2297 515 2347 iecit.
541 2299 637 2360 Atque,
674 2299 805 2350 Aelim
827 2300 940 2348 ltomcee
958 2311 1049 2349 onere
1068 2301 1201 2364 infectum

111 2373 186 2436 qued
199 2373 306 2424 Latiam
315 2373 426 2423 Pacatus
435 2371 639 2434 DrepaniusPa·
674 2386 761 2434 nempe
772 2378 830 2434 post
851 2373 949 2435 [rector
963 2373 991 2422 ie
1006 2373 1095 2423 Sieitc
1110 2374 1201 2424 chose

111 2461 172 2511 neg.
184 2448 225 2496 lt.
240 2447 288 2496 alt:
299 2459 406 2496 merc
417 2443 637 2509 (rempublicam)
674 2452 698 2496 et
713 2459 773 2496 toas
789 2452 812 2496 et
828 2446 938 2506 atim
954 2459 1042 2508 nempe
1055 2449 1200 2509 posim

110 2521 275 2572 moenibus
290 2521 415 2584 depretiet
431 2525 550 2581 ornaret,
569 2519 638 2582 lepi-
674 2521 744 2569 dces
759 2533 821 2568 cres
834 2525 858 2568 et
869 2521 1073 2582 proscriptiones.
1089 2548 1116 2559 —
1135 2523 1198 2585 lep.

110 2597 164 2646 bas
179 2593 470 2654 amiclensem,
487 2592 531 2643 vel
543 2605 576 2643 ex
588 2593 637 2642 de·
674 2609 695 2644 c.
709 2607 809 2656 peccere
825 2593 887 2657 cet]
914 2595 969 2643 «rei
985 2593 1109 2658 publicae
1125 2596 1197 2646 utili·

110 2671 268 2722 clamatorio
289 2681 387 2732 genere
409 2667 514 2718 dicendi
534 2669 636 2718 temere
673 2669 719 2717 tatt
745 2667 875 2727 officiam,
900 2668 923 2717 si
944 2667 979 2716 ab
1000 2666 1070 2717 illius
1088 2681 1152 2718 cura
1170 2673 1197 2720 te

109 2747 250 2808 arreptum
267 2746 309 2794 cst
325 2742 381 2804 vel,
403 2743 425 2792 si
443 2755 473 2792 re
490 2755 555 2792 vera
572 2742 598 2791 h.
619 2739 635 2790 l.
674 2741 772 2792 diutim
784 2753 895 2791 evocem
906 2741 1114 2804 mepcrerecee,
1132 2756 1198 2807 qna·

110 2819 238 2883 respexit,
251 2829 284 2868 ex
296 2816 441 2867 memoriae
451 2827 542 2866 errore
553 2814 635 2864 linxit,
673 2815 704 2866 lis
721 2815 835 2866 fortasse
851 2814 899 2864 tibi
909 2814 1046 2865 videbitur
1055 2817 1124 2868 haec
1141 2819 1201 2882 ipsa

108 2892 186 2944 Adde
205 2893 314 2956 sueton,
331 2891 422 2940 octar.
436 2891 481 2940 27:
500 2890 598 2951 Recepit
615 2893 638 2939 et
675 2887 798 2954 epistole,
816 2901 886 2952 qnae
903 2889 986 2938 instar
1002 2890 1044 2940 est
1056 2892 1198 2942 sermonis.

108 2979 226 3017 erorum
242 2965 402 3028 lepramque
423 2963 534 3026 regimen
546 2975 638 3026 perpe-
674 2965 775 3014 Vcrum
792 2965 864 3025 esto,
885 2962 992 3013 audebo
1007 2966 1134 3024 tamenn
1161 2967 1200 3016 uti

109 3047 190 3092 λιιιιιτι.
219 3039 320 3090 Pariter
336 3042 426 3089 autem
443 3039 507 3101 tepea
520 3039 639 3088 cimores
674 3039 835 3088 sententiam
861 3035 1006 3100 complevit
1037 3038 1197 3092 schmidlue.

111 3115 236 3166 llorctins
252 3113 389 3177 componit
406 3112 453 3162 Od.
471 3111 501 3171 3,
523 3111 570 3173 at,
589 3113 635 3161 tt:
674 3113 721 3162 Est
745 3112 862 3162 bominis
886 3111 1001 3162 modesti
1023 3111 1201 3178 simulatque

111 3191 177 3251 Quid
193 3189 259 3252 tepea
275 3188 327 3236 etse
348 3187 459 3236 moribus
478 3187 562 3236 Venae
573 3198 638 3247 pro-
674 3185 769 3235 urbani
787 3186 938 3246 excusatio,
957 3197 1010 3249 qna
1024 3199 1124 3249 paucas
1135 3199 1201 3238 sane

109 3261 215 3326 Meet?
233 3260 281 3312 0d.
294 3259 319 3321 l,
332 3261 357 3320 ό,
368 3261 414 3310 it:
432 3261 487 3311 dior
498 3259 639 3309 etteemc-
674 3259 757 3310 hasce
780 3260 890 3323 paginas
907 3258 941 3309 ed
958 3271 1022 3308 eum
1037 3271 1068 3310 se
1085 3261 1202 3325 scriptu·

109 3335 430 3398 cutoeaenedemrtitcesce.
458 3335 540 3384 Recte
558 3335 637 3383 etiam
674 3346 736 3384 rum
752 3334 900 3392 annuntiat,
928 3345 982 3382 non
1004 3335 1034 3380 nt
1049 3331 1092 3382 alii
1107 3333 1200 3397 longos

112 3409 273 3463 Chishuilius
290 3409 324 3460 ad
341 3410 411 3461 Mon.
424 3410 520 3471 Ancyr.
539 3409 567 3458 in
583 3410 638 3458 An·
674 3407 850 3471 panegyricos
874 3403 993 3466 aliosque
1012 3403 1096 3454 libros
1117 3407 1143 3454 ei
1158 3407 1201 3456 in·

110 3487 176 3550 tiqq.
188 3485 271 3535 Aslat.
285 3497 312 3548 p.
325 3483 383 3534 l8b.
401 3495 442 3533 ree
456 3483 535 3533 Itciet
546 3495 639 3532 oreore
675 3479 795 3531 scribere
806 3480 917 3541 eiusque
929 3478 1055 3542 patientia
1066 3477 1140 3528 abuti
1150 3493 1201 3529 au·

110 3559 239 3611 meridies
254 3557 377 3622 putidum
396 3569 457 3608 esse
474 3557 637 3621 minimeque
675 3553 827 3604 debant-
839 3551 933 3613 morer]
945 3550 984 3602 ct.
995 3551 1060 3615 lipp.
1071 3552 1095 3613 t,
1106 3552 1147 3614 43,
1157 3554 1198 3603 tr:

111 3634 286 3686 nemeaeum
299 3633 460 3696 pronuntiat.
675 3629 811 3689 Camena,
829 3639 894 3689 φκιο
906 3625 1004 3688 possiet
1016 3627 1099 3676 ocutos
1109 3639 1200 3678 m

141 3707 166 3758 3.
185 3707 210 3758 i.
238 3707 343 3770 neptem
363 3707 482 3771 emeda]
506 3704 639 3770 Significat
675 3702 831 3767 poemorori
841 3699 1201 3766 Coetoeie-tootemperc]

111 3781 256 3846 praecipue
263 3779 479 3832 emcndatlcnem
488 3779 589 3830 formae
598 3780 638 3830 rei
675 3790 761 3841 «quae
778 3778 805 3827 in
821 3776 925 3838 negotia
944 3773 1051 3839 publice
1063 3776 1199 3829 insumere

111 3855 234 3918 publicae
252 3855 332 3905 lodus
349 3857 410 3918 port
426 3854 577 3905 turbulente
594 3851 637 3902 illa
675 3851 844 3902 decrevisti.»
862 3851 941 3900 corn.
954 3850 1083 3913 Nepttt.
1095 3849 1124 3900 l:
1142 3864 1200 3902 m

112 3927 243 3980 boiorum
260 3927 376 3978 civilium
393 3931 526 3993 tempora,
544 3928 638 3992 impri-
674 3927 761 3976 meio
782 3925 883 3987 nicee
907 3929 1023 3986 tectporc
1046 3929 1094 3974 cut
1111 3925 1201 3976 iittoeie

113 4003 161 4053 mie
178 4004 334 4052 accuratam
351 4004 379 4051 et
390 4000 478 4052 italiae
492 4004 519 4052 et
529 4002 638 4067 provin·
674 4004 720 4050 ort
735 3999 916 4050 Atteniesm
931 3997 1094 4060 reipublicae
1104 3998 1200 4050 eece

114 4078 215 4128 ciarum
240 4077 506 4128 administrationem.
542 4075 636 4141 splen·
673 4079 712 4125 ret
729 4074 781 4125 cet.

113 4149 205 4201 didam
216 4151 327 4214 Augusti
343 4148 458 4215 elogium
471 4151 556 4201 exstat
566 4148 638 4214 apud
706 4151 731 4200 a.
745 4149 769 4199 6.
795 4147 914 4200 ammte
929 4146 993 4210 cet]
1016 4147 1078 4197 Post
1093 4146 1199 4196 brevia—

115 4223 260 4287 Philonem,
273 4227 335 4290 leg.
348 4226 383 4277 ad
397 4225 547 4276 Caiumtt:
566 4219 638 4290 σύμ-
674 4223 774 4274 simum
799 4221 939 4273 exordium
964 4221 1054 4271 statim
1079 4219 1113 4271 ad
1139 4232 1198 4271 rem
