2925 4892
287 357 349 424 572
645 353 1011 412 uomruurlsromuuu

330 516 525 584 virtutemne
548 521 771 601 repraesentet
791 531 967 598 moresque
992 513 1149 580 Catonis?

330 636 426 724 liupit
446 634 596 702 Iarbitam
618 623 798 722 Timagenis
819 632 947 700 aemula
968 631 1093 720 lingua,

330 759 414 822 Dum
440 754 547 823 studet
567 753 711 821 urbanus
733 753 900 840 tenditque
922 752 1063 820 disertus
1085 752 1210 822 baberi.

356 937 395 985 til.
419 933 570 986 terbidum
594 933 627 993 E,
653 931 804 996 Hpcrbitom
828 932 879 983 LC.
900 959 928 968 -
946 931 1050 996 linquo]
1074 945 1152 983 coorto
1176 931 1264 984 codd.
1283 931 1344 996 aliq.

323 1009 431 1072 Cruquli
448 1011 476 1058 et
492 1007 630 1057 Torrentli.
650 1033 675 1042 -
695 1006 736 1055 44.
755 1007 851 1071 quodsi]
868 1007 930 1068 qaod
944 1007 967 1056 ai
982 1007 1012 1067 C,
1027 1019 1078 1068 pro
1093 1007 1115 1056 si
1129 1009 1187 1058 tres
1202 1009 1345 1066 Torreulil,

291 1155 335 1208 tali
352 1159 454 1208 textore
471 1156 509 1206 uti
525 1151 644 1214 soleas;»
662 1165 742 1204 «cum
755 1155 815 1204 tex-
850 1151 1104 1216 bmmqootmberi,
1116 1157 1198 1218 atque
1206 1154 1375 1208 rhetorille.·

290 1235 381 1283 torem
398 1233 476 1281 mum
497 1229 590 1280 lubeas
614 1229 723 1291 exiguas
740 1239 816 1278 sem·
854 1255 882 1265 -
902 1227 1050 1292 receperis]
1074 1228 1261 1292 «Timagenes,
1290 1231 1378 1281 rhetor
1454 1214 1455 1285 ξ

290 1318 340 1370 per
355 1304 403 1355 tibi
425 1305 499 1367 togas
517 1304 635 1353 texero.»
662 1303 814 1353 buouerus
851 1299 1378 1368 Alexandrinus,abA.Gabiuiocaptirus

290 1381 374 1443 iungit
394 1390 456 1429 cum
477 1390 503 1427 v.
520 1378 589 1440 foas
611 1377 690 1427 etism
711 1389 739 1426 v.
757 1383 816 1427 teo-
851 1376 964 1426 liomam
980 1374 1119 1428 caducus
1136 1378 1165 1427 ot
1180 1374 1379 1428 aTaustosul
1454 1394 1455 1435 4

290 1459 351 1504 tore.
389 1452 441 1502 Sed
467 1451 559 1501 uvoltu
588 1453 664 1500 toruo
689 1453 717 1500 et
743 1451 814 1515 pede
851 1447 892 1498 lae
910 1448 963 1499 flllo
979 1449 1259 1514 redemptustaudem
1275 1452 1304 1502 in
1318 1452 1379 1501 Cac-
1454 1474 1455 1507 3

290 1526 363 1578 nudo
389 1525 479 1576 ierus»
503 1523 597 1588 aliquis
625 1535 686 1576 esse
711 1526 814 1588 potest,
851 1523 918 1573 saris
935 1524 1046 1586 Augusti
1062 1525 1174 1586 gratiam
1185 1525 1258 1574 vonit
1274 1525 1378 1587 (senec.

291 1613 343 1652 noo
361 1601 453 1651 itema
441 1600 566 1664 aexlguas
584 1601 661 1662 togae
679 1599 813 1659 textore,-
853 1597 977 1647 controv.
992 1596 1057 1659 444;
1075 1598 1125 1648 scd
1139 1595 1380 1686 propterliugoam

291 1688 345 1739 quo
362 1674 472 1726 demum
490 1685 612 1738 prorsus,
631 1673 661 1721 ut
678 1673 811 1736 opinabar,
852 1683 996 1735 procacem
1022 1675 1050 1722 et
1074 1673 1183 1722 nimiam
1205 1665 1455 1742 supprimetur,1

291 1749 421 1800 Catonem
445 1745 559 1798 simulat.
600 1745 695 1798 llureti
723 1746 814 1795 autem
853 1743 925 1795 uude
940 1745 1122 1796 macomus
1138 1746 1226 1796 dictus
1243 1750 1288 1797 est
1305 1747 1379 1809 [Plut
1454 1760 1455 1799 3

290 1819 814 1885 brumisqualorelbatmumnoncst
853 1817 1220 1872 dendol.etAm.1liscr
1241 1821 1272 1872 T.
1291 1823 1337 1872 Vl.
1355 1836 1380 1887 p
1454 1834 1455 1883 3

292 1899 412 1962 (Propter
437 1893 560 1946 vocabuli
588 1899 685 1944 taetore
712 1895 740 1944 in
766 1894 817 1943 hac
852 1893 912 1944 446.
931 1894 961 1943 ii.
980 1893 1097 1944 suidas
1089 1907 1117 1944 m
1133 1907 1160 1943 v.
1179 1895 1345 1962 Τιμαγένης
1357 1902 1383 1948 et
1454 1900 1455 1953 3

291 1973 413 2022 iunctura
430 1968 610 2030 insolentiam,
629 1981 682 2018 non
700 1967 774 2032 quod
789 1969 817 2018 iu
854 1965 1044 2031 σφηνωθεὶς),
1062 1980 1125 2018 mox
1142 1969 1193 2032 ipsi
1207 1970 1321 2032 Augusti
1338 1972 1384 2022 do·
1454 1968 1455 2035 4

292 2039 442 2114 abactam
470 2041 558 2107 aliquo
590 2039 653 2092 olim
687 2043 818 2092 exstiterit
855 2053 900 2091 mo
918 2041 1087 2091 interdictum
1105 2045 1154 2091 est.
1189 2042 1255 2094 ludo
1271 2049 1384 2111 propter
1454 2044 1455 2095 ἒ

292 2130 356 2168 vera
369 2117 467 2167 Horatii
478 2117 609 2179 scriptura
620 2115 699 2179 longe
712 2115 818 2166 diverso
855 2114 964 2165 lacellos
976 2115 1077 2178 (senec.
1088 2115 1170 2179 Epist.
1180 2117 1232 2180 64.)
1243 2117 1280 2168 ab
1289 2121 1382 2170 Asinio

293 2195 401 2240 eluunc
413 2190 611 2253 inperpetuum
624 2189 701 2240 uobis
715 2191 816 2254 erepta,
855 2187 973 2240 Pollione
991 2192 1118 2253 exceptus
1130 2193 1385 2257 estetinangu-
1454 2192 1455 2243 ἲ

293 2265 392 2316 lactum
408 2267 473 2328 puto
490 2261 566 2323 illud,
588 2262 623 2312 de
640 2275 694 2325 quo
713 2266 818 2326 tragos·
856 2261 966 2314 scaleam
982 2263 1009 2312 iu
1020 2260 1143 2314 Pollionis
1155 2263 1214 2314 villa
1231 2265 1308 2318 obiit.
1335 2271 1384 2329 Qui
1454 2264 1455 2331 ξ

293 2337 351 2390 dias
369 2337 467 2389 excitat
484 2337 631 2400 cruquius:
650 2338 751 2397 «Quam
763 2339 819 2387 stu·
856 2338 1014 2400 Timagenes
1029 2349 1090 2388 cum
1102 2336 1245 2401 aliquando
1256 2342 1284 2391 iu
1295 2342 1385 2393 bomi-
1454 2390 1455 2393 ,

293 2411 375 2463 diosis
393 2413 420 2462 et
437 2411 521 2460 doctis
532 2410 658 2462 omnibus
670 2408 740 2462 malo
752 2423 819 2462 con·
856 2424 921 2462 uum
946 2410 1087 2462 doctorum
1112 2414 1300 2466 conventiculo
1322 2431 1385 2468 cum
1454 2420 1455 2425 ’

293 2485 405 2540 suluorit
421 2484 518 2536 sciolus
534 2482 628 2548 aliquis
645 2486 671 2536 iu
683 2485 818 2536 crudanda
857 2487 976 2536 omnium
999 2485 1128 2551 applausu
1144 2486 1328 2541 declamasset
1342 2491 1385 2542 vel
1454 2478 1455 2559 4

294 2559 398 2624 syllaba
413 2560 499 2624 prima
516 2573 542 2608 v.
555 2563 652 2610 tectore
668 2561 696 2610 lu
712 2572 766 2610 uuo
786 2573 820 2610 ex
856 2561 986 2624 scriptum
998 2559 1134 2624 quoddam
1142 2562 1330 2627 praeelegisset,
1342 2580 1385 2616 oc·
1454 2586 1455 2613 l

294 2634 369 2687 libris
394 2630 486 2684 bland.
510 2645 596 2696 eaque
622 2633 818 2695 substituenda,
857 2635 935 2696 cidit,
956 2636 986 2684 ut
1003 2635 1079 2697 (teste
1096 2636 1280 2700 Porphyrionis
1298 2640 1387 2692 chisi-
1454 2666 1455 2673 .

295 2721 377 2775 quom
399 2721 470 2759 nuuc
491 2707 637 2770 hebemus,
664 2707 821 2758 mirabiliter
857 2722 909 2759 auo
926 2711 955 2758 et
969 2711 1076 2758 Auctor.
1099 2710 1203 2761 Comm.
1222 2715 1277 2761 vet.
1299 2713 1384 2778 Cruq.
1454 2728 1455 2733 ¹

295 2786 337 2834 est
353 2781 562 2846 deplorandum
590 2781 687 2833 deiude
710 2783 820 2832 temeri-
857 2796 884 2848 p.
898 2781 965 2845 644.)
991 2782 1087 2833 coram
1103 2782 1154 2845 (vel
1170 2783 1280 2848 Codrus,
1299 2789 1387 2851 siqui-

295 2860 378 2908 tatem
404 2855 500 2906 stultus
525 2857 555 2904 ui
579 2858 696 2907 mutaret
718 2857 820 2907 inscitia
857 2857 920 2907 dem
938 2854 1010 2905 idem
1027 2858 1081 2917 est,
1100 2855 1134 2906 de
1152 2871 1206 2920 quo
1223 2860 1386 2923 virgiliacis

295 2931 444 2990 deteriore,
472 2941 553 2992 supra
570 2929 676 2993 scripsit
691 2935 818 2990 betaque.
857 2928 960 2993 Eclogis
980 2936 1175 2981 commemorat
1194 2933 1223 2992 7,
1245 2935 1293 2984 464
1319 2938 1387 2987 isoi-

296 3006 387 3056 Codex
404 3003 448 3054 Sil.
467 3003 551 3054 habet
567 3009 677 3065 terrore,
701 3005 821 3056 sednon
857 3005 902 3054 dic
914 3009 1067 3066 mtpuotatr
1079 3009 1113 3056 ‚ut
1127 3005 1173 3055 ilic
1196 3007 1314 3072 Corbu),
1339 3011 1388 3061 ho
1454 3010 1455 3047 i

296 3080 353 3130 siue
365 3077 458 3128 lituris.
478 3076 561 3137 Quid,
573 3078 595 3127 si
607 3077 741 3140 legamus:
758 3080 823 3129 lici·
858 3089 904 3127 mo
928 3077 1037 3138 doctus,
1063 3079 1170 3129 babone
1187 3081 1311 3142 llaurus,
1340 3087 1388 3147 lac
1454 3088 1455 3093 ’

295 3163 396 3216 priapus
417 3155 477 3213 topc
498 3150 596 3200 simulet
612 3155 728 3212 tantoque
745 3152 822 3202 coto-
857 3154 1001 3217 propterca
1019 3152 1053 3202 ab
1070 3152 1163 3215 larba,
1181 3155 1326 3218 virgiliano
1344 3160 1388 3211 illo
1454 3190 1455 3197 .

295 3226 403 3289 noni»)
422 3251 450 3262 -
468 3225 643 3286 reprosanust]
662 3224 712 3274 «ad
728 3226 821 3277 vivum
858 3239 922 3289 rege
930 3227 946 3289 ,4
965 3225 1062 3276 loroito
1079 3229 1294 3292 cognominatus,
1317 3231 1387 3286 illius

296 3301 454 3364 exprimat.
478 3299 674 3362 lteprocaottorc
690 3301 762 3350 enim
780 3303 822 3352 est
857 3302 984 3351 virtutem
1008 3313 1125 3364 aequore
1146 3304 1277 3354 nimmtur
1300 3311 1332 3357 et
1346 3311 1388 3358 ni·

297 3385 372 3424 «rem
389 3386 459 3436 quae
475 3374 555 3424 abest
570 3376 742 3438 praesentem
758 3388 822 3425 cou-
858 3376 912 3425 mio
930 3375 990 3425 uisu
1007 3379 1035 3424 et
1050 3376 1147 3439 ingenti
1163 3378 1238 3428 vocis
1259 3378 1388 3433 laterum·

297 3449 474 3498 stituereff-r·
493 3449 573 3499 Poeta
591 3448 721 3511 siguificat
736 3448 821 3499 homi·
858 3449 1388 3522 queiutootiouodiapbragmadirumpe

296 3535 358 3584 nos,
382 3520 475 3585 quales
498 3519 562 3572 olim
584 3521 691 3573 luerunt
709 3524 821 3572 Laconi-
858 3525 901 3573 rot
911 3525 939 3572 et
949 3523 1036 3573 subita
1048 3527 1135 3574 morto
1147 3527 1275 3589 periret.
1262 3531 1386 3581 »lane

297 3599 354 3646 stae
380 3596 502 3654 Athenis,
533 3597 578 3658 qui
603 3593 819 3662 ἐλακωμάνουν,
857 3597 1003 3647 walcherii
1021 3599 1171 3650 comment.
1184 3598 1333 3653 dolarbita
1345 3607 1388 3655 44·

296 3667 431 3728 ἐκείνων,
452 3631 599 3739 ὲῤῥιύπων,
624 3667 820 3741 ἐσωκράτουν,
859 3671 1161 3735 magenisaemulatorc
1178 3674 1273 3736 (rocta
1288 3677 1385 3742 batp.

297 3737 425 3792 σκυτάλι’
451 3738 579 3813 ἐφόρουν
608 3743 748 3808 (aristoph.
771 3747 820 3795 Av.
859 3743 929 3809 494.)
946 3743 985 3795 Cl.
996 3747 1076 3796 etiarn
1087 3749 1195 3798 sustam
1207 3749 1388 3804 Scbanrs·

298 3816 358 3866 4464
373 3817 459 3880 sqql,
483 3817 676 3881 posterioribus
694 3821 822 3884 tempori·
859 3821 915 3883 put.
934 3820 968 3870 de
985 3821 1058 3870 Livio
1078 3824 1106 3871 et
1122 3823 1278 3886 Timagene,
1301 3826 1388 3877 bisto-

298 3889 350 3940 bus
366 3891 519 3964 Neocynici
860 3893 960 3944 riarum
966 3895 1151 3958 scriptoribus,
1158 3895 1280 3948 aemulis.
1289 3900 1386 3964 Stutig.

332 3965 372 4014 46.
384 3965 424 4015 46.
442 3957 738 4030 aopccetNJJCoustrue
750 3967 823 4016 «Lin-
861 3966 934 4018 4644.
947 3966 972 4018 4.
991 3968 1089 4019 Contra
1101 3971 1210 4033 Bergk
1202 3985 1229 4021 ru
1240 3983 1292 4022 suo
1303 3977 1334 4024 et
1344 3977 1389 4024 lu-

298 4049 349 4101 gua
367 4038 479 4090 larbiiae
497 4038 602 4091 aemula
614 4040 764 4103 Timagenis
779 4053 824 4091 ru-
860 4040 886 4090 lii
898 4042 1021 4093 Caesaris
1032 4044 1120 4093 Diuum
1132 4043 1204 4095 4644.
1219 4057 1246 4109 p
1261 4045 1320 4097 464.
1335 4049 1389 4098 co-

298 4113 338 4177 pit
353 4113 490 4174 Iarbitam,
509 4115 574 4164 dum
588 4113 683 4164 stolide
695 4114 823 4165 studaiu
859 4113 939 4166 drum
961 4115 1105 4168 arbitrabar
1124 4130 1185 4169 esse
1201 4120 1387 4182 comininum,

300 4185 466 4238 declamandi
484 4190 541 4238 arte
553 4201 639 4250 aeque
652 4187 769 4238 disertus
780 4201 824 4238 ur·
860 4191 958 4240 Horatii
975 4190 1100 4243 larbitam
1117 4191 1211 4244 iubam
1221 4195 1266 4252 ll..
1283 4196 1390 4248 ltaurc·
