2925 4892
248 376 310 442 502
609 374 738 425 iionnrn
755 371 976 423 EPISTULARUM

294 535 480 619 Cognomen
502 540 608 597 vertas
631 530 663 594 in
688 530 789 595 risum
811 537 845 593 et
865 525 973 592 labula
993 524 1063 593 lias.

293 654 419 721 Viribus
442 652 542 719 uteris
564 672 623 739 per
645 649 758 726 clivos,
782 647 928 724 llumina,
951 646 1069 726 lamas,

294 776 401 842 Victor
422 773 578 864 propositi
600 772 695 839 simul
718 793 757 839 oc
777 770 966 858 perveneris
988 768 1077 845 illuc,

295 898 348 965 Sic
369 896 510 985 positum
532 894 678 962 servabis
701 914 800 967 onus,
824 913 866 959 nc
888 891 968 959 lorte
991 890 1053 957 sub
1075 890 1128 955 ala

247 990 250 995 Ι
295 1018 496 1086 Fasciculum
517 1028 627 1105 portes
649 1014 821 1092 librorum,
845 1024 880 1081 ut
901 1011 1041 1079 rusticus
1063 1033 1197 1100 agnum,

293 1141 332 1207 Ut
352 1140 466 1206 vinosa
487 1138 613 1226 glomus
635 1137 770 1203 furtivae
793 1134 928 1223 Pyrrhia
948 1132 1057 1209 lanae,

320 1299 359 1351 tl.
377 1300 472 1364 glomus
488 1298 664 1363 nonuplis.
685 1297 789 1362 wbmrrs
806 1298 832 1357 S,
845 1298 882 1358 κ.)
1443 1357 1444 1370 ¹

252 1420 333 1470 lilVS.
353 1420 415 1481 QVI.
432 1418 611 1469 VOCITATVR.
625 1417 776 1469 ASELLVS.
815 1417 897 1482 ipsius
928 1416 1038 1465 actionis
1072 1417 1215 1479 imaginem
1244 1416 1343 1467 clarius
1443 1389 1444 1456 l

254 1520 282 1531 -
300 1494 397 1558 subdu]
416 1492 454 1543 Cl.
469 1492 552 1557 Epod.
567 1494 613 1552 tt,
630 1492 662 1543 8:
681 1492 780 1542 Fabato
815 1490 893 1541 nobis
910 1493 972 1541 ante
983 1490 1167 1555 oculosponit.
1194 1492 1342 1551 «bocora-
1443 1483 1444 1550 J

253 1574 350 1632 quanto
374 1570 430 1632 sui!
463 1569 553 1617 luven.
582 1567 627 1627 tc,
656 1566 703 1617 lbi
715 1582 720 1614 :
750 1567 780 1615 Ut
815 1565 914 1628 inquit,
951 1564 1082 1615 «dextera
1116 1568 1206 1616 teneto
1239 1564 1344 1617 libellos
1443 1571 1444 1606 1

251 1642 453 1705 praeparcae
469 1647 493 1692 et
509 1642 658 1693 &summio
673 1642 730 1705 itas.
815 1643 888 1700 nrm,
911 1651 975 1688 cum
991 1638 1027 1689 ad
1043 1641 1191 1702 Auprstum
1207 1639 1344 1691 admissus
1443 1637 1444 1642 ’

287 1719 375 1767 tlt-lb.
398 1718 494 1768 Viribus
502 1718 565 1782 oet]
578 1718 691 1777 locatur,
702 1715 779 1779 quasi
817 1714 884 1774 eris,
906 1726 940 1764 na
958 1712 1026 1765 torte
1042 1714 1142 1764 rustico
1159 1712 1247 1777 aliquo
1266 1717 1344 1777 gestu
1443 1709 1444 1762 ζ

254 1792 436 1843 difficillimum
454 1794 591 1856 inceptum
609 1791 677 1841 toret
691 1792 782 1841 exsa-
816 1790 841 1837 ei
866 1788 952 1838 risum
975 1800 1112 1838 moveas.»
1149 1788 1244 1849 (Minus
1268 1792 1344 1839 recte
1443 1787 1444 1846 ξ

253 1868 316 1918 bino
334 1870 444 1917 Romam
461 1867 613 1931 pervenire.
635 1890 662 1901 -
691 1864 780 1928 tamor]
816 1864 882 1912 Dan.
896 1862 1019 1913 Heinsius
1033 1863 1164 1913 coniecit:
1183 1864 1344 1925 Sepositumi
1443 1877 1444 1886 ¹

255 1940 378 1990 «lacunas
388 1942 781 2003 maiorescontinentesaquam
817 1936 889 1986 ilaec
905 1938 941 1985 ita
958 1936 1074 1987 imitatus
1092 1938 1134 1987 est
1144 1937 1269 1988 Martialis
1281 1941 1307 1999 5,
1320 1940 1345 1998 t,
1411 1992 1417 1999 ,
1443 1963 1444 1994 3

254 2012 372 2077 pluviam
396 2026 445 2063 seu
473 2013 627 2064 caelestem.
663 2014 779 2063 Ennius:
818 2011 866 2059 tc:
889 2012 942 2060 Ner
954 2012 1180 2074 porracertsisto,
1206 2013 1249 2062 sed
1265 2018 1347 2063 teneto

254 2087 384 2137 δέωαηιηι
407 2088 499 2147 sottus,
526 2088 636 2137 lambrus
651 2088 782 2149 tomosque
818 2085 860 2133 Sic
881 2089 1012 2145 tamquam
1034 2086 1096 2135 altit
1112 2088 1204 2149 offerus
1220 2100 1345 2151 agarque.

255 2160 374 2209 tidosas.»
416 2164 503 2211 Acnou
531 2164 558 2211 et
586 2162 670 2212 Couu.
700 2162 780 2218 Caro.
820 2184 848 2193 -
865 2159 1018 2209 runcano
1040 2161 1142 2225 maan]
1167 2162 1225 2211 lam
1250 2160 1347 2226 triplex

257 2236 352 2284 «Lamo
364 2236 406 2284 est
416 2246 524 2298 vorago.
552 2231 645 2299 λαμός
657 2236 728 2286 enim
740 2236 782 2285 est
819 2234 943 2297 proponit
964 2233 1117 2299 exemplum
1140 2234 1280 2286 annaeus
1298 2237 1349 2286 mi-

256 2307 409 2372 ingluvies».
420 2311 513 2359 Poma.
535 2311 653 2374 (adamae
663 2314 726 2360 sunt
736 2321 782 2358 vo-
819 2310 891 2359 nime
908 2309 1083 2360 imitandum:
1103 2310 1125 2372 l)
1143 2311 1291 2373 imaginem
1301 2324 1349 2360 ru-
1443 2371 1444 2374 Ἴ

255 2383 360 2445 regines
388 2387 415 2433 et
442 2384 530 2435 fossae
555 2385 696 2435 fluviorum
722 2378 782 2433 ἀπὸ
819 2385 878 2434 stici
900 2397 998 2447 agnum
1023 2383 1075 2434 sub
1093 2383 1169 2434 axilla
1185 2385 1221 2434 ad
1237 2398 1348 2435 mercc-

255 2454 307 2508 τοῦ
321 2458 409 2507 tanoi.
420 2472 445 2510 e.
458 2458 493 2508 ab
506 2458 628 2522 ingluvie.
647 2460 783 2509 nemterno
819 2461 877 2509 tum
905 2458 1027 2520 terentis,
1062 2458 1202 2510 ridiculam
1235 2464 1349 2524 propter

256 2531 352 2582 dicitur
368 2531 504 2596 ingluvies.
532 2532 604 2583 unde
620 2535 724 2584 Lamiae
740 2532 783 2583 di·
820 2533 960 2583 continuos
984 2531 1114 2584 bestiolae
1139 2537 1229 2584 motus
1250 2537 1278 2584 et
1297 2547 1348 2583 cu-

256 2610 353 2657 ountur
385 2607 566 2659 devoratrices
600 2620 781 2673 puerorum.»
819 2620 878 2658 ram
895 2608 1025 2665 hominis,
1044 2622 1078 2659 na
1093 2610 1119 2659 in
1131 2608 1219 2660 solum
1231 2607 1346 2669 desiliat,

257 2680 295 2731 ci.
313 2682 378 2733 Cod.
393 2683 432 2745 Ε.)
468 2684 535 2734 Cum
561 2684 665 2734 nonnisi
689 2684 716 2733 in
740 2681 782 2733 illo
821 2696 855 2733 ne
880 2682 914 2732 ab
939 2684 998 2746 ipso
1023 2684 1135 2735 tortame
1157 2682 1294 2742 laedatur;
1323 2684 1348 2746 2]

256 2756 331 2807 Ennii
355 2757 488 2809 versiculo
514 2761 541 2809 et
564 2760 607 2808 hic
623 2759 782 2823 reperiatur,
821 2758 990 2819 «Pyrrhiam,
1024 2756 1146 2808 ancillam
1175 2758 1202 2806 in
1227 2756 1348 2820 quadam

257 2830 363 2881 videtur
389 2830 493 2896 linguae
522 2834 637 2883 rusticae
663 2831 784 2883 vocabu·
820 2831 905 2881 Titinii
929 2831 1031 2891 tabula,
1058 2844 1128 2895 quae
1148 2832 1234 2881 cusu
1257 2830 1348 2883 lanam

257 2903 325 2965 lum,
345 2905 447 2955 asellae
465 2909 566 2958 rustico
588 2908 680 2971 utique
698 2908 784 2957 notis-
820 2905 944 2956 dominae
970 2919 1050 2966 suae,
1077 2907 1189 2970 propter
1212 2904 1348 2957 muroten-

258 2979 371 3037 simum3
391 2992 444 3041 quo
462 2994 526 3030 usus
540 2981 624 3031 semel
643 2984 684 3031 est
702 2982 783 3031 etiam
821 2981 885 3031 tiam
908 2982 944 3031 ita
969 2981 1097 3043 gestavit,
1123 2982 1154 3029 ut
1174 2978 1241 3029 taciti
1263 2993 1347 3043 opera

258 3050 357 3101 Dentes
382 3052 439 3116 (ins.
458 3054 502 3113 tt),
526 3054 589 3116 iu),
620 3057 712 3119 utpote
738 3057 784 3118 qui
821 3055 1094 3120 deprehenderetur.»
1106 3057 1198 3105 seron
1222 3055 1348 3105 Titinium

257 3123 318 3174 talia
335 3125 362 3175 in
378 3127 459 3176 vitam
476 3141 604 3178 revocare
624 3128 784 3193 linguaeque
821 3132 893 3181 bunc
909 3130 1058 3190 Fabricius,
1076 3130 1161 3180 Bothe
1173 3131 1254 3192 [Petit.
1267 3130 1345 3179 Com.

258 3210 322 3249 suae
340 3202 423 3265 copiis
441 3202 540 3252 addere
560 3208 673 3254 amaret.
704 3206 785 3255 Cete-
820 3220 847 3271 p.
864 3206 927 3267 bd),
954 3204 997 3255 alii
1020 3206 1128 3255 nomine
1150 3204 1249 3255 veteris
1272 3207 1347 3254 certe

258 3286 319 3325 rum
337 3290 401 3327 num
418 3290 451 3327 ex
468 3278 569 3329 Horatii
579 3278 638 3329 loco
650 3278 712 3330 illud
722 3292 784 3330 rnu-
820 3282 860 3331 rei
880 3279 1003 3345 publicae
1026 3283 1148 3344 tempore
1166 3280 1277 3329 minime
1294 3281 1348 3331 lto-

257 3352 346 3401 tuatus
364 3352 411 3414 sit,
435 3350 512 3403 valde
536 3352 662 3417 equidem
679 3353 781 3404 dubito.
821 3368 901 3405 mano
918 3357 1016 3405 vocant
1035 3355 1143 3405 Versum
1161 3354 1291 3414 reintrare,
1314 3366 1347 3403 ex

260 3450 287 3462 -
311 3426 393 3477 Victor
413 3428 545 3493 propositi]
570 3424 711 3500 ἐγκρατὴς
731 3424 784 3479 τοῦ
821 3429 885 3480 ialsa
917 3428 1030 3480 lectione
1061 3428 1133 3493 apud
1158 3429 1189 3489 Q.
1215 3429 1347 3479 Serenum

259 3500 382 3553 σκοποῦ.
413 3530 440 3538 -
467 3504 509 3553 Sto
530 3506 641 3566 positum
665 3502 783 3567 mmcbb]
821 3504 993 3553 Samonicum
1008 3517 1035 3553 v.
1055 3502 1135 3553 tcto:
1159 3502 1227 3552 Attia
1242 3516 1348 3564 praeoc-

259 3577 316 3626 asic
328 3590 412 3641 pones
424 3579 460 3638 et,
479 3580 684 3643 composueris,
703 3580 784 3629 etiam
817 3578 858 3640 pit
881 3578 954 3626 litim
978 3577 1099 3627 amman
1114 3578 1178 3626 nacti
1194 3574 1239 3640 (al.
1260 3577 1348 3639 Vertit,

260 3650 297 3699 sic
315 3650 448 3715 servabis,
468 3666 501 3703 ne
519 3656 587 3703 cet.»
614 3654 723 3717 Expone
735 3653 784 3716 igi·
822 3654 870 3715 (iat
892 3651 1069 3702 oemrtctcras
1085 3654 1349 3712 arpmsitmcreto-

260 3724 315 3782 tur,
334 3726 444 3788 utVirg.
458 3728 523 3777 Aen.
537 3726 561 3788 3,
577 3726 644 3777 2³6:
663 3732 785 3788 tectosque
820 3731 903 3791 gutur.
925 3754 952 3762 -
977 3724 1075 3789 vinosa]
1094 3723 1205 3775 nidicuii
1222 3738 1306 3775 causa
1323 3726 1348 3775 in

255 3810 304 3858 per
320 3798 422 3848 barbam
432 3800 575 3863 Dtspoouat
590 3807 785 3853 crematarum
822 3800 969 3852 comoediis
991 3814 1024 3851 ac
1047 3800 1136 3850 mimis
1160 3799 1348 3850 huiuscemodi

259 3872 362 3921 tricatio
378 3874 499 3935 conduct,
517 3875 610 3937 idest,
631 3878 680 3927 «ita
696 3876 785 3942 dispo-
822 3876 935 3926 feminas
958 3874 1135 3934 inducebant,
1161 3874 1193 3922 ut
1213 3874 1257 3923 est
1279 3875 1348 3924 Lena

259 3948 335 4005 nuni.
363 3949 392 3996 ul
416 3949 557 4011 legantur»
584 3954 611 4001 et
629 3952 783 4013 «condunt,
822 3952 849 4001 in
861 3949 944 4001 Plauti
956 3948 1110 4001 Cistellaria.
1123 3977 1152 3986 -
1165 3949 1276 4015 glomos]
1287 3950 1350 4000 For-

259 4023 288 4069 ut
305 4018 430 4071 lateant.»
463 4022 496 4073 V.
518 4026 627 4087 positum
652 4027 784 4077 artissime
823 4039 867 4076 ma
892 4026 1003 4090 pomp,
1021 4026 1045 4087 t,
1070 4024 1167 4074 idonea
1190 4024 1349 4074 auctoritate

259 4106 322 4145 eum
343 4108 368 4144 v.
388 4096 497 4147 armabis
517 4102 688 4152 coniunctum
706 4102 780 4151 mini·
823 4104 905 4151 caret.
925 4101 1020 4165 (Reisig
1030 4102 1086 4151 lot.
1097 4098 1229 4161 Sprcctw.
1243 4112 1271 4163 p.
1284 4096 1348 4156 ⁴29.)

259 4182 303 4219 me
325 4170 456 4234 significat
477 4174 566 4223 nescio
589 4188 670 4239 quam
692 4176 785 4239 singu-
822 4177 964 4227 Praeterea
987 4178 1061 4226 recte
1082 4173 1234 4224 Bentleius:
1265 4173 1349 4223 «Satis

258 4244 343 4298 larem
365 4243 530 4299 voluminum
552 4250 706 4313 positurum,
735 4250 785 4302 scd
822 4252 943 4317 protecto
970 4252 1019 4303 erit
1033 4242 1185 4313 'summm
1217 4248 1241 4298 si
1267 4259 1348 4299 ununr
