2925 4892
285 373 347 440 638
641 369 770 422 44444444
787 368 1008 422 4444444441

328 533 394 596 Nec
416 527 519 614 magis
542 524 687 612 expressi
711 521 816 589 voltus
837 542 897 609 per
918 529 1021 588 aenea
1042 521 1148 609 signa,

328 654 432 730 Quem
455 669 514 736 per
535 647 616 713 vatis
640 665 723 732 opus
746 663 854 710 mores
876 643 1042 729 animique
1064 642 1207 708 virorum

331 771 497 840 Clarorum
519 775 685 855 apparent
729 766 799 860 Nee
816 783 987 830 sermones
1008 783 1070 850 ego
1091 761 1219 828 mallem
1302 762 1356 825 250

329 895 490 980 Repentes
513 909 572 976 per
594 886 726 952 humum
749 904 849 973 quam
870 905 925 950 res
946 904 1143 972 componere
1165 891 1283 970 gestes,

329 1015 566 1097 Terrarumque
587 1008 668 1074 situs
689 1015 722 1072 et
744 1003 877 1071 flumina
897 1006 1010 1072 dicere
1031 1015 1066 1072 et
1085 1023 1179 1071 moes

331 1131 491 1199 Montibus
512 1129 679 1216 impositas
701 1137 735 1192 et
755 1125 894 1192 barbam
916 1146 1017 1213 regna
1037 1125 1168 1211 tuisque

331 1251 490 1340 Auspiciis
513 1259 613 1316 totum
635 1247 782 1314 conlecta
803 1245 912 1314 duella
932 1265 993 1333 per·
1013 1245 1128 1311 orbem

333 1372 544 1458 elaustraque
567 1366 737 1436 custodem
758 1367 848 1454 pacis
869 1365 1053 1432 cohibentia
1073 1367 1186 1431 lanum
1306 1366 1360 1430 255

354 1541 413 1592 444.
430 1540 486 1590 non
502 1539 586 1602 444444
602 1535 825 1598 enarrer-syonna
843 1533 978 1584 scemari.
999 1561 1026 1570 -
1045 1535 1141 1585 444444
1157 1549 1179 1586 s.
1272 1517 1276 1521 ’

290 1693 353 1742 isse.
380 1683 817 1747 sanemmusemieorumpudon
851 1687 964 1744 reperim
983 1695 1034 1744 444
1055 1683 1174 1745 44444444,
1200 1683 1287 1734 humili
1309 1683 1360 1734 stilo

291 1761 479 1823 consuluisset,
499 1762 522 1811 si
539 1760 652 1811 devivls
669 1758 721 1808 boc
738 1756 817 1807 dixis·
853 1757 1019 1820 conscriptos
1035 1755 1107 1808 dicit.
1135 1758 1175 1810 ct.
1188 1759 1359 1820 sonesti.
1427 1798 1428 1817 ,

291 1842 346 1899 4444
366 1835 556 1887 convenienter
572 1835 665 1884 contre
681 1843 817 1881 memora·
853 1833 956 1882 Rursus
976 1844 1007 1882 se
1029 1837 1155 1894 excuset,
1182 1847 1258 1884 cura
1274 1847 1360 1897 genere

290 1915 329 1964 vit
344 1911 475 1963 beneflcio
492 1910 518 1960 in
536 1909 657 1958 mortuos
673 1903 709 1954 nb
726 1905 817 1966 Augu·
853 1906 1016 1970 panegyrico
1033 1906 1173 1958 4444444444.
1201 1908 1239 1958 04.
1250 1909 1295 1958 04.
1307 1910 1327 1967 4,
1338 1908 1359 1957 4.

291 1989 333 2038 sto
357 1984 493 2036 collocate.
526 1985 618 2044 Neque
644 1992 710 2029 vero
735 1990 816 2028 orne·
854 1979 1362 2045 4,44,-4444444444444444444]4444

292 2057 449 2112 4444444414
474 2069 507 2107 ec
531 2055 631 2105 lumina
653 2050 737 2104 seculi
759 2053 815 2111 sui,
854 2055 926 2104 mine
943 2054 1019 2117 epioo
1035 2051 1077 2103 vel
1093 2056 1254 2118 panegyrico
1264 2059 1361 2106 resete

291 2146 362 2198 44444
390 2133 543 2182 nominasse
570 2127 734 2186 sufficiebat,
760 2126 818 2177 aliis
854 2128 1361 2192 gestesprnedicere.·-Terrormrmoe]

291 2211 401 2270 insuper
422 2203 544 2258 leudibus
572 2200 740 2264 indigebant,
767 2213 819 2250 nec
855 2215 887 2251 «a
904 2205 931 2252 te
948 2203 975 2252 in
991 2202 1125 2252 dicionem
1137 2205 1278 2254 4444444444
1293 2204 1362 2254 rede-

291 2284 371 2347 eptus
388 2280 447 2329 eret
462 2275 551 2336 locus,
577 2274 623 2324 ubi
647 2273 774 2325 desiderii
791 2276 819 2324 44
854 2279 985 2328 clarum.»
1002 2303 1031 2312 -
1049 2290 1122 2327 44444
1136 2279 1260 2329 nomeu
1273 2278 1362 2340 44444444-

292 2357 379 2408 444444
397 2353 431 2403 de
444 2361 537 2402 eorum
549 2351 719 2412 praematura
731 2351 818 2398 morte
854 2349 902 2414 444]
921 2361 1018 2414 «quoe.
1039 2352 1164 2413 4444444444
1179 2352 1307 2403 montibus
1322 2353 1361 2401 im

293 2427 511 2494 significationem
529 2423 638 2474 iaceret.
667 2423 705 2473 cl.
725 2423 778 2472 Set.
792 2424 817 2484 4,
855 2426 957 2491 positae
974 2428 1079 2484 essent,
1100 2427 1194 2477 44444444
1210 2441 1224 2476 e
1241 2428 1360 2490 44444444
1429 2436 1430 2447 ¹

293 2504 379 2566 eto.
394 2529 421 2540 —
439 2496 660 2562 44444444444444
679 2496 817 2558 ciunt,
855 2503 942 2550 44444
969 2498 1034 2550 niti:
1061 2499 1192 2550 «castelle
1210 2500 1360 2564 4444444444

292 2579 322 2640 4,
341 2578 372 2628 43
384 2588 444 2641 sqq.
469 2574 524 2625 Cic.
541 2586 591 2638 pro
606 2571 685 2622 444444.
704 2573 751 2632 ta,
770 2571 816 2620 eo:
856 2575 970 2636 eiusque
986 2571 1080 2636 legatis
1096 2577 1231 2625 exstructo
1246 2573 1361 2624 4444444444

292 2655 346 2714 Ari,
373 2661 431 2701 44444
453 2648 742 2711 emmunitatem,
768 2660 820 2696 eon
856 2647 908 2698 bus
932 2647 966 2696 ad
991 2647 1059 2698 lines
1089 2647 1195 2713 imperii
1219 2647 1359 2704 4444444444·

294 2729 439 2778 annnorum
452 2723 603 2786 4444444444,
621 2722 817 2783 4444444444,
855 2723 905 2774 sed
922 2721 1000 2780 illud,
1019 2735 1081 2774 cum
1098 2725 1294 2788 oppugnationis
1307 2724 1361 2772 ime

293 2801 400 2851 44444444
423 2797 496 2848 molti
519 2797 610 2846 44444444
633 2796 744 2846 4444444444
758 2794 820 2843 4444-
855 2795 1106 2860 ginemnobisente
1117 2797 1211 2848 oculos
1221 2799 1308 2862 ponat,
1321 2797 1361 2844 uti

294 2874 408 2937 44444444,
440 2871 602 2922 cononem
624 2869 767 2930 relinquere
788 2881 820 2918 44
855 2883 909 2934 qne
926 2867 1158 2942 ποιητικώτερον.
1178 2873 1217 2922 ct.
1229 2872 1275 2922 044.
1286 2870 1311 2931 4,
1326 2867 1359 2928 44,

293 2943 821 3008 4444444444444444444444444444444444-
856 2945 902 2994 444
920 2944 1361 3009 44444444444444444444444,-4444

294 3027 320 3071 to
343 3019 419 3068 444444
441 3017 567 3078 debentes,
593 3018 696 3067 44444444
715 3017 822 3081 4444444444
856 3019 1129 3081 44444444418444.
1142 3022 1256 3072 oeteo
1272 3017 1360 3070 44444444

294 3103 440 3156 4444444444
455 3095 479 3141 44
495 3090 620 3152 politum?
649 3093 717 3141 «Neo
735 3092 820 3154 megm
854 3094 951 3155 4444444
974 3094 1085 3154 doctu,
1109 3096 1207 3154 44444444
1227 3092 1360 3156 auspiciis

295 3167 383 3218 voltus
405 3165 589 3229 exprimuntur
609 3165 635 3214 in
652 3166 747 3216 statuis
764 3163 821 3216 cu-
855 3168 907 3216 4444
922 3167 1101 3228 0444444444,
1117 3167 1287 3230 4444444444,
1303 3169 1359 3216 444-

296 3251 388 3292 4444444
409 3239 528 3288 virorum
549 3250 631 3300 44444
648 3239 674 3288 in
694 3239 820 3302 poemate
856 3242 974 3303 44444444,
1010 3241 1165 3292 0444444444
1195 3257 1250 3292 esen
1275 3241 1358 3302 lupico

296 3327 387 3366 mores
410 3324 505 3363 eorum
522 3314 602 3376 etque
620 3313 726 3363 enimi.»
753 3316 820 3364 Pon·
856 3317 942 3366 omni:
959 3316 1018 3365 44444
1035 3316 1148 3366 4444444444
1163 3322 1187 3366 44
1203 3317 1359 3366 4444444444

296 3403 395 3442 444444.
415 3415 443 3425 -
470 3387 594 3452 44444444]
621 3389 726 3438 Curtius
744 3387 774 3449 3,
794 3389 819 3451 7,
856 3391 979 3440 soloen.
998 3389 1167 3451 (140444,
1178 3391 1220 3442 ti.
1238 3385 1357 3447 oniti.

297 3467 343 3516 444
365 3463 503 3514 4444444444
525 3475 558 3512 eo
579 3475 644 3511 4444
667 3467 822 3525 4444444444
857 3465 899 3514 33.
913 3489 941 3500 -
959 3464 1057 3527 444444]
1074 3463 1122 3514 0d.
1135 3463 1160 3524 4,
1174 3467 1215 3526 45,
1227 3465 1249 3514 9.
1266 3465 1357 3513 Sueten.

295 3551 423 3600 enpreseo.
439 3563 463 3574 -
484 3535 573 3600 444444]
593 3535 660 3586 Edd.
679 3535 821 3587 nonnullae
858 3537 972 3588 044444
985 3538 1359 3601 4444440444444444444444444

296 3613 399 3662 odanco.
426 3610 503 3674 Apud
516 3609 651 3673 Virgilium
668 3607 823 3660 constanter
856 3611 1083 3662 mnimacontna
1091 3611 1360 3664 vermeriensem

297 3684 517 3734 smihituraenm.
531 3683 820 3746 Clwagnerortbogr.
857 3699 930 3736 44444
953 3686 1080 3748 4444444444,
1112 3688 1142 3736 to
1167 3688 1245 3737 444444
1266 3683 1359 3734 44444444

297 3756 821 3821 444444.ρ.43944.-444444444]444444
857 3749 1173 3822 44444444144444,44444
1248 3761 1254 3772 '
1307 3765 1360 3818 44444

297 3843 328 3881 ee
346 3829 554 3880 demonstrant.»
572 3831 611 3881 cl.
625 3844 651 3881 v.
663 3831 721 3882 eit.
856 3837 950 3896 porto,
969 3834 1102 3883 4444444444.
1121 3836 1235 3897 (44.4.
1294 3827 1357 3880 stit.

330 3903 470 3954 nno-ede.
495 3904 627 3968 4444444444]
654 3907 770 3956 «sabens
793 3907 822 3956 et
858 3909 886 3956 et
901 3906 977 3968 itt..
1004 3906 1038 3958 de
1059 3920 1113 3971 quo
1133 3911 1222 3958 temen
1242 3900 1359 3956 4444044

299 3975 437 4042 epistolas,
464 3989 533 4040 44444
557 3991 711 4030 sermonem
733 3981 822 4042 quoti-
858 3980 904 4042 et,
922 3981 968 4030 344
994 3979 1151 4047 44444434
1175 3981 1229 4047 μέν
1252 3969 1301 4029 cdv
1317 3969 1359 4024 tiit

300 4051 408 4102 dionum
425 4051 568 4102 referunt.»
596 4055 652 4103 Sor.
671 4053 705 4103 ad
720 4055 782 4104 iter.
795 4054 820 4116 3,
855 4049 1009 4105 ’44444τό4
1020 4049 1356 4120 Γέμινον-4444444444·

301 4124 405 4186 imi:
424 4125 527 4176 Sermo
544 4127 823 4178 4444444444444444444
858 4124 894 4179 ori
909 4129 1009 4192 μέντοι
1030 4131 1080 4179 nat
1096 4127 1241 4193 4444444494,
1265 4124 1359 4190 timim

298 4200 407 4262 4444444444
425 4199 585 4261 4444444444
601 4199 727 4250 4444444444.
754 4203 822 4252 ilinc
856 4215 926 4252 nore
942 4201 1012 4252 belle
1029 4215 1091 4253 cum
1108 4205 1185 4255 04444
1206 4206 1233 4252 44
1247 4193 1357 4251 edentis
