2925 4892
250 333 311 398 442
630 330 760 383 4444444
777 330 959 383 4444444444

294 492 375 558 Cum
396 490 522 576 Sagana
544 486 666 553 maiore
687 483 879 551 ululantem:
903 482 1006 571 pallor
1029 493 1183 572 utrasque
1297 484 1341 547 ⁶25

294 614 428 679 Fecerat
449 608 630 677 horrendas
652 608 819 697 adspectu.
864 604 1018 693 Scalpere
1041 616 1160 671 terram

293 730 461 821 Unguibus
482 741 516 798 et
536 729 658 818 pullam
679 729 835 797 divellere
857 724 1022 793 mordicus
1045 746 1161 813 agnam

295 855 494 940 Coeperunt3
518 872 615 919 cruor
637 852 670 917 in
692 852 813 917 fossam
834 849 1004 921 contusus·
1027 856 1064 913 ut
1085 846 1159 911 inde

293 975 403 1040 Manes
424 973 594 1050 elicerent,
617 972 741 1039 animas
763 990 921 1058 responsa
943 967 1085 1035 daturas,

294 1096 402 1161 Lanea
423 1105 457 1160 ot
478 1092 601 1181 effigies
623 1104 708 1170 erat,
733 1091 833 1159 altera
855 1112 969 1159 cerea:
993 1090 1097 1155 maior
1300 1090 1345 1153 30

318 1275 360 1323 25.
377 1277 513 1334 4444444444
529 1269 647 1322 malebat
662 1270 833 1320 Ktrcbnarus.
854 1296 881 1304 -
900 1268 942 1319 at.
957 1262 1079 1319 'devellere
1094 1279 1121 1332 p.
1143 1295 1169 1303 —
1195 1268 1235 1317 49.
1254 1268 1311 1317 444-

203 1368 211 1375 ·
285 1360 329 1398 nee
343 1346 461 1397 4444444444
477 1346 591 1407 44444444,
608 1358 730 1408 response
746 1344 852 1394 4444444
869 1341 987 1393 distinxit
1004 1343 1030 1391 4.

254 1498 318 1545 sunt
339 1494 512 1554 feminarum,
538 1494 623 1557 aporii
644 1494 780 1543 utrorum·
817 1492 913 1555 Zumpt
929 1490 964 1541 ad
984 1490 1039 1541 Cic.
1058 1490 1134 1540 verr.
1153 1490 1184 1549 3,
1210 1491 1255 1551 66,
1284 1489 1345 1541 tte.

255 1583 322 1633 que:
340 1570 414 1635 qnod
430 1570 535 1634 quoties
547 1569 582 1620 de
598 1567 725 1619 masculis
737 1580 782 1617 oo-
818 1592 846 1603 -
866 1566 984 1628 scalpere
999 1570 1096 1615 mom
1115 1564 1249 1629 4444444444]
1267 1577 1348 1615 soro-

254 1645 338 1695 currit
355 1644 398 1707 (de
416 1644 522 1708 Orpheo
539 1645 646 1695 44444444.
661 1644 707 1702 44,
725 1643 778 1702 57..
816 1642 881 1693 bern
899 1640 1032 1696 lactorae;
1050 1638 1184 1691 efficacior
1197 1642 1288 1690 antem
1299 1640 1348 1689 bio

253 1720 359 1770 Baccho
377 1720 469 1782 [immo
482 1718 516 1768 de
531 1716 650 1781 Bacchis]
669 1719 698 1766 A.
710 1718 741 1765 A.
755 1716 780 1776 4,
817 1716 904 1775 44444,
923 1728 1005 1779 444444
1017 1714 1040 1765 si
1051 1712 1111 1777 pale
1122 1712 1165 1763 vel
1176 1725 1265 1764 merra
1276 1726 1347 1765 usae

254 1793 323 1853 ott,
340 1797 438 1843 Amore
450 1795 508 1842 4444.
521 1792 546 1853 3,
564 1793 589 1853 9,
608 1792 658 1853 44.)
676 1789 780 1853 absque
818 1792 916 1841 essent.
953 1787 1073 1839 Philostr.
1098 1787 1150 1837 vit.
1172 1786 1292 1850 Apollou.
1312 1788 1345 1845 6,

253 1866 383 1918 librorum
395 1866 572 1931 discrepantia
582 1867 694 1917 exstat.»
712 1868 782 1917 blan·
818 1867 858 1916 44.
877 1879 903 1929 p.
916 1863 978 1915 2494
998 1862 1066 1913 Geel
1082 1859 1138 1925 μὲν
1154 1856 1210 1931 γὰρ
1227 1858 1350 1921 χθόνιοι

254 1954 302 1991 rau
319 1940 353 1989 ad
375 1940 450 1991 Ovid.
469 1941 546 1990 Trist.
564 1954 590 2005 p.
606 1942 631 1989 Ξ.
658 1940 712 1990 Cir.
730 1939 779 1989 Od.
816 1937 945 2011 βόθρους
970 1933 1152 1999 ἀσπάζονται
1177 1936 1226 1985 καὶ
1251 1930 1288 1984 τὰ
1312 1934 1349 1986 ἐν

254 2014 284 2074 3,
297 2014 343 2074 20,
357 2012 396 2064 44.
412 2041 439 2049 -
452 2014 559 2078 Sepone
573 2015 678 2079 maiore]
693 2016 781 2065 «llaec
817 2014 900 2086 κο4λῃ
920 2010 955 2084 τῇ
976 2010 1011 2081 γῇ
1031 2006 1172 2082 δρώμενα.
1194 2036 1221 2047 —
1243 2010 1347 2072 44444444

254 2088 356 2150 Sagana
372 2085 467 2137 liberta
487 2087 568 2139 luisse
585 2088 681 2140 dicitur
700 2090 781 2139 Pom·
816 2117 828 2127 -
843 2117 855 2127 -
871 2088 975 2153 opacet]
993 2086 1053 2137 Vid.
1073 2085 1108 2135 ad
1123 2099 1149 2136 r.
1168 2084 1209 2135 86.
1231 2112 1257 2121 -
1276 2099 1350 2135 44444·-

254 2161 327 2225 ponii
341 2163 482 2223 senatoris,
500 2164 546 2226 qui
557 2176 573 2212 a
585 2163 729 2223 triumviris
742 2165 783 2213 est
818 2164 895 2228 44444]
913 2164 944 2215 444
965 2174 1015 2225 per
1038 2162 1122 2210 totam
1138 2160 1208 2209 banc
1225 2160 1350 2221 magico-

254 2237 434 2301 proscriptus;
451 2236 546 2287 babuit
557 2238 648 2287 autem
659 2248 782 2287 sororem
819 2252 878 2289 rum
894 2238 994 2288 rituum
1006 2235 1213 2299 descriptionem
1224 2234 1350 2284 domina-

255 2311 518 2372 senatuminorem;
535 2311 784 2362 idcircobicmoior
819 2317 862 2365 tur
889 2309 1036 2375 hyperbole
1063 2310 1179 2368 comica,
1209 2309 1248 2359 sic
1274 2308 1301 2358 b.
1327 2307 1348 2358 l.

256 2384 378 2435 dicitur.»
403 2385 488 2436 Cora.
508 2386 588 2443 Cano.
613 2386 659 2447 (Ex
670 2398 784 2436 consue·
820 2387 950 2451 imprimis
962 2398 1019 2434 narn
1033 2382 1174 2434 ridiculum
1192 2382 1218 2432 in
1232 2381 1348 2432 modum

255 2458 347 2508 tudine
373 2459 463 2509 Latina
484 2472 511 2508 v.
528 2459 626 2508 maiore
647 2460 686 2510 sic
710 2458 782 2508 nude
821 2461 970 2523 exaggerat.
986 2486 1014 2494 -
1027 2459 1178 2520 4444444441
1194 2456 1350 2508 Recordare

256 2534 372 2598 positum
389 2534 433 2583 vix
449 2534 618 2599 interpretari
640 2546 783 2598 possumus
821 2533 898 2594 Ulixis
923 2533 1019 2595 Odyss.
1045 2532 1079 2593 λ,
1106 2531 1139 2585 34
1163 2545 1223 2596 sqq.
1246 2532 1277 2581 95
1301 2544 1348 2595 sq.

257 2620 320 2659 cum
336 2611 454 2658 Acrona:
483 2610 613 2669 «maiore,
638 2621 720 2672 quam
737 2608 785 2657 luit
823 2607 942 2659 philostr.
961 2608 1023 2657 ller.
1038 2608 1083 2668 48,
1102 2606 1125 2657 3.
1144 2621 1171 2671 p.
1191 2598 1351 2657 728z'llae-

257 2684 315 2748 ipsa
342 2682 490 2743 Canidia»,
519 2680 562 2734 vel
593 2682 782 2746 «potentiore,
821 2696 877 2733 στα
894 2675 1031 2751 γὰρπρός
1047 2678 1209 2745 allecem
1223 2676 1352 2751 βάθροις

257 2768 340 2821 444444
366 2755 474 2806 Canidia
494 2756 595 2807 44444444
618 2756 784 2819 magicorum
821 2756 853 2807 αἱ
869 2756 966 2819 ψυχαὶ
981 2752 1149 2818 ψεύδονται.
1165 2783 1192 2792 -
1209 2756 1236 2804 in
1251 2756 1353 2818 fossam

258 2830 378 2880 nondum
396 2842 483 2893 aeque
499 2830 613 2891 perite»,
632 2842 695 2879 cum
706 2830 784 2879 444444-
821 2830 945 2895 conlatu]
965 2832 1066 2883 «omnis
1084 2834 1125 2881 est
1142 2830 1216 2881 lusus
1233 2830 1259 2879 in
1274 2842 1353 2879 scro-

257 2905 342 2954 riobio
360 2906 387 2952 et
407 2905 554 2964 Diintzero‚
582 2916 651 2966 qnos
676 2901 782 2963 44444444,
822 2907 912 2957 bern.»
934 2930 961 2941 -
978 2906 1066 2956 Mones
1081 2933 1097 2944 -
1113 2903 1221 2967 animos]
1238 2904 1287 2953 Vix
1304 2903 1353 2953 di-

259 2976 384 3027 Canidiae
403 2976 535 3026 albicet
557 2976 640 3040 Epod.
659 2979 683 3028 6.
704 2979 784 3041 atque
822 2980 939 3031 cendum
957 2980 1016 3029 arat
1036 2992 1096 3031 esse
1114 2980 1184 3028 hanc
1200 2977 1351 3042 appositio·

259 3051 298 3100 ii.
317 3050 418 3113 primas
434 3051 525 3113 partes
536 3049 633 3112 tribui,
651 3052 785 3101 secunda·
822 3068 897 3113 444444,
924 3054 948 3105 si
965 3067 1016 3104 nec
1039 3054 1089 3103 Fea
1111 3055 1203 3104 contra
1221 3054 1351 3103 Latinita-

258 3126 311 3175 rias
336 3123 474 3173 dumtaxat
497 3125 616 3188 Saganae
642 3128 669 3175 44
693 3126 783 3177 valae.
822 3132 878 3180 tem
896 3128 1040 3178 iunxisset:
1070 3128 1169 3177 animas
1192 3140 1292 3187 44444444,
1318 3128 1351 3179 id

258 3198 338 3250 Solita
354 3197 545 3261 significatione
568 3198 686 3251 indicare
703 3199 786 3251 voluit
822 3206 875 3265 est,
893 3202 991 3262 bonas,
1005 3214 1092 3265 usque
1105 3201 1171 3253 alius
1183 3202 1352 3253 construxis-

258 3276 338 3339 poitta
363 3274 494 3335 6444444444
520 3274 650 3325 maiorem
675 3277 786 3338 propter
821 3282 875 3341 set,
904 3284 947 3329 «44
968 3278 1020 3341 (dii)
1042 3292 1128 3329 mones
1151 3279 1265 3329 elicerent
1287 3279 1351 3329 eni-

258 3350 331 3412 ipsas
358 3346 408 3397 bas
435 3349 508 3397 artes
536 3350 621 3411 magis
653 3348 785 3400 famosam
820 3367 901 3405 mosa
947 3355 1010 3403 Tota
1040 3366 1084 3404 res
1114 3356 1205 3403 4444444
1236 3367 1351 3418 prorsus

258 3423 431 3487 fuissequam
442 3422 575 3474 minorem
586 3436 717 3475 sororem.
734 3426 785 3475 Pro
822 3430 1001 3479 consentanea
1018 3426 1139 3491 populari
1156 3427 1260 3479 illorum
1276 3430 1351 3477 4444-

258 3498 321 3549 llcto
338 3498 447 3548 nomine
465 3511 480 3547 a
496 3512 523 3549 v.
535 3512 600 3563 sepa
616 3497 699 3549 babet
710 3500 785 3549 Diiu-
821 3515 918 3567 porum
936 3502 1126 3565 superstitioni.
1145 3502 1187 3551 Sic
1200 3504 1254 3553 Cic.
1268 3504 1348 3553 Tuae.

258 3576 328 3633 tzar,
355 3571 405 3621 sed
425 3571 532 3622 diversa
555 3575 598 3624 est
619 3572 738 3637 syllabae
755 3586 786 3623 sn
824 3578 850 3636 4,
871 3576 917 3636 46,
940 3575 984 3624 344
1012 3588 1078 3637 paee
1096 3588 1165 3625 meru
1181 3578 1278 3627 amiate
1295 3578 1352 3639 Ap-

259 3645 412 3707 qnantitas.)
424 3645 604 3711 -etoteeum1
615 3640 786 3714 Ὀλολυγμο4
819 3650 878 3712 pius
893 3654 1100 3719 νεκρομαντεῖα
1114 3650 1231 3713 faciebat.

259 3719 375 3767 maxime
393 3718 497 3769 leminis
514 3719 541 3768 in
558 3721 642 3771 saeris
662 3722 786 3773 44444444-
855 3722 944 3773 30-36.
970 3723 1058 3773 laneo
1073 3723 1135 3787 cet]
1148 3724 1234 3773 Leuso
1245 3723 1352 3773 relere-

259 3793 310 3841 tur.
340 3790 393 3840 Cir.
413 3792 605 3855 4444344448,
624 3793 681 3845 488.
708 3796 784 3845 Ovid.
822 3795 1032 3856 batCauidiam,
1050 3810 1137 3858 44444,
1156 3811 1353 3861 4444444444-

259 3865 365 3915 blatam.
384 3864 413 3923 7,
432 3864 489 3914 4944.
510 3892 536 3901 -
559 3868 688 3931 utraeque]
712 3870 785 3919 «Non
823 3871 865 3919 tur
893 3869 1007 3931 igneque
1036 3867 1187 3933 liquaiieret
1215 3872 1252 3935 (v.
1276 3870 1350 3935 tt),

259 3938 724 4005 necessariacouieoturautrumpue.
745 3944 783 3995 Cl.
822 3945 970 3995 amatorem
986 3944 1131 3996 infidelem.
1171 3948 1290 3997 44444444
1313 3947 1352 3997 44·

259 4012 331 4075 virg.
349 4014 415 4063 Aen.
433 4012 460 4073 6,
487 4014 544 4065 686.
575 4015 629 4068 Cic.
651 4029 678 4081 p.
697 4019 782 4082 Ligur.
821 4018 896 4082 iigies
914 4016 1106 4082 Compitalibus
1124 4022 1204 4070 noctu
1216 4019 1351 4071 dabantur

260 4087 305 4147 ti,
323 4086 364 4136 36.
394 4084 445 4137 Sal.
465 4086 593 4139 64444430.
613 4092 690 4142 Caes.
709 4093 782 4142 tao.
821 4094 847 4142 in
865 4093 993 4157 compita,
1021 4096 1060 4144 tot
1077 4107 1202 4155 44444444,
1229 4098 1294 4158 quot
1316 4094 1351 4145 li·

261 4160 342 4223 t,s³.
363 4162 390 4211 Β.
405 4161 433 4211 C.
452 4162 480 4221 4,
494 4162 536 4211 6.»
565 4163 683 4214 Diruere.
703 4165 780 4215 Conl.
820 4165 901 4218 beros
919 4167 1041 4217 homines
1062 4168 1241 4233 precabantur
1257 4170 1351 4220 salvos
