2925 4892
285 353 348 418 428
649 353 780 404 nonam
795 351 1016 405 nnsnonanuu

330 509 485 599 Incipiam
506 509 676 598 patiarque
698 506 751 575 vel
772 506 974 574 inconsultus
996 505 1119 572 haberi.

329 631 414 713 Quid
436 652 502 698 non
526 629 666 697 ebrietas
688 630 860 718 designat?
882 633 1004 718 Operta
1026 626 1177 701 recludit,

328 755 411 842 Spes
434 753 523 820 iubet
544 772 619 820 esse
641 761 742 830 ratas,
766 751 809 818 ad
831 749 955 839 proelia
976 731 1077 816 trudit
1097 749 1249 826 inertem

328 874 478 943 Sollicitis
501 874 616 941 animis
640 895 722 941 onus
747 872 872 950 eximit,
897 872 1037 938 addocet
1058 879 1154 936 artes.

331 995 473 1064 Fecundi
496 995 614 1063 calices
636 1015 736 1084 quem
756 993 951 1061 nonfacere
975 990 1154 1059 disertum?

353 1205 393 1254 444.
413 1205 535 1269 designat
550 1203 594 1254 bo.
617 1230 644 1239 -
664 1203 703 1252 47.
722 1201 769 1266 444]
793 1201 821 1250 tn
837 1202 878 1251 nt.
913 1201 953 1262 (Ut
968 1212 1032 1260 nos,
1056 1198 1167 1264 bSchp
1184 1200 1213 1250 et
1228 1198 1334 1249 Pottiarii

320 1279 433 1342 omnes.)
449 1307 473 1317 -
488 1279 609 1329 4444444444
625 1276 751 1337 bonnet.
771 1276 811 1338 (Ut
821 1287 884 1337 nos,
903 1275 941 1326 SE
953 1278 981 1325 at
991 1274 1045 1325 duo
1054 1274 1192 1326 dumtaxat
1207 1272 1334 1332 Pottierii.)

287 1465 400 1516 iniectos
421 1462 527 1514 ludibrii
545 1477 624 1516 eausa
643 1463 814 1530 spargebant.
852 1463 974 1527 etprmseet
990 1462 1094 1523 4444444.
1114 1461 1161 1523 40,
1178 1461 1210 1512 24
1228 1460 1313 1511 itineri
1326 1459 1363 1507 444-

287 1565 303 1576 ·
320 1565 335 1575 -
349 1539 378 1589 ln
401 1536 491 1588 tabula
514 1538 630 1602 quadam
654 1539 816 1603 Pompeiana
852 1539 980 1601 4444444444
995 1538 1121 1586 4444444444
1137 1535 1324 1599 nenofantus!
1349 1534 1354 1544 '

288 1613 371 1664 flores
393 1615 420 1662 et
442 1624 552 1663 mensae
574 1615 602 1663 at
622 1611 678 1663 solo
701 1613 816 1675 inspersi
852 1612 1017 1662 4444444444.
1029 1613 1077 1662 Est
1087 1611 1177 1674 igitur:
1192 1608 1364 1661 «confidenter

289 1688 443 1738 cernuntur.
473 1686 504 1736 V.
522 1687 632 1749 Penmeii
653 1687 684 1736 11.
707 1699 735 1750 p.
757 1686 813 1737 404.
852 1687 944 1738 ebrius
961 1689 990 1737 et
1005 1687 1086 1737 sentit
1101 1688 1129 1736 et
1145 1685 1224 1747 iacit,
1243 1683 1364 1748 quaesie-

287 1763 340 1825 Fig.
355 1761 414 1812 ts.»
443 1762 534 1811 044444.
557 1761 596 1813 Gi.
609 1761 712 1811 Becker
728 1761 817 1812 Guttae
852 1774 901 1812 cus
923 1762 967 1810 vix
992 1761 1131 1811 auderet.»
1161 1760 1281 1824 (Prorsus
1301 1755 1363 1808 arbi-

289 1835 341 1898 (ed.
355 1834 410 1898 alt.)
428 1836 470 1886 ill.
484 1849 511 1900 p.
525 1836 575 1886 2444
586 1848 628 1900 sq.
650 1837 748 1886 Contra
759 1849 816 1885 mo·
851 1835 931 1885 traria
939 1832 1023 1884 altera
1032 1837 1075 1884 est
1083 1834 1264 1897 interpretatio
1270 1833 1363 1882 comm.

288 1912 334 1960 net
344 1909 524 1970 Diintzer,da
536 1911 648 1960 convivii
660 1909 815 1971 initi0,non
852 1908 981 1971 Cruq.ad
998 1908 1108 1972 Eppt,
1127 1908 1156 1968 7,
1174 1907 1205 1956 6:
1233 1907 1365 1969 «4444444444
1436 1970 1437 1973 ¹

288 1984 323 2034 de
343 1983 410 2044 fine,
434 1985 462 2035 in
483 1997 536 2048 quo
558 1983 674 2034 ebrietas
691 1983 814 2034 domine·
852 1985 893 2033 ast
904 1981 1117 2042 «contundere,»
1134 1984 1165 2031 ut
1176 1983 1205 2031 et
1216 1981 1291 2032 alibi:
1309 1979 1365 2042 0444

288 2060 344 2118 tur,
367 2059 417 2121 agi.
446 2059 570 2108 Attamen
587 2058 676 2107 omnia
695 2070 764 2121 quaa
786 2058 814 2106 in
850 2071 900 2107 444
923 2056 1029 2106 ebrietas
1050 2055 1210 2120 4444494442»)
1229 2083 1256 2094 -
1275 2050 1364 2117 operta]

289 2131 415 2182 conviviis
438 2131 495 2182 fieri
518 2130 594 2182 solita
612 2133 688 2181 erant
703 2144 734 2182 se
752 2131 815 2182 dicit
851 2133 909 2182 Non
925 2133 1001 2191 sunt,
1026 2134 1056 2180 ut
1077 2129 1186 2194 qiridam
1203 2129 1306 2190 volunt,
1327 2141 1365 2178 ar-

287 2206 471 2270 ineepturum;
491 2207 569 2269 igitur
586 2207 666 2256 etiam
679 2205 814 2256 ebriosam
852 2218 918 2256 cana
936 2219 982 2267 ea,
1001 2218 1071 2269 quae
1082 2205 1117 2254 ab
1129 2205 1224 2255 amieis
1236 2203 1365 2255 commissa

288 2278 360 2330 illum
385 2279 481 2329 tiorum
505 2280 671 2343 sparsionem
695 2279 738 2342 (de
761 2292 813 2342 qua
852 2281 909 2331 sine
939 2279 1069 2344 perfidiae
1100 2280 1213 2330 crimine
1238 2279 1316 2342 retegi
1338 2288 1365 2326 ae

289 2354 322 2406 cl.
336 2353 384 2405 044.
399 2355 427 2415 3,
447 2355 493 2415 tii,
511 2353 573 2417 22),
598 2356 626 2404 44
646 2354 732 2418 prima
754 2355 815 2416 qui-
851 2354 929 2419 prodi
945 2367 999 2403 non
1015 2356 1130 2418 possunt
1146 2354 1183 2416 (ut
1198 2356 1242 2404 est
1253 2366 1314 2404 sane
1324 2349 1364 2401 044

289 2430 352 2481 dem
370 2427 747 2489 sinedubiofiebatasarvis,
761 2440 815 2478 non
853 2430 881 2490 4,
909 2428 955 2489 48,
983 2428 1043 2490 toi,
1070 2427 1119 2478 sed
1144 2428 1244 2478 secreti
1268 2428 1294 2477 et
1317 2424 1365 2473 ven'

289 2500 816 2567 acompotoribus.-1netptem]·1.ae-
852 2515 948 2553 sensus
971 2503 1100 2552 connvaa
1121 2502 1221 2566 ipsius,
1247 2501 1291 2565 qui
1311 2497 1366 2548 alias

289 2579 360 2629 titiae
391 2577 492 2626 effusae
521 2589 553 2626 ao
580 2589 645 2627 vera
671 2573 815 2627 convivalis
853 2590 900 2628 eos
918 2575 1059 2627 difficulter
1076 2588 1138 2626 eum
1154 2574 1214 2626 aliis
1233 2573 1367 2626 communi

289 2664 338 2716 ego
364 2651 441 2702 vobis
467 2649 620 2714 exemplum
649 2649 815 2716 praebebo.»
852 2653 935 2702 caret.
960 2650 1000 2701 cl.
1015 2650 1063 2701 od.
1077 2650 1107 2712 3,
1119 2651 1147 2699 24
1160 2687 1166 2710 ,
1180 2651 1213 2700 ss
1226 2663 1267 2714 sq.
1291 2645 1365 2712 Epod-

291 2725 492 2790 —ineonsattesl
512 2725 577 2784 «Qui
593 2723 703 2776 liberius
715 2727 744 2776 et
759 2725 816 2776 dis-
853 2727 899 2787 44,
919 2723 959 2776 44.
987 2723 1186 2786 sat.l,l,89.
1203 2721 1365 2788 -speaeetl

289 2800 401 2851 solutius
421 2813 451 2850 se
477 2799 592 2850 laetitiae
618 2800 739 2861 tradunt,
765 2800 816 2863 ipsi
853 2800 1016 2852 «remundes
1038 2799 1117 2851 nobis
1140 2813 1278 2864 nunquam
1302 2798 1365 2854 lore.

289 2889 319 2926 se
341 2875 427 2937 furere
450 2875 507 2936 (Od.
524 2875 554 2934 2,
573 2873 601 2934 l,
624 2874 686 2938 28),
705 2875 816 2935 desipere
851 2879 882 2927 ut
897 2889 962 2940 spes
979 2877 1087 2926 nostrae
1104 2873 1296 2938 decipiantur.»
1319 2870 1367 2922 444·

290 2947 347 3009 (Od.
370 2947 402 3008 4,
429 2948 476 3007 42,
502 2948 554 3010 28.)
581 2945 649 2998 velle
676 2945 816 3013 (μανῆναι
852 2954 914 3002 sict.
927 2950 1029 3010 atne,
1048 2951 1093 3000 tl:
1113 2944 1252 3000 τοιοῦτον
1266 2946 1297 2999 δὲ
1311 2959 1367 2996 κοι-

289 3022 385 3071 Anser.
399 3020 444 3082 43,
463 3020 514 3082 42.)
532 3022 630 3070 aiunt.»
657 3022 780 3072 Donnme.
852 3023 921 3078 οὖσι
937 3025 988 3076 καὶ
1004 3025 1036 3075 οἱ
1049 3020 1280 3090 μώυσκόμενοι·
1297 3015 1367 3073 erisi-

852 3098 930 3163 πιδες
957 3095 1013 3171 γὰρ
1039 3091 1176 3165 γίνονται.
1207 3128 1237 3139 -
1265 3092 1366 3158 instem]

324 3168 411 3218 46-244.
442 3167 507 3229 Quid
531 3181 581 3218 non
607 3168 670 3233 cet]
695 3169 816 3220 Exsultat
852 3174 983 3239 «alioquin
1011 3175 1136 3237 ignamm
1161 3187 1193 3224 sc
1223 3173 1366 3226 timidumt·

290 3241 415 3303 laetitias.
439 3242 466 3292 in
483 3253 564 3305 quam
586 3255 648 3293 mox
666 3256 727 3294 eum
749 3246 815 3295 Tor·
852 3247 1155 3313 aptiusqnamaliorum
1165 3249 1296 3309 momen,
1313 3243 1367 3307 quit

290 3318 370 3381 quato
391 3331 421 3368 se
443 3316 577 3369 effusurus
598 3318 645 3378 sit,
673 3321 815 3382 exspecta·
851 3323 966 3373 hominis
985 3322 1069 3385 ipsius
1086 3323 1223 3384 ingenium
1239 3324 1299 3373 vino
1314 3330 1368 3369 mn·

290 3391 369 3442 tione.
396 3417 424 3428 -
449 3392 570 3456 designet]
596 3393 727 3456 4444444444
752 3393 778 3458 (b
786 3407 814 3444 e·
852 3398 902 3445 tari
919 3395 1062 3459 significat:
1081 3397 1202 3446 inensem
1217 3409 1270 3446 ene
1285 3395 1366 3444 eontra

187 3465 189 3470 ’
287 3466 442 3532 asininas)
464 3468 679 3528 «constituere»
700 3467 813 3519 deinde:
851 3483 896 3520 res
913 3469 1019 3520 fortuita
1041 3471 1092 3521 est.
1121 3468 1319 3528 ciaconii,
1340 3465 1366 3523 ὗ.

289 3542 477 3592 «consitutum
488 3542 608 3604 exsequi,
621 3544 814 3606 patrare-quo
853 3544 896 3594 ro:
919 3545 976 3605 qais
988 3545 1057 3607 serre
1068 3545 1149 3606 possit
1163 3545 1256 3594 4444444
1269 3540 1368 3592 minet

288 3627 340 3665 usu
356 3615 488 3665 invenitur
503 3615 575 3678 apud
592 3614 674 3666 Plaut.
692 3617 769 3668 blost.
783 3617 812 3679 2,
850 3618 992 3680 {mummii
1006 3619 1069 3668 44444
1083 3617 1219 3669 insidiari?
1235 3619 1296 3668 Tac.
1308 3615 1365 3664 ilist.

289 3688 372 3749 4,66.
393 3689 647 3751 444444.Α44.4,2,
666 3691 695 3740 6:
712 3691 816 3740 nomit-
852 3693 882 3752 4,
901 3691 948 3743 46ε
975 3693 1368 3755 lnereproetrenaotema·

289 3762 328 3824 44,
348 3763 608 3826 444444444444444
618 3769 689 3825 sunt,
708 3765 812 3814 Omitte:
850 3767 964 3828 44444444
987 3767 1094 3817 redibat.
1120 3795 1149 3804 -
1173 3768 1278 3818 44444444
1300 3760 1367 3821 arto]

288 3837 361 3885 modo
371 3837 432 3897 qaid
443 3837 581 3900 4444444444
591 3838 626 3902 (id
639 3841 689 3899 ast,
704 3851 814 3902 «perpe-
852 3839 933 3890 «dum
949 3843 1059 3905 potores
1077 3839 1205 3892 exhilarat
1228 3845 1368 3900 eorumque

288 3909 461 3972 travitsilubi
473 3912 602 3964 Donatus:
617 3914 814 3977 «4444444444
850 3915 985 3978 ingenium
1003 3916 1115 3977 excitat,
1135 3915 1228 3976 elficit,
1248 3914 1365 3966 stares,

289 3995 348 4034 rem
360 3997 457 4035 novam
470 3985 558 4050 (atque
570 3988 710 4051 insignem)
723 3987 812 4039 iacere
850 3990 944 4054 poesin
960 3990 1092 4054 imprimis
1102 3991 1184 4053 atque
1195 3985 1367 4052 eloquentiam

289 4059 316 4108 in
333 4059 475 4124 utramque
493 4063 609 4125 partem,
629 4064 657 4112 et
673 4061 774 4114 bonam
785 4066 814 4113 ct
849 4063 962 4128 pulchre
973 4062 1070 4114 callere
1082 4063 1133 4115 sibi
1144 4063 1297 4121 videantur;
1309 4057 1367 4122 quin

289 4129 414 4183 malam.»
441 4134 480 4184 Cl.
499 4133 573 4198 spui.
590 4137 698 4188 bletam.
715 4138 744 4198 8,
763 4137 811 4188 28:
851 4139 931 4189 etiam
949 4150 996 4188 eos
1013 4137 1048 4188 ad
1066 4140 1175 4189 cantum
1191 4135 1368 4189 saltationem·

289 4208 812 4275 44444444444444444444444444444444·
849 4225 902 4275 que
924 4214 1077 4276 provocat.»
1106 4213 1137 4262 V.
1160 4211 1283 4262 4444444444
1302 4215 1367 4258 nunc
