2925 4892
267 340 328 403 725
750 338 878 387 uonarn

309 494 450 568 Sesami,
477 492 582 558 donec
603 501 715 558 cantor
737 493 799 557 Vos
822 489 963 576 plaudite
987 490 1088 562 dicat,
1296 488 1350 553 455
1445 550 1446 583 ,

309 614 427 680 Aetatis
449 612 608 699 cuiusque
631 610 761 677 notandi
784 621 858 677 sunt
879 610 935 675 tibi
957 630 1083 683 mores,

309 732 545 819 Mobilibusque
567 732 667 798 decor
688 731 810 796 naturis
833 730 960 796 dandus
983 742 1015 796 et
1037 730 1139 795 arinis.

311 853 459 921 Reddere
481 854 537 939 qui
560 872 658 918 voces
681 853 744 917 iam
767 852 826 917 scit
847 870 930 936 puer
952 862 984 916 et
1004 850 1090 936 pede
1113 862 1203 915 certo

311 975 422 1061 Signat
443 972 592 1047 humum,
616 973 711 1059 gestit
731 972 864 1059 paribus
888 970 1053 1038 colludere
1076 982 1108 1035 et
1130 972 1212 1036 iram

313 1094 439 1179 Colligit
459 1114 498 1159 ac
520 1094 609 1178 ponit
629 1103 751 1157 temere
774 1102 806 1157 et
828 1102 967 1156 mutatur
991 1090 1022 1156 in
1044 1090 1150 1155 horas.
1297 1090 1351 1155 tou

314 1213 482 1281 imberbue
506 1212 630 1277 iuvenis
652 1210 782 1277 tandem
804 1210 940 1277 custode
963 1220 1087 1277 remoto

335 1375 391 1423 aaa.
415 1372 511 1421 Sertori
532 1372 561 1419 B.
589 1398 616 1407 -
641 1371 698 1420 4444.
721 1370 849 1421 Nobilibus
865 1372 894 1420 B.
915 1396 942 1407 -
962 1370 1062 1419 4444444
1079 1370 1206 1433 astaco,
1231 1382 1323 1420 omnen

302 1446 417 1496 Pottierii
429 1447 457 1495 et
467 1444 626 1504 tinchederi,
644 1444 710 1494 bct:
727 1446 835 1494 metaris
845 1444 872 1505 b,
886 1457 942 1495 var.
955 1443 1016 1493 lect.
1030 1458 1059 1503 σ,
1072 1456 1141 1493 unua
1154 1444 1232 1503 leae,
1247 1444 1324 1493 Bent-

302 1518 382 1580 44444,
401 1521 453 1570 Fu.
474 1546 502 1557 -
521 1519 578 1569 4449.
596 1518 700 1567 barrem
715 1523 739 1567 et
754 1519 825 1581 uestit
842 1520 869 1567 a.
892 1544 918 1553 -
939 1517 995 1566 4644.
1014 1516 1053 1579 cc]
1073 1522 1118 1565 cat
1133 1529 1159 1579 p.
1178 1544 1205 1552 -
1218 1516 1284 1565 bore
1295 1518 1322 1566 B.

304 1620 332 1631 -
352 1595 408 1644 itit.
425 1594 551 1645 imberba-r
567 1606 582 1642 e
600 1592 665 1643 cod.
679 1591 770 1643 Bland.
784 1592 848 1641 dare
865 1590 973 1641 volebat
991 1591 1123 1653 cruquius
1134 1591 1161 1639 in
1172 1589 1220 1640 Ed.
1235 1590 1322 1645 teat.;

186 1724 189 1729 ’
271 1734 323 1783 tico
340 1736 484 1797 praecepta
500 1733 625 1783 daturum
638 1744 707 1783 esse.
729 1733 795 1782 «Pro
833 1729 964 1781 notandae
982 1732 1009 1779 et
1026 1730 1124 1779 decore
1141 1729 1287 1779 imitandae
1299 1734 1355 1780 eunt

271 1807 356 1857 torma
373 1810 401 1858 et
417 1804 618 1859 constructione
629 1806 794 1855 theatrorum
833 1808 953 1867 poetae.»
972 1804 1011 1854 Cl.
1027 1804 1081 1854 Cic.
1095 1802 1129 1853 ad
1141 1804 1215 1853 Fam.
1229 1803 1261 1864 3,
1281 1804 1310 1864 8,
1328 1804 1353 1853 8:

271 1882 344 1944 apud
360 1884 464 1933 veterae
480 1880 605 1931 aulaeum
624 1880 734 1943 pictoria
751 1892 795 1927 or·
832 1879 877 1928 etri
893 1879 922 1927 da
938 1884 984 1927 tue
1007 1879 1113 1939 erotica
1129 1878 1288 1941 betetcoeae
1303 1890 1356 1925 ne·

271 1957 364 2005 natum
376 1954 418 2005 vel
435 1956 576 2015 intextum,
595 1956 625 2003 ut
634 1967 716 2005 scena
728 1965 796 2017 ape·
832 1956 903 2001 tere
917 1951 1014 2001 limavit
1025 1952 1122 2012 aliquid
1130 1952 1258 2012 posterior
1268 1964 1354 2000 mae.

271 2029 379 2090 rlretur,
398 2042 451 2078 nou
469 2028 610 2080 tollebatur
626 2030 654 2079 in
670 2026 753 2077 altum
767 2029 796 2075 ut
834 2025 886 2075 Etsi
903 2026 1026 2089 speciosa
1042 2027 1084 2075 eet
1094 2023 1204 2074 Bentleii
1215 2023 1297 2074 lectio
1307 2037 1357 2073 ne·

271 2114 357 2160 nunc;
374 2100 424 2151 sed
435 2101 486 2152 eub
497 2101 597 2166 pulpita
605 2101 796 2152 demittebatur
833 2100 911 2158 turis,
935 2098 1051 2149 maxime
1068 2098 1129 2147 ideo
1146 2097 1293 2149 reiicienda
1311 2100 1357 2153 est.

272 2174 373 2223 sensim
396 2171 542 2224 involutum
560 2174 691 2236 cylindro.
717 2172 793 2239 Apul.
834 2172 906 2237 quod
924 2174 1012 2223 minue
1030 2174 1132 2223 rectam
1154 2165 1306 2221 ἀντίθεσιν
1322 2172 1359 2220 in-

272 2247 333 2296 liet.
347 2246 387 2294 40.
400 2258 427 2309 p.
440 2246 498 2295 233.
512 2248 611 2296 Princ:
630 2247 724 2297 Aeteeo
741 2248 797 2296 eub-
834 2248 885 2297 lert
909 2248 977 2297 inter
1002 2260 1044 2295 vu¹
1062 2246 1160 2295 mobile
1182 2247 1210 2295 et
1231 2250 1357 2301 maturas.

272 2320 345 2369 dacto
362 2323 386 2367 et
406 2319 550 2379 complicitis
571 2320 674 2381 44444444
698 2320 796 2369 Paridis
834 2333 887 2384 qua
914 2321 1037 2371 Horatius
1060 2333 1108 2384 pro
1129 2322 1204 2369 certo
1224 2330 1358 2381 nunquam

271 2408 345 2445 eccae
369 2395 537 2455 4444444444.»
568 2396 651 2446 Finito
672 2397 734 2447 actu
753 2396 795 2446 vel
834 2407 899 2445 usus
921 2397 994 2445 eeeet
1019 2406 1067 2457 pro
1084 2392 1176 2443 verbis
1198 2394 1357 2451 inmetmac,

272 2470 375 2531 integro
386 2464 539 2531 spectaculo
553 2468 579 2515 in
592 2469 674 2519 altum
684 2469 797 2521 tollebar·
832 2470 933 2530 viridia,
952 2472 1058 2533 dmm,
1077 2469 1198 2531 opposito
1210 2467 1300 2517 verbo
1310 2480 1358 2517 rno-

272 2546 341 2593 tur.»
355 2544 413 2592 Fu.
427 2541 466 2592 Cl.
481 2541 587 2604 Epp.2‚
603 2542 631 2600 4’,
647 2543 704 2591 489.
723 2545 795 2608 titrg⁴
833 2549 913 2593 torna.
941 2544 992 2606 (Sic
1010 2542 1081 2593 enim
1092 2540 1229 2592 Bentleius
1247 2540 1358 2604 explica·

273 2620 320 2667 Ge.
333 2616 358 2675 3,
370 2617 411 2665 25.
430 2615 504 2664 ovid.
518 2614 579 2665 Met.
591 2612 616 2674 3,
632 2614 676 2663 444
691 2626 752 2677 sqq.
768 2638 793 2651 ·—
833 2617 885 2666 vit:
904 2618 952 2669 «444
966 2618 1063 2666 maturi
1076 2616 1137 2664 armi
1152 2617 1324 2665 constantem
1335 2617 1359 2663 et

274 2690 371 2754 coawr]
388 2688 522 2740 bentleiue
538 2688 574 2738 od
590 2689 696 2739 terent.
714 2689 796 2739 Andr.
835 2688 947 2739 senilem
964 2692 1097 2749 44444444,
1123 2689 1159 2737 444
1175 2688 1280 2738 mebitee
1296 2702 1358 2752 pue·

273 2768 355 2815 extr:
375 2765 460 2813 «Cum
471 2765 577 2813 actores
588 2775 682 2813 omues
693 2776 726 2813 ex
738 2776 794 2814 sce·
835 2759 911 2811 rilem
922 2762 1119 2825 iuvenilemque
1131 2762 1271 2813 denotant.
1290 2764 1356 2824 virg.

273 2851 307 2887 na
319 2838 435 2896 exirent,
454 2838 570 2887 cantorie
581 2840 652 2897 erat,
671 2836 798 2901 depositis
836 2836 882 2883 Ge.
893 2834 918 2895 3,
930 2834 989 2883 tet:
1002 2836 1057 2885 lem
1066 2836 1275 2887 abmatertera
1283 2839 1358 2887 niem
1445 2884 1446 2889 ,

274 2924 364 2961 exere
377 2909 447 2959 tibi'e
459 2911 732 2960 Plauditeineonere.»
745 2912 799 2961 Ve-
836 2920 884 2967 que
908 2908 992 2957 insiste
1016 2908 1149 2970 domandi,
1182 2912 1253 2959 Dum
1277 2910 1358 2972 faciles

272 2996 335 3033 rum
355 2995 417 3031 cum
439 2995 509 3044 queo
530 2988 666 3046 postremo
683 2983 800 3047 loquitur
836 2982 915 3031 enini
925 2982 1060 3042 iuvenum,
1070 2983 1244 3033 demmobilis
1253 2986 1356 3043 oetan»)

273 3067 389 3120 pomona
401 3055 541 3105 manifesto
553 3054 617 3106 illud
626 3057 740 3107 Plaudite
749 3072 799 3122 po-
837 3054 903 3105 Nibil
916 3057 1006 3105 autem
1018 3054 1235 3118 probatAcronie
1247 3060 1275 3106 et
1287 3058 1357 3107 Com·

272 3126 334 3191 pulo
346 3126 476 3177 acclamet
488 3129 529 3190 (cl.
544 3130 599 3179 Cic.
613 3131 670 3179 Cat.
681 3132 742 3180 mai.
758 3132 798 3193 49,
837 3132 991 3179 mentatoris
1003 3130 1085 3191 Cruq.
1097 3134 1214 3179 4444444
1230 3144 1307 3180 mnae
1318 3143 1357 3178 re-

274 3202 315 3251 7⁰.
335 3200 439 3260 Quintil.
453 3202 477 3263 6,
494 3203 518 3262 4,
531 3202 596 3265 ta),
615 3205 714 3254 rectius
731 3206 800 3254 lier-
836 3204 934 3266 petitus
952 3216 984 3253 ex
1001 3217 1025 3253 v.
1041 3206 1097 3253 445.

274 3287 388 3325 mannus
405 3277 517 3339 Opuscc.
537 3278 556 3326 4.
576 3290 602 3341 p.
616 3277 678 3327 302:
699 3279 799 3328 diora-
870 3277 990 3327 458-460.
1016 3278 1242 3343 Reddere-vocae]
1269 3278 1355 3329 «clare

274 3351 326 3400 tius
343 3353 435 3413 aperte
453 3353 592 3401 cantorem
604 3354 632 3401 et
641 3352 799 3403 histrionem
837 3350 922 3413 loqui,
941 3352 1016 3412 quasi
1035 3352 1169 3411 reddens,
1192 3352 1221 3402 id
1240 3357 1295 3413 est,
1312 3364 1356 3401 suo
1445 3360 1446 3395 t

274 3424 391 3473 eundem
412 3436 474 3474 esse
495 3425 655 3487 significat.»
692 3426 800 3476 Dubitat
836 3424 894 3474 loco
911 3426 1009 3489 partim
1030 3429 1156 3489 repetens
1173 3439 1206 3477 ac
1222 3427 1355 3490 proterens
1445 3432 1446 3435 ’

273 3511 367 3549 rursus
393 3497 497 3549 Goeller
519 3500 553 3550 ad
577 3499 658 3550 Plauti
676 3501 799 3551 4444444-
836 3512 926 3559 voces,
944 3512 1011 3562 quos
1023 3514 1038 3549 a
1051 3499 1207 3563 parentibus
1219 3506 1247 3551 et
1260 3500 1354 3551 nutrica

273 3584 349 3621 mum
365 3585 392 3634 p.
411 3571 467 3621 ⁴35.
501 3572 553 3623 Sed
575 3574 609 3623 cl.
628 3572 753 3623 Prudent.
773 3576 799 3623 in
835 3575 944 3635 accepit,
971 3574 1074 3635 didicit,
1097 3576 1196 3638 partim
1213 3578 1354 3635 interroga-

274 3645 375 3704 symm.
388 3645 418 3704 2,
434 3644 496 3695 tte:
518 3648 548 3696 444
563 3648 675 3711 norbae
689 3654 800 3697 centor
837 3647 952 3698 tionibus
964 3651 1084 3712 opposite
1097 3649 1291 3712 respondens.»
1308 3648 1354 3698 Ca-

272 3715 340 3777 iiqno
357 3718 416 3779 uait
433 3731 481 3767 ore
503 3726 607 3781 cavete,
632 3722 735 3771 Grande
750 3721 799 3771 ali-
836 3720 891 3771 tull.
904 3721 945 3782 64,
956 3722 1019 3771 466;
1038 3724 1088 3771 Nec
1099 3724 1189 3773 mimos
1199 3724 1354 3782 Mirum·
1445 3752 1446 3755 =

273 3789 340 3849 qaod
355 3790 426 3838 cuiue
438 3804 487 3851 per
502 3792 599 3843 tutem
615 3796 709 3845 crimen
724 3795 800 3845 anbe-
835 3800 881 3843 444
896 3808 940 3845 nec
956 3795 1059 3845 reddere
1072 3808 1151 3845 vocer.
1170 3796 1242 3857 virg.
1255 3798 1317 3845 444.
1330 3795 1351 3846 4,
1445 3824 1446 3839 r

272 3860 314 3910 iet.
334 3861 408 3913 Conl.
423 3864 477 3913 Cic.
492 3876 518 3927 p.
531 3867 617 3917 Sestio
632 3869 674 3929 bb,
691 3868 747 3919 448,
770 3896 796 3905 -
835 3867 898 3918 409;
924 3880 999 3917 oeae
1017 3870 1107 3919 audire
1122 3874 1146 3919 et
1161 3870 1264 3919 rodem
1277 3878 1351 3917 uocet¹
1445 3872 1446 3875 ’

272 3936 404 3987 Mobilibus
419 3939 527 4005 enee]
554 3942 684 3991 «Naturae
702 3943 800 3992 buma—
838 3967 864 3978 -
885 3943 1013 4003 qui-iem
1030 3942 1092 4005 cat]
1109 3944 1153 3993 der
1170 3944 1229 3993 ebert
1244 3941 1351 4004 44444444

273 4024 322 4061 nae
340 4011 482 4063 mutabiles
495 4017 558 4063 sunt
573 4028 622 4079 pro
634 4015 799 4078 singulorum
833 4016 916 4077 4444,
935 4016 1008 4065 idem
1020 4017 1092 4079 quod
1111 4016 1262 4067 «simulac.-
1279 4012 1347 4065 Coni-

272 4085 412 4137 bominum
425 4089 513 4137 aetate
524 4089 727 4151 progrediente3
746 4091 797 4140 bae
835 4090 911 4141 liand
928 4091 1003 4141 Tura.
1022 4092 1066 4141 444.
1086 4104 1113 4155 p.
1133 4091 1192 4141 443.
1210 4093 1237 4141 et
1252 4088 1304 4139 448.
1323 4112 1347 4121 —

271 4160 350 4224 igitur
366 4161 527 4212 mutationes
544 4164 646 4214 senaim
668 4163 753 4215 luctae
771 4166 798 4215 el
834 4164 1044 4228 Sionetbemem]
1064 4166 1189 4229 «vestigia
1201 4158 1350 4222 sotoimpr'r
1445 4190 1446 4217 ς
