2925 4892
480 357 540 407 4444.
561 358 580 406 l.
615 357 713 408 aelst.
732 358 764 407 V.

143 515 209 594 0440
230 513 304 580 mihi
326 513 496 590 lortnnam,
521 513 549 578 si
571 533 635 580 non
657 512 849 580 conceditur
869 515 940 580 44444

140 638 252 702 Parcus
274 635 316 702 oh
337 634 468 702 heredis
491 655 603 704 euram
625 635 827 724 nimiumque
847 657 984 704 severus

139 755 258 824 44444404
278 758 407 824 insano:
429 767 545 844 potere
566 767 600 825 et
621 777 777 846 spargere
798 755 897 826 liores

160 973 196 1022 44.
214 973 267 1036 Quo
282 973 343 1022 444444
357 974 462 1036 [atrato
478 972 588 1038 odEp,t,
609 974 674 1036 Quid
689 975 750 1024 444444
764 976 871 1038 fortuna
881 974 918 1025 bs
930 975 965 1038 (in
975 975 993 1024 S
1004 987 1139 1040 superser.

130 1046 195 1110 0440),
213 1049 265 1109 0440
280 1047 342 1096 miii
356 1048 473 1110 [0440444
490 1049 544 1110 LC,
569 1049 623 1110 0440
643 1047 840 1112 milifortem
856 1051 882 1100 F.
911 1049 951 1112 (lit
967 1060 1031 1110 nos,
1049 1067 1080 1116 y,
1100 1063 1139 1116 pr.

127 1117 161 1178 βκ
176 1123 201 1172 et
216 1121 330 1172 Pottierii
346 1121 371 1171 2.
391 1121 415 1172 3.
435 1122 459 1172 6.
479 1122 529 1185 44.)

102 1327 154 1379 ergo
172 1317 247 1366 etiam
271 1313 319 1366 tihi
343 1315 369 1366 ln
392 1313 503 1367 multam
520 1315 609 1367 lucem
645 1317 765 1382 4044444444
783 1317 863 1382 (nom.
878 1318 966 1384 plnr.);
985 1319 1009 1382 44
1028 1322 1082 1383 orso
1098 1322 1172 1383 miti,

101 1389 227 1441 dormlre.»
255 1392 316 1441 Non
337 1388 455 1455 loquitur
475 1391 509 1442 de
526 1392 610 1442 meri-
645 1392 750 1456 [0444040
780 1395 802 1442 si
826 1394 878 1444 cet.
917 1395 1044 1446 Ceterum
1070 1396 1176 1458 [0444440

101 1463 209 1514 diatione.
224 1490 249 1501 -
268 1465 380 1526 44404444]
398 1466 473 1516 «stne
490 1467 531 1516 rei
547 1469 609 1516 tuae
646 1465 755 1530 ponitur
778 1481 828 1532 pro
852 1466 932 1532 plor,
958 1469 1172 1534 thtelcspiiter,

101 1538 240 1602 euiusqmm
257 1539 448 1590 detrimento.»
647 1556 737 1606 nequa
761 1541 906 1605 legendnm
931 1555 995 1593 cnm
1019 1545 1122 1594 liureio
1147 1549 1176 1595 et

126 1613 204 1662 44-44.
222 1613 449 1678 mariniano
458 1616 611 1666 4444044440·
647 1617 776 1668 lambino
792 1617 917 1678 fortunar.
946 1617 990 1665 Sic
1005 1617 1078 1680 apnd
1095 1617 1172 1668 Orid.

100 1686 159 1750 44444]
175 1686 272 1738 «multo
298 1691 325 1739 et
347 1687 449 1740 liberali
471 1691 499 1741 et
522 1690 610 1740 tacete
646 1691 706 1741 lm.
720 1692 752 1752 3,
768 1692 796 1750 7,
814 1689 856 1740 49.
885 1690 965 1740 Corn.
980 1691 1046 1754 Nep.
1059 1692 1110 1740 aa,
1124 1692 1172 1752 94,

99 1774 207 1813 sermone
230 1765 341 1813 noctem
363 1766 495 1814 0044444444
513 1764 556 1827 (ut
577 1777 609 1816 04
648 1765 676 1816 44
701 1764 855 1816 04444--44
871 1768 1012 1813 4444444004
1028 1769 1175 1814 matram

100 1833 166 1898 gloss.
180 1835 282 1888 habent
299 1837 384 1888 Codd.
398 1837 495 1901 multi),
514 1839 542 1890 id
559 1842 609 1899 est,
646 1853 697 1890 aon
712 1839 797 1890 0440444
806 1838 1175 1902 4404444004044044440404-

99 1911 259 1976 transigere,
287 1924 372 1976 usqne
394 1913 429 1962 ad
450 1914 507 1964 eius
528 1914 611 1964 linem
647 1919 759 1976 40400444
773 1913 890 1963 meret
905 1911 1009 1976 (4444404
1023 1914 1091 1962 eatm
1106 1913 1176 1963 4444·

99 1985 214 2050 erigere.»
243 1987 343 2038 404044.
362 1990 452 2038 Ρ40444.
471 1987 532 2038 4374
559 1983 611 2038 τὸν
648 1990 950 2039 manv-ementes
977 1985 1026 2050 444)
1053 1991 1175 2049 tenuere

98 2057 196 2131 μακρὸν
212 2063 317 2112 retvers
328 2060 395 2122 βίον
406 2061 528 2113 ἐλπίσιν.
554 2064 612 2113 asic
645 2064 815 2126 prosperitate
835 2075 896 2112 40444
915 2065 976 2112 44444
996 2064 1049 2111 044.
1078 2063 1117 2112 De
1133 2062 1175 2112 di-

100 2137 123 2184 at
139 2136 219 2187 lirina
239 2136 377 2187 4444404044
400 2141 510 2198 noema,
537 2137 610 2187 44444.
648 2139 804 2189 vitiisoerte
822 2137 922 2188 Horatii
938 2135 1065 2199 aequales
1082 2135 1176 2188 intelli·

99 2209 124 2258 4.
139 2210 267 2261 4444444444.
283 2210 318 2261 ad
336 2212 363 2261 1..
377 2211 423 2271 44,
443 2211 487 2272 48,
506 2211 548 2260 9.»
566 2213 612 2261 Or-
648 2212 761 2276 gabant,
788 2225 843 2262 non
858 2213 889 2261 nt
909 2212 1089 2262 recentiorum
1107 2223 1176 2262 non·

99 2295 144 2332 444.
162 2286 255 2347 -ouo
272 2285 493 2348 milifortem,
510 2285 532 2334 si
549 2285 611 2350 cet]
649 2286 726 2348 nulli,
745 2287 780 2336 de
796 2288 947 2351 opportuna
963 2284 1079 2336 laetandi
1095 2299 1177 2336 0004-

98 2356 165 2407 404444
182 2362 222 2411 eat
237 2361 310 2410 haee
327 2361 427 2410 Latinis
444 2359 611 2422 exclamatio,
650 2363 734 2414 sione.
761 2389 789 2398 -·
812 2361 923 2425 mdis]
946 2360 999 2411 Ctr.
1021 2361 1070 2412 od.
1091 2361 1120 2423 l,
1145 2363 1174 2424 7,

99 2431 160 2482 velut
179 2436 293 2500 propter
315 2432 447 2498 loquentis
470 2435 612 2499 impatien-
651 2438 691 2487 49.
718 2463 746 2472 -
770 2435 866 2485 madet
881 2435 979 2498 44440440]
998 2437 1094 2495 «044444
1111 2449 1177 2487 004-

98 2505 151 2557 liam
164 2519 193 2558 ae
205 2509 403 2560 festinationem
416 2509 515 2559 omisso
525 2508 611 2558 verbo
650 2509 719 2562 snlto
736 2508 827 2560 40044444
844 2511 959 2574 occupat
975 2510 1068 2560 insano
1085 2510 1177 2574 proxi-

97 2587 177 2644 ΨΜ,
201 2597 341 2646 wem,
366 2581 453 2634 simili.
491 2585 546 2646 Ouo
571 2585 612 2634 eat
650 2595 739 2642 mum,
766 2582 883 2646 ideoque
909 2584 934 2633 ei
958 2581 1173 2653 παραπλήσιος,
1280 2606 1287 2614 -

27 2643 28 2696 l
99 2653 142 2704 dat.
153 2658 231 2722 antiq.
242 2657 312 2721 04404,
327 2669 498 2720 «quorsum»
511 2658 567 2707 Cle.
577 2657 612 2707 ad
650 2657 800 2710 simillimus
817 2659 884 2708 est.»
913 2658 969 2707 liae
984 2659 1087 2722 tropica
1099 2659 1178 2721 signi·

27 2771 28 2798 ,
97 2727 198 2792 44444,
215 2732 262 2792 93,
284 2732 314 2780 44
335 2731 428 2784 Mortis
443 2732 613 2795 verosipasan
650 2733 775 2783 ficatione
790 2731 897 2782 videtur
912 2724 991 2795 ἅπαξ
1007 2728 1176 2798 irydpavov,

27 2811 29 2858 l
99 2806 298 2868 4404044440αοὶ4
314 2805 432 2856 nestori?
460 2805 534 2856 04444.
551 2807 611 2856 Am.
650 2807 795 2857 lormatnm
811 2804 846 2856 ad
862 2803 1009 2868 analogiam
1020 2819 1047 2856 v.
1060 2807 1179 2856 4444444044

27 2865 28 2950 ξ
98 2875 123 2937 a,
139 2877 181 2939 44,
199 2881 226 2929 r:
247 2881 530 2943 emmerammo,
549 2893 614 2943 quaa
651 2881 682 2930 ao
700 2881 795 2942 44400.
825 2879 988 2944 Antiphanes
1008 2881 1081 2945 apua
1101 2881 1175 2932 saon.

27 2967 28 2976 ³
97 2963 214 3012 4444400444
240 2954 333 3017 fasma
356 2954 446 3004 curet?
473 2954 512 3005 lb.
531 2953 560 3016 3,
581 2953 612 3014 4,
650 2955 699 3005 Tit.
713 2955 759 3015 99,
778 2955 823 3004 27:
842 2952 927 3020 Aona
943 2955 1049 3019 μανίας
1061 2949 1179 3020 ὁμότοι-

27 3077 29 3096 k
98 3021 137 3074 tt:
161 3028 213 3088 0440
229 3029 274 3078 tibi
292 3029 442 3090 4044404444,
459 3030 482 3079 ai
497 3044 549 3080 44044
564 3030 614 3079 oiri
651 3043 706 3091 χος
723 3023 798 3078 einai
813 3043 867 3093 μοι
877 3025 966 3080 δοκεῖ.
995 3031 1050 3080 Clo.
1064 3030 1098 3080 de
1110 3032 1174 3095 ilep.

27 3109 29 3160 ξ
98 3101 535 3166 omaptacaeartth.3,7,te:
560 3105 614 3166 0440
652 3103 1179 3167 l,28,ll:itlirepi--omobiti,0p·

27 3165 28 3210 ἶ
99 3175 149 3224 44444·
169 3179 288 3240 {orm
309 3178 428 3229 40444444
457 3179 511 3241 Ouo
532 3193 615 3243 reparo
650 3167 1179 3239 ro‚moat--meeaetmmseel>aa-
1221 3185 1229 3196 ·

98 3249 218 3302 4444404444
245 3251 361 3303 Phaedr.
383 3253 411 3314 3,
435 3254 478 3314 48,
502 3254 532 3303 94
560 3255 614 3317 ooo
651 3251 722 3300 loris.
752 3253 806 3301 Nos
821 3252 1019 3301 mdetrtstelra.
1041 3279 1069 3288 -
1086 3253 1179 3303 Deoia-

97 3325 138 3384 mi,
153 3327 247 3388 4440444,
265 3333 365 3376 mistam
381 3328 500 3389 speeiem,
518 3329 540 3377 ai
555 3329 615 3379 oio·
651 3324 813 3376 matinneula
830 3327 921 3374 antem
938 3325 1003 3385 hae,
1022 3325 1134 3376 crebras
1145 3326 1179 3377 il-

98 3408 134 3444 404
154 3399 231 3450 sono?
256 3403 344 3464 Atque
369 3401 464 3452 eadem
490 3404 615 3453 004444444-
651 3398 691 3450 444
708 3399 857 3448 Stoicorum
874 3399 1094 3460 interrogationes
1110 3401 1179 3450 relo-

99 3471 174 3523 etiona
191 3487 271 3526 nsum
285 3487 345 3525 essa
355 3475 437 3524 eliam
447 3473 556 3538 volgum
568 3475 615 3526 da·
651 3475 742 3533 rente,
766 3473 794 3522 in
813 3472 937 3522 homines
953 3473 1066 3522 nimium
1081 3486 1179 3536 paroos

99 3546 330 3611 nomio-atvolgata
338 3549 521 3613 interpretatio
530 3551 614 3601 isaiae
652 3545 827 3600 exhilaratum
859 3547 891 3596 in·
925 3546 1035 3597 divitem
1062 3548 1179 3600 amioum

99 3617 123 3678 4,
139 3621 182 3670 444
202 3624 256 3685 040
272 3623 334 3672 44944·
350 3623 534 3674 multitudinem
543 3625 615 3674 oleti-
653 3621 739 3688 proba
756 3619 870 3681 solebat;
889 3619 961 3671 nulla
977 3622 1049 3671 inest
1065 3623 1123 3674 elus
1134 3637 1180 3674 re-

99 3703 188 3744 44044444
202 3697 365 3746 aeramnae?
381 3699 468 3760 Atque
484 3699 521 3748 ita
533 3699 614 3749 etiam
653 3696 810 3763 prehensio,
834 3698 864 3746 ut
884 3696 1035 3759 opinantur.
1057 3721 1085 3734 -
1103 3711 1180 3760 sper-

27 3767 28 3772 ’
101 3765 305 3831 444440044444444
317 3773 489 3835 posteriores.
519 3771 616 3836 Philip·
651 3769 712 3836 p'ere
735 3769 818 3836 440444]
846 3770 908 3820 «4444
932 3769 1023 3820 verbis
1048 3785 1102 3822 non
1125 3775 1181 3824 44444

99 3851 142 3902 pos
157 3845 261 3896 anthol.
280 3843 361 3896 Palat.
382 3847 413 3896 ll.
432 3860 459 3911 p.
475 3845 537 3898 4434
556 3845 616 3898 Ποῖ
654 3845 805 3896 0044444444
826 3845 852 3894 in
874 3846 1071 3908 compotatione
1097 3845 1180 3896 flores

99 3909 145 3985 γὰρ
167 3916 233 3984 ἐμοὶ
259 3922 366 3985 ζητεῖν,
392 3921 472 3984 τ4νας
490 3913 614 3990 ἔδραμεν
652 3919 824 3984 inspergendi
841 3932 901 3970 mos
917 3919 1049 3970 indicatas
1066 3933 1127 3973 esse
1138 3921 1180 3970 vl-

100 3979 171 4054 ἢλιος
182 3990 304 4059 airaon&
315 3995 354 4045 Ex
364 3995 512 4058 ignorantia
524 3997 614 4048 autem
653 3993 745 4055 detur,
764 4006 846 4057 quarn
863 3995 900 4056 44,
921 4007 976 4058 qno
992 3996 1129 4059 potatores
1146 3995 1180 4044 ir-

100 4059 167 4116 huins
192 4067 323 4119 lormulae
345 4071 424 4120 44440
446 4072 508 4121 44444
533 4069 615 4121 444440
652 4069 721 4132 rigui
738 4068 795 4119 lere
816 4081 893 4118 mero
910 4072 938 4118 et
958 4068 1058 4120 madidi
1075 4067 1119 4118 val
1136 4081 1180 4118 co·

100 4131 232 4192 lectiones:
261 4142 283 4204 44
302 4143 378 4206 0444444
404 4141 563 4206 alfortense,
586 4147 616 4195 nt
653 4154 748 4204 ronas,
772 4141 871 4206 quibus
888 4143 1071 4204 anatemati,
1095 4143 1180 4191 inter-

101 4207 122 4258 in
136 4223 244 4266 caesura
266 4215 367 4278 syllaba
388 4216 564 4282 pmducatnr;
592 4217 615 4282 3)
653 4217 719 4268 dum
737 4215 905 4281 deripiebant
920 4215 964 4268 vel
980 4217 1061 4267 tiores
1079 4215 1179 4266 mansis
