2925 4892
530 350 590 401 tte.
609 350 640 400 ll.
675 348 743 399 SAT.
762 348 828 399 vlit.

177 520 215 585 Et
236 518 346 586 soleas
368 520 482 607 poscit.
527 522 606 587 Tum
629 518 661 582 in
684 516 768 585 lecto
790 530 923 601 quoqne
945 508 1074 576 videres

177 638 323 707 Stridore
346 650 474 707 secreta
495 640 617 707 divisos
639 656 719 705 aure
741 652 904 701 susurros.

175 760 289 829 Nullos
313 760 363 828 his
384 760 513 827 mallem
534 760 630 827 ludos
652 766 837 845 spectasse;
859 752 919 821 sed
940 750 993 818 illa

175 881 290 949 Redde
313 902 389 969 age,
413 902 499 970 quae
522 880 677 967 deinceps
699 877 807 943 risisti.
851 873 997 941 Vibidius
1018 872 1096 939 dum
1179 871 1222 933 80

177 1002 313 1085 Quaerit
333 1002 376 1069 de
398 1002 524 1091 pueris,
549 1024 626 1067 num
647 1000 689 1066 sit
710 1017 843 1087 quoque
864 995 963 1061 lracta
984 993 1113 1081 lagena,

177 1123 275 1204 Quod
298 1123 359 1190 sibi
382 1124 527 1211 poscenti
550 1142 614 1189 non
636 1121 755 1188 dantur
775 1117 905 1208 pocula,
929 1114 1073 1202 dumque

177 1244 312 1313 Ridetur
332 1243 416 1311 lictis
437 1265 548 1311 rerum
570 1240 741 1309 Balatrone
765 1238 924 1314 secundo,

177 1364 366 1443 Nasidiene,
392 1364 479 1431 redis
501 1372 641 1430 mutatae
665 1361 792 1438 frontis,
815 1370 851 1426 ut
872 1370 941 1427 arte

177 1485 415 1553 Emendaturus
441 1484 615 1562 fortunam
638 1482 758 1550 deinde
782 1480 885 1548 secuti

177 1608 366 1673 llazonomo
388 1608 480 1694 pueri
503 1626 620 1692 magno
642 1604 805 1691 discerpta
826 1602 967 1669 ferentes

200 1777 242 1827 8t.
260 1778 368 1841 tupoenu
385 1790 408 1825 c.
431 1800 457 1812 —
477 1776 517 1827 82.
537 1776 626 1825 matur
643 1788 670 1838 p,
689 1785 758 1823 corr.
772 1773 798 1833 S,
812 1772 865 1821 ια
876 1768 1058 1821 otiientleius.
1078 1769 1117 1828 (tlt
1128 1780 1186 1826 nos,

166 1852 361 1916 Mam&

132 1992 206 2041 ximo
224 1990 338 2053 quisque
356 1991 573 2051 insusurrabant;
596 2003 661 2053 quo
698 1991 800 2052 itaque,
825 1987 875 2038 etsi
895 1985 1033 2051 praesedit
1049 1985 1133 2035 oratio
1150 1983 1219 2035 obli·

132 2066 224 2115 minus
241 2065 267 2114 in
285 2065 385 2115 etiusos
396 2066 465 2115 risus
477 2066 658 2128 erumperent,
698 2075 765 2125 qua,
796 2062 846 2112 rite
871 2060 1039 2123 subiungitur
1063 2059 1220 2109 indicativus

133 2136 245 2188 celabat
289 2138 449 2189 Maecenatis
494 2138 658 2203 praesentia,
697 2136 843 2187 firmatusa
861 2136 958 2186 nostris
970 2134 1055 2185 codd.
1067 2135 1219 2198 antiquiss..

133 2214 212 2261 cuins
239 2211 352 2273 dignitas
377 2225 411 2263 ne
437 2224 528 2263 coram
553 2210 661 2274 paroctt
697 2208 1221 2273 ntepudSetust.1ug.3tt:1upursto·-

130 2287 220 2336 servis
229 2285 424 2349 periclitaretur
433 2285 583 2337 cavendum
593 2287 657 2335 erut.
695 2285 774 2334 verbo
793 2286 869 2349 fucit,
893 2286 990 2335 madai
1010 2284 1221 2347 ipsum--scme

131 2360 217 2421 (lianc
235 2359 438 2423 explicationem
456 2361 608 2411 etiamnunc
619 2372 661 2409 re-
697 2364 720 2409 st
735 2359 805 2420 ferro
820 2360 934 2409 electam
950 2365 1042 2419 tenet,
1061 2364 1145 2408 mmo·
1155 2371 1180 2409 se
1190 2384 1221 2396 --

129 2434 220 2491 tinem
241 2446 294 2496 qua
310 2436 366 2483 tota
383 2447 464 2484 scena
481 2434 511 2483 lit
527 2434 611 2496 magis
623 2434 661 2481 ri-
696 2434 827 2483 incolumis
847 2434 928 2483 onmis
949 2433 994 2483 stab
1018 2435 1106 2497 mutan
1129 2435 1220 2483 missu-

129 2505 236 2568 dicnla,
263 2507 397 2571 siquidem
416 2506 511 2558 falsum
535 2509 616 2557 etiarn
634 2508 660 2556 in
695 2522 767 2557 nan:
792 2510 821 2557 et
842 2520 973 2571 persaepe
994 2506 1066 2569 apud
1090 2507 1218 2557 Tacitum.

128 2582 334 2632 comisatorem
352 2581 420 2631 solet
438 2594 497 2633 esse
515 2593 596 2632 omne
612 2594 661 2645 pa·
697 2584 728 2632 V.
749 2580 893 2631 Botticheri
917 2581 1032 2629 Lexicon
1056 2593 1083 2644 p.
1104 2581 1161 2629 253.
1191 2608 1219 2617 -

127 2656 278 2705 rasitorum
296 2668 394 2717 genum
413 2653 479 2705 alius
497 2657 589 2705 contra
602 2656 660 2719 opi·
696 2656 800 2705 Ridctur
819 2656 884 2717 fictis
905 2653 1000 2718 ronan]
1017 2655 1122 2704 utsat.
1141 2655 1171 2713 2,
1189 2654 1219 2713 2,

125 2732 264 2782 natusest
275 2732 469 2781 Nomentanum
481 2732 659 2794 Porciumque
697 2731 741 2778 25:
763 2728 947 2778 occurerrunt.
976 2726 1108 2777 A.l³.i9:
1135 2726 1222 2776 doddo

123 2807 165 2858 de
197 2805 301 2868 patroni
331 2805 446 2865 tristitia,
478 2804 512 2855 de
537 2806 659 2867 agasonis
696 2814 791 2851 rossan.
829 2801 963 2851 Sententia
988 2802 1043 2849 est:
1071 2798 1222 2862 «Fingeba-

123 2878 327 2943 improdentia‚
352 2878 386 2928 de
404 2877 510 2930 ferculis
528 2892 590 2929 mox
611 2892 660 2943 ep-
697 2888 758 2926 mus
776 2889 825 2927 nos
842 2876 876 2925 de
893 2873 950 2926 aliis
967 2874 1050 2925 rebus
1070 2876 1167 2925 iocosis
1182 2876 1221 2923 ri-

123 2952 280 3019 ponendis,
304 2951 415 3003 tortasse
440 2954 520 3003 etiam
542 2952 576 3002 de
594 2964 660 3002 con·
697 2952 789 3003 dere.»
809 2978 837 2989 -
854 2950 968 3015 maudo]
986 2949 1098 3001 Tralatio
1114 2950 1221 3012 sumpte

123 3028 200 3077 visis
218 3027 282 3089 ipsis
300 3027 368 3076 inter
379 3039 409 3077 se
421 3025 566 3077 collocutos
579 3026 658 3089 esse.)
698 3029 739 3077 est
755 3040 771 3075 a
787 3028 869 3077 vento
891 3026 1012 3077 secundo
1038 3026 1112 3089 (Epp.
1132 3025 1162 3085 i,
1189 3024 1219 3085 t,

126 3128 158 3137 -
187 3099 292 3164 videres]
319 3102 376 3150 tlon
402 3103 443 3151 cst
467 3102 660 3165 positum-pro
698 3101 779 3161 itii.);
805 3103 932 3164 «praeter
954 3102 1059 3150 ceteros
1077 3112 1126 3149 nos
1143 3099 1220 3148 ediu-

126 3174 289 3232 audires»,
314 3176 343 3223 ut
363 3173 505 3224 videbatur
520 3174 658 3235 lambino,
696 3175 1004 3238 vante-potiusquam:
1016 3172 1218 3237 «applaudente,

125 3248 195 3300 sed:
215 3246 297 3297 «dum
314 3250 466 3309 susurrant,
484 3248 580 3298 uideres
597 3246 659 3297 bina
697 3248 857 3305 arridente.»
874 3250 933 3297 aut:
954 3248 995 3298 «in
1012 3247 1113 3298 lucetiis
1129 3248 1221 3312 prole-

125 3323 220 3387 capita
230 3320 281 3371 sihi
293 3322 407 3371 invicem
417 3323 659 3387 appropinquare.»
698 3323 789 3373 rendis
816 3321 949 3373 secundas
978 3324 1070 3386 partes
1093 3324 1220 3384 egente,-

128 3426 159 3435 -
179 3395 301 3458 Stridore]
327 3397 393 3445 Nota
417 3397 611 3459 sigmatismum
632 3396 659 3445 in
697 3400 726 3446 ut
743 3397 785 3447 alii
803 3396 943 3460 explicant.
963 3420 993 3431 -
1011 3395 1152 3459 Nasidtcns]
1170 3396 1221 3444 Vo-

125 3474 185 3521 lroc
205 3482 288 3520 versu
311 3469 432 3519 consulto
456 3471 607 3533 quaesitum
625 3470 659 3519 ad
697 3472 784 3521 cativo
800 3472 893 3531 utitur,
915 3470 946 3518 nt
962 3470 989 3517 in
1004 3467 1084 3529 locis,
1102 3467 1148 3518 ubi
1165 3466 1221 3518 πά-

126 3545 466 3613 exprimandossusurros.
488 3572 516 3582 -
539 3550 660 3595 metc-
696 3546 751 3607 θος
772 3542 923 3609 praevalet⁷
949 3554 1013 3593 suos
1035 3543 1132 3592 heroes
1155 3541 1221 3593 allo

126 3618 205 3682 erm]
218 3622 292 3669 Pers.
306 3620 335 3679 li,
355 3618 402 3668 96:
426 3620 556 3669 secretam
572 3620 661 3682 comit
697 3622 816 3683 qncntnr
831 3619 927 3683 potitae
944 3617 1023 3680 epici.
1041 3614 1148 3677 Iliada,
1163 3618 1219 3665 tm:

126 3698 158 3744 in
177 3706 276 3743 aaran.
697 3688 771 3744 Οὐδὲ
787 3693 887 3752 σέθεν,
913 3688 1053 3751 Μενέλαε,
1075 3690 1141 3740 dect
1162 3687 1221 3755 μά-

162 3768 251 3819 80-87.
272 3766 573 3831 sumpseramus·
588 3770 660 3817 -stt
696 3783 783 3839 καρες
799 3764 966 3817 λελάθοντο.
987 3792 1014 3802 —-
1032 3770 1061 3815 ut
1081 3771 1137 3815 crte
1158 3766 1221 3830 cet]

126 3855 231 3907 werse
245 3842 339 3905 fructu]
352 3842 381 3891 ut
397 3840 539 3905 patinailla
552 3854 660 3891 murae·
697 3845 748 3892 «ut
768 3843 897 3906 sapientia
923 3844 967 3891 tua
993 3840 1058 3891 scite
1087 3838 1221 3890 medearis

127 3916 342 3979 nse-locem]
352 3917 425 3967 Hanc
435 3928 531 3967 vocem
541 3917 660 3981 luponem
697 3914 817 3966 fortunae
835 3915 1016 3966 adversitati·
1051 3915 1155 3964 Terent.
1168 3912 1218 3963 sd.

126 3992 240 4055 scripsit
256 3990 438 4041 Schneidewin
455 3990 527 4053 apud
547 3991 655 4042 Martial.
696 3989 726 4051 l,
746 3991 774 4050 7,
792 3990 840 4040 23:
864 3990 940 4051 iilud,
960 3990 1026 4051 paud
1042 3989 1129 4038 coedit
1144 3989 1219 4050 forte,

126 4068 158 4127 7,
179 4066 226 4125 20,
246 4065 298 4125 49„
317 4066 354 4115 uti
372 4064 483 4114 exhibet
499 4066 579 4116 etiem
592 4066 656 4116 Cod.
696 4064 722 4113 ld
738 4069 795 4114 crte
816 4069 843 4114 ot
859 4065 981 4127 sonipes.
1009 4090 1037 4099 -
1061 4061 1220 4124 samono]

126 4138 269 4191 Hediceus
287 4140 341 4191 Cic.
359 4138 394 4189 ad
412 4139 484 4188 Fam.
504 4140 547 4199 ts,
565 4140 612 4199 26,
632 4140 656 4189 2.
695 4135 869 4203 Μαζονόμος
892 4139 999 4203 proprie
1025 4138 1067 4189 est
1090 4134 1152 4187 lanx
1176 4136 1221 4186 in-

129 4238 159 4250 -
181 4226 233 4263 non
249 4212 352 4277 Matar]
370 4214 479 4265 Factum
491 4218 533 4264 est
544 4214 657 4273 certum
696 4225 775 4276 gens,
795 4224 828 4263 ex
845 4224 898 4275 quo
914 4209 993 4277 μάζα
1009 4212 1137 4277 νέμεται,
1161 4208 1221 4273 puls
