2925 4892
277 326 340 395 itt
659 330 788 382 nonnul
805 330 986 382 saansaan

321 487 472 574 imposita
493 484 579 552 haud
600 504 745 573 unquam
766 485 885 552 misera
907 484 1077 551 tormidine
1097 487 1226 572 privet?

319 607 411 674 Adde
433 626 533 693 super
554 604 664 683 dictis,
688 605 778 694 quud
800 626 865 673 non
886 606 990 673 levius
1011 605 1131 673 vaieat:
1159 627 1233 672 nam

320 730 395 796 Sive
416 728 556 795 vicarius
577 736 642 803 cst,
666 727 721 814 qui
745 747 841 793 servo
863 738 967 814 paret,
990 727 1037 794 uti
1058 748 1130 793 mus

318 850 431 916 Vester
441 849 493 927 ait,
510 868 570 915 seu
582 868 774 928 conservum
800 847 858 915 tibi
870 847 950 935 quid
965 868 1039 914 sum
1049 849 1135 935 egui
1162 850 1286 935 Nempe
1320 851 1365 914 80

208 1008 211 1014 ν
317 971 378 1045 Tu,
403 969 479 1035 mihi
502 969 558 1057 qui
580 968 761 1057 impuritas,
785 967 837 1035 alii
860 968 964 1035 servis
987 969 1204 1057 miseratque

339 1176 380 1225 77.
399 1176 461 1226 icat
476 1178 501 1226 S.
521 1202 549 1213 ·-
564 1176 653 1239 prium
668 1174 717 1225 bE.
739 1198 767 1210 —
787 1174 829 1224 78.
847 1175 915 1225 Adde
929 1188 1017 1237 ceper,
1036 1176 1107 1225 dictis
1118 1177 1258 1238 quodcum
1270 1177 1328 1229 aliis

306 1264 359 1301 non
376 1254 450 1300 recte
467 1250 601 1314 distinguit
617 1250 771 1309 Putticrius;
789 1261 868 1311 aspra
883 1250 956 1299 dictis
971 1248 1067 1312 Aldus,
1086 1252 1146 1301 LCt.
1160 1250 1246 1315 (super
1255 1254 1328 1303 dictu

307 1327 388 1377 ctiam
404 1322 464 1391 μξσ
481 1328 508 1376 et
523 1339 563 1390 pr.
582 1326 619 1389 κ.)
639 1352 666 1361 -
685 1326 726 1374 79.
742 1329 824 1387 parat
840 1325 869 1375 E.
891 1348 918 1359 -
940 1324 982 1375 80.
1000 1326 1055 1389 cpit
1071 1339 1140 1376 corr.
1160 1328 1177 1376 S
1194 1330 1222 1377 ct
1238 1328 1268 1378 C.
1288 1330 1328 1390 (ut

306 1414 369 1461 nos,
389 1400 445 1452 bcE
463 1402 491 1451 et
507 1413 547 1465 pr.
565 1400 601 1463 S.)
626 1427 654 1437 -
676 1399 716 1449 84.
739 1399 785 1449 utii
808 1398 874 1449 Ccd.
895 1397 987 1449 Bland.
1006 1402 1143 1465 antiquiss.
1162 1405 1191 1453 et
1206 1401 1250 1452 aiii
1272 1402 1326 1452 duo

271 1578 336 1641 iou,
364 1573 448 1630 οὐδὲν
473 1574 624 1643 tuomum
648 1571 794 1642 Ἐποίησε.
832 1578 914 1627 Inscr.
929 1591 955 1642 p.
968 1576 1032 1628 iai:
1059 1579 1204 1640 iiopiimm
1224 1580 1363 1643 mangenis

272 1658 320 1714 Ta·
335 1648 482 1726 Ἒστρεψε
504 1648 555 1703 τὸν
577 1645 668 1703 αὑτοῦ
691 1649 796 1703 δοῦλον
832 1651 902 1701 Caes.
915 1652 1060 1715 deusti.
1077 1654 1134 1704 VIC.
1153 1655 1236 1705 inscr.
1249 1666 1287 1703 m.
1298 1654 1359 1703 Lat.

269 1729 317 1779 ἐπὶ
333 1721 584 1801 στρατηγοῦῖᾎὶλο
602 1720 702 1785 mistim·
721 1726 794 1776 Nat·
831 1727 861 1775 N.
886 1726 948 1775 362:
982 1726 1082 1775 Donata
1111 1727 1226 1777 cusum
1250 1728 1361 1791 Augusti

269 1806 319 1855 καὶ
336 1800 471 1869 εἰκοστὴν
488 1796 579 1853 αὐτοῦ
596 1800 697 1853 δοῦναι
711 1796 795 1863 ὄφει·
830 1799 952 1849 Saluium
976 1800 1038 1862 (nun
1063 1798 1175 1862 liberto,
1201 1802 1251 1852 sed
1275 1814 1360 1852 servo

269 1878 319 1929 λοι.
364 1880 398 1929 Τί
428 1869 498 1937 oiim
526 1872 543 1927 ὁ
574 1876 665 1927 ταῦτα
693 1874 794 1927 παθών
830 1874 955 1936 Augusti,
974 1875 1037 1924 huic
1055 1874 1168 1924 ascivio
1184 1875 1302 1938 quodam
1319 1875 1361 1926 ie·

268 1948 304 2003 osi
321 1954 436 2019 γέγονεν
458 1948 626 2022 ἐλεύθερος,Ι
652 1945 692 2001 Οὐ
717 1948 794 2016 peil-
830 1949 899 2011 gato)
911 1950 1026 1997 exactori
1042 1948 1193 1998 tributorum
1206 1950 1234 1999 in
1243 1950 1361 2001 Hetuctia

268 2024 333 2086 λον,
359 2021 380 2092 ἢ
401 2020 557 2096 ἅτοὶραχος.
593 2018 671 2075 Ἐπεὶ
694 2021 748 2086 ud,
775 2019 793 2075 ὁ
829 2022 972 2071 Consumis
989 2023 1070 2084 (nom.
1084 2023 1267 2085 pricicurius.
1291 2025 1360 2073 Sec·

266 2094 373 2161 ἄλλοος
390 2102 524 2171 στρέφειν
540 2095 715 2164 δυνάμενος,
735 2093 793 2149 ὀὗ-
828 2096 997 2145 vusuicaiius
1004 2096 1358 2149 memoraturiumai’lauto

267 2173 336 2225 δένα
366 2168 442 2236 ἔχεις
472 2169 591 2244 scipsum
625 2168 678 2224 οὐκ
703 2167 793 2243 ἀργύ-
827 2169 944 2229 Asius,
963 2168 992 2231 t,
1010 2171 1051 2221 28.
1086 2172 1359 2235 Dmmriofflomposs

267 2264 346 2322 psum·
359 2242 393 2299 οὐ
406 2246 562 2319 κοράσιον,·
581 2243 616 2299 οὗ
629 2246 793 2320 cumsim-
827 2243 927 2305 tttsrtc,
943 2244 1030 2308 inquit
1039 2246 1141 2295 Seneca
1153 2247 1187 2296 de
1199 2247 1295 2311 Trunq.
1309 2261 1356 2299 au.

267 2318 302 2376 οὖ
319 2320 458 2395 τύραννον
464 2340 475 2382 ,·
500 2316 535 2373 οὐ
553 2322 640 2384 φίλον
657 2318 721 2375 τινὰ
740 2320 792 2374 τοῦ
827 2319 863 2380 8.,
881 2320 1359 2374 mumadsmdiviiiceosssdctaorant

266 2395 423 2471 rapuissem·
440 2400 513 2449 Pers.
527 2399 556 2458 t,
571 2397 632 2448 iai:
650 2396 789 2462 lrtbcrcpc.
827 2394 885 2443 duc
900 2395 992 2444 amarit
1013 2400 1037 2445 et
1057 2396 1120 2445 coitu
1136 2397 1230 2445 tanim.
1251 2422 1280 2433 -
1299 2410 1359 2447 mos

268 2476 335 2526 {inde
350 2476 438 2525 dutum
457 2474 502 2523 tou
522 2474 612 2533 sumis,
639 2477 674 2521 iot
695 2472 792 2523 subdite
829 2468 919 2532 νεοίη]
938 2470 1037 2519 civium
1053 2471 1247 2531 Romanorum,
1274 2469 1358 2533 inge-

173 2602 176 2609 Δ
264 2548 356 2600 rebus?
383 2550 421 2599 Aa
446 2548 575 2597 dominum
598 2548 717 2611 ignoras,
742 2548 792 2597 sitsi
827 2556 956 2605 nuurum,
975 2543 1073 2607 quibus
1089 2557 1119 2594 se
1137 2556 1191 2593 ncn
1207 2544 1357 2595 sinecertu

266 2637 338 2685 quam
362 2624 474 2673 uindicta
497 2620 620 2672 retaxat?
646 2649 674 2657 —
697 2621 789 2685 privet]
827 2616 943 2681 quadam
960 2617 1137 2669 amaritudine
1149 2619 1230 2669 animi
1240 2622 1359 2682 opponit

266 2696 401 2748 «libaret»
431 2698 485 2747 Cic.
499 2696 533 2746 de
545 2697 663 2758 Fiunt,
684 2698 728 2758 tt,
748 2696 788 2746 ³7:
827 2693 957 2743 miserum
980 2693 1157 2756 mancipium,
1182 2694 1240 2743 sine
1256 2696 1355 2757 psus,

264 2772 327 2823 Cum
333 2772 567 2833 privamurdotcra,
577 2774 634 2833 ipsc
644 2771 791 2822 liberatione
825 2768 883 2817 sina
900 2770 993 2829 geute,
1012 2767 1070 2817 sinc
1082 2767 1197 2819 civitate.
1231 2768 1358 2821 Similem

264 2851 287 2897 at
302 2846 429 2895 vacuitate
444 2847 524 2895 omma
542 2846 670 2896 uwtestiue
692 2847 790 2910 guade-
826 2840 948 2891 occultae
965 2841 1151 2905 indignationis
1168 2842 1203 2892 de
1213 2845 1284 2893 statu
1294 2857 1357 2895 sen-

263 2933 326 2970 mats.
478 2938 484 2951 ¹
824 2914 869 2965 vili
890 2929 987 2967 vocem
1009 2918 1206 2980 persentiscere
1221 2917 1287 2967 mihi
1309 2920 1356 2969 vi—

296 2994 384 3044 78-80.
404 3006 478 3058 super
488 2996 567 3061 dictis]
586 2990 659 3066 πρὸς
675 2998 738 3058 τοῖς
748 2995 789 3044 εἰ-
825 2989 892 3040 deor
908 2990 935 3039 iu
952 2988 1002 3040 iliis
1017 2990 1220 3042 Anaxundn'due
1236 2994 1263 3041 in
1282 2993 1355 3042 itai-

263 3068 408 3139 ρημένοις.
434 3069 689 3130 Coni.sat.2‚6,3.
714 3070 789 3119 Hanc
825 3066 895 3115 nckii
920 3066 962 3113 Fr.
984 3065 1060 3115 Com.
1081 3066 1123 3114 ili.
1142 3078 1168 3129 p.
1188 3065 1261 3114 itin:
1288 3059 1355 3116 oin

263 3140 545 3206 simpliciorcmetiam
562 3156 652 3207 perse
665 3146 789 3193 constru-
823 3132 887 3189 ἔστι
908 3134 1032 3199 δούλων,
1058 3129 1082 3186 ὦ
1104 3131 1189 3204 ’γάθζ
1215 3132 1352 3204 οὐδαμοῦ

263 3218 378 3266 ctionem
392 3218 502 3281 requirit
517 3229 643 3276 caesum
663 3218 787 3279 quocirca
824 3211 920 3277 πόλις,
939 3210 1019 3279 Τύχη
1036 3211 1067 3263 dt
1080 3210 1175 3263 πάντα
1191 3216 1353 3285 μεταφέρει

262 3291 398 3341 reiicimus
415 3289 526 3340 aliorum
548 3292 693 3341 rationem:
719 3291 788 3341 Adde
823 3284 859 3339 τοὶ
876 3284 1352 3353 amputa-scucossammlPautu

261 3378 349 3429 super,
373 3366 439 3427 quod
458 3379 508 3415 uon
524 3366 601 3416 tectus
616 3365 701 3416 calcat
717 3365 789 3415 dictis
823 3365 927 3414 cautius
942 3362 1072 3426 loquitur,
1092 3376 1153 3413 cum
1172 3364 1278 3426 proprie
1295 3364 1354 3414 hcc

263 3442 370 3504 (squam
394 3452 464 3504 quae
481 3440 535 3490 iam
552 3440 622 3490 dicta
639 3440 736 3503 suuis).
755 3466 785 3477 -
823 3436 901 3487 velit:
919 3437 1003 3498 «Quid
1015 3436 1087 3489 aliud
1098 3450 1128 3488 es
1140 3437 1169 3487 tu
1178 3437 1252 3499 mihi,
1266 3450 1353 3502 quam

260 3514 381 3579 uicum]
408 3516 506 3565 Servus
529 3515 644 3565 vicanus
666 3516 690 3565 is
713 3517 786 3574 erat,
824 3513 1006 3561 conservus?-

262 3602 344 3653 qucm
362 3602 457 3640 servus
469 3588 680 3639 ordinarinssuo
692 3602 724 3639 ex
741 3601 788 3653 pe-
856 3586 945 3637 84-88.
974 3586 1030 3648 atii]
1052 3585 1172 3646 dominc,
1198 3583 1302 3635 libidini
1322 3588 1354 3636 et

262 3661 375 3713 cuiiuud
388 3662 674 3724 eumflnemcmarat,
687 3663 787 3712 utvice
823 3660 968 3726 cupiditati.
1004 3661 1079 3713 Cunt.
1092 3674 1118 3711 v.
1132 3659 1173 3710 93.
1203 3661 1299 3711 Nostia
1313 3660 1354 3712 lc·

262 3748 310 3786 suu
328 3735 483 3799 iungeretur
499 3738 526 3786 in
542 3736 635 3787 uiflciis
646 3734 788 3787 servilibus
824 3738 876 3787 ctio
894 3739 922 3787 et
938 3736 1023 3787 Codd.
1035 3736 1173 3800 antiquiss.
1190 3736 1353 3787 auctcaitate

263 3809 449 3873 exsequendis.
496 3813 529 3861 At
557 3824 620 3861 cum
653 3808 788 3874 peculium
824 3812 915 3863 nititur
926 3813 954 3861 et
969 3824 1020 3875 per
1030 3824 1061 3861 se
1073 3813 1115 3862 est
1129 3809 1284 3860 concinnior
1294 3808 1354 3861 voi-

263 3894 373 3947 semper
389 3886 462 3935 essct
479 3885 506 3933 in
527 3884 628 3935 domini
645 3886 786 3949 potestate,
824 3886 885 3951 gata
901 3886 972 3947 citis,
991 3885 1073 3935 vitatu
1084 3884 1249 3948 sigmatismo
1265 3885 1353 3937 inutili

263 3958 345 4009 eiiam
362 3958 433 4008 servi
450 3970 545 4010 servus
560 3953 588 4023 (ὁ
603 3955 656 4009 τοῦ
674 3959 788 4009 οἰκέτου
825 3964 852 4011 ct
868 3961 1026 4026 repetitione
1043 3959 1149 4010 numesi
1164 3957 1233 4022 plur.
1246 3961 1310 4022 pust
1322 3974 1351 4011 v.

264 4032 378 4098 οἰκέτης
400 4031 553 4097 Theophila)
571 4035 598 4083 in
615 4032 712 4084 eadem
729 4045 789 4083 ma·
824 4036 865 4085 itt.
893 4036 940 4088 stit
956 4034 1022 4085 mihi
1037 4034 1120 4085 henas
1131 4034 1214 4093 estu,
1232 4033 1272 4082 sic
1283 4032 1353 4085 alius

264 4104 360 4165 nebat;
380 4104 624 4169 adeoquuuicumts
640 4104 790 4157 simularat
825 4107 899 4158 tibi.»
928 4110 979 4159 Per
989 4120 1020 4159 sc
1036 4109 1174 4172 spectatus
1185 4118 1252 4156 sanc
1264 4105 1354 4170 pluru-

263 4194 395 4230 cosmatum
423 4182 493 4230 scivi
524 4180 656 4233 ordinarii.
700 4180 789 4231 Osann
825 4180 856 4231 iis
874 4194 959 4244 aeque
977 4184 1080 4243 nactus,
1104 4184 1134 4230 ut
1149 4178 1195 4229 ubi
1213 4180 1352 4244 Epictetus
