2925 4892
258 365 321 432 202
641 365 968 422 aonnrusnrranauu

301 519 454 589 Offendet
473 519 580 588 solido
595 569 603 586 .
620 571 628 586 .
646 571 678 586 ..
701 521 764 587 nisi
787 519 867 608 quid
888 528 940 598 tu,
963 518 1059 588 docte
1082 519 1224 598 Trebati,

300 641 469 708 Dissentis.
513 641 673 730 Equidem
694 639 772 706 nihil
794 640 868 708 hinc
889 638 1060 707 diffindere
1082 661 1227 728 possum.

302 761 368 830 Sed
388 772 496 830 manen
517 772 553 829 ut
572 762 713 830 monitus
735 781 868 836 caveas,
891 781 933 827 ne
954 759 1036 828 sorte
1058 762 1166 848 negoti
1307 762 1352 826 80

299 883 436 951 Incutiat
456 883 512 950 tibi
533 883 615 971 quid
635 891 819 950 sanctarum
841 882 968 950 inscitia
989 881 1111 970 legum:

323 1117 364 1166 78.
384 1116 490 1180 offendit
506 1117 532 1166 S.
558 1145 585 1152 -
610 1115 651 1166 79.
670 1116 710 1166 bic
726 1116 781 1166 bct
797 1117 824 1166 et
840 1115 975 1166 Heindorf.
1014 1113 1128 1179 (blebem
1148 1115 1206 1166 ltine
1223 1115 1315 1180 bScp.l

295 1218 323 1227 -
345 1191 476 1253 diffindere
500 1189 585 1240 codd.
605 1187 665 1252 aliq.
685 1190 753 1240 Feae
780 1191 808 1240 et
831 1189 960 1250 Pottierii,
989 1189 1074 1240 LCtF:
1108 1189 1222 1253 diffidere
1247 1203 1262 1239 c
1288 1191 1317 1240 et

291 1263 346 1315 duo
363 1265 493 1322 Pottierii,
520 1265 651 1327 dimnpers
666 1262 704 1314 bs
720 1265 750 1314 et
773 1265 899 1327 quattuor
923 1264 1056 1324 Pollierii,
1083 1264 1147 1315 item
1170 1261 1315 1322 Bentleius,

292 1337 422 1388 Heindorf
436 1341 464 1388 et
479 1338 532 1399 tlt,
550 1338 690 1401 dspinpsre
707 1337 774 1388 Cod.
793 1337 902 1401 Cruquii
919 1337 1057 1387 Toasanus
1074 1339 1102 1387 et
1119 1336 1248 1387 Wieland.
1269 1335 1279 1399 (
1298 1337 1303 1348 “

291 1411 404 1474 diffidere
420 1411 531 1462 Bentleii
547 1410 628 1462 dubia
646 1411 783 1476 suspicio.)
804 1437 828 1450 -
850 1410 892 1461 80.
910 1409 947 1475 at]
964 1411 991 1460 id
1007 1409 1073 1462 cod.
1091 1413 1170 1462 'lons

259 1615 356 1667 frastra
373 1628 418 1666 me
434 1628 609 1679 aggressurus
620 1617 681 1665 sit.»
696 1621 723 1652 ὲ-
736 1615 785 1664 niei
821 1615 1083 1678 interpretationem,
1103 1627 1174 1679 quae
1191 1613 1288 1665 clarius
1305 1627 1353 1665 ex-

259 1691 320 1753 quiri
335 1689 371 1754 ta]
396 1691 484 1741 «llaec
500 1693 575 1749 sunt,
597 1701 667 1754 quas
684 1688 719 1738 de
739 1701 784 1738 nas
820 1700 915 1752 pressa
926 1689 980 1739 huo
990 1687 1073 1738 redit:
1087 1691 1189 1740 «Senex
1200 1687 1305 1752 lepidus
1318 1692 1351 1740 et

257 1763 449 1830 propositoque
465 1777 529 1815 meo
544 1764 635 1814 dicere
652 1776 738 1827 que03
758 1765 786 1812 et
822 1763 923 1813 lucebas
940 1764 1023 1814 utitur
1039 1763 1149 1826 qtridem
1164 1762 1248 1815 verbo
1266 1775 1353 1828 saepe

259 1839 324 1889 mibi
340 1838 435 1888 videor
450 1851 515 1888 vere
533 1839 657 1889 sarecto
679 1835 784 1887 loculus
821 1849 836 1886 a
854 1849 884 1886 se
902 1835 991 1886 audito
1009 1839 1036 1886 et
1052 1839 1180 1901 usurpato
1198 1838 1224 1887 in
1242 1839 1298 1887 iure
1311 1839 1351 1888 ci-

259 1925 333 1974 esse,
351 1913 402 1962 nisi
418 1912 486 1962 lorte
498 1914 527 1962 ta
544 1913 570 1961 in
588 1911 640 1961 hoc
649 1910 729 1961 illave
741 1909 786 1960 ali-
821 1911 874 1972 vili,
885 1911 1151 1976 sedsensuproprio:
1163 1911 1352 1968 «abscindere,

259 1986 414 2046 tercentis,
433 1985 460 2035 id
478 1984 551 2048 quod
568 1986 633 2034 mihi
650 1985 725 2035 dicas
740 1997 786 2034 ve-
822 1999 963 2037 removere
979 1999 1011 2036 ac
1028 1987 1167 2036 relicere..
1197 1987 1252 2036 lloc
1271 1987 1354 2048 igitur

259 2057 319 2120 llm,
337 2061 378 2120 ut,
392 2059 415 2109 si
426 2061 470 2108 tua
482 2060 614 2109 sententia
624 2059 714 2109 verior
724 2059 783 2120 erit,
822 2060 899 2111 dicit:
931 2061 1058 2110 «omnino
1089 2063 1163 2110 tuam
1188 2059 1354 2110 sententiam

260 2144 324 2195 ego,
349 2135 380 2182 ut
399 2145 449 2196 par
470 2136 524 2193 est,
551 2132 599 2182 tibi
615 2145 720 2183 morem
738 2145 785 2195 gs·
822 2132 934 2197 probo.»
953 2134 1106 2184 Lectionem
1118 2134 1260 2196 diffittpsrs,
1278 2145 1352 2196 quae

259 2219 345 2256 mm.»
375 2207 413 2258 ci.
428 2207 505 2258 lland
522 2209 598 2258 rum.
612 2208 631 2256 1.
644 2220 671 2270 p.
684 2207 743 2256 atta.
822 2206 940 2258 acodd.
964 2219 1017 2258 non
1043 2208 1176 2258 minorem
1193 2220 1275 2271 quarn
1299 2220 1354 2257 no-

291 2280 334 2329 79.
359 2281 416 2330 irinc
438 2281 575 2345 diffindere]
600 2282 675 2331 ilaue
691 2279 786 2331 lectio-
822 2283 876 2333 stra
889 2281 1183 2344 babetauctorltatem,
1202 2279 1351 2346 explicant:

260 2366 325 2404 nem
336 2356 540 2405 tuentuerron
553 2355 784 2417 stComm.Cruq.
823 2355 914 2406 naliter
938 2354 1068 2417 formare,
1102 2359 1222 2416 mutere,
1255 2368 1355 2406 emen-

260 2429 300 2480 sic
311 2425 488 2492 explicantes:
508 2430 673 2489 aindrmare,
691 2431 785 2480 contra
823 2430 914 2482 dare.»
945 2428 1002 2494 (οἀ.
1016 2429 1046 2490 3,
1065 2430 1112 2490 29,
1129 2429 1176 2480 ld:
1197 2443 1276 2492 nepas
1291 2431 1355 2493 Dis-

260 2503 365 2562 dicere,
392 2505 421 2554 et
443 2505 495 2554 boc
514 2503 655 2554 Trebatius
671 2515 787 2567 respon·
820 2507 898 2570 papst
913 2505 1079 2568 infestiorque
1093 2505 1192 2566 reddet,
1210 2505 1272 2566 cet.)

260 2579 315 2630 det.
349 2578 512 2630 larisverbo
528 2581 656 2629 usnsest.
677 2581 787 2628 Praetor
855 2578 944 2630 80-83.
963 2579 1013 2628 ssd
1029 2583 1114 2629 tanton
1130 2578 1193 2642 cet]
1212 2579 1281 2628 «Etsi
1301 2591 1354 2629 se-

260 2653 333 2704 enim
350 2652 441 2704 dicere
458 2652 578 2704 solebat:
604 2653 651 2702 liic
673 2653 725 2702 diss
741 2652 789 2715 dii·
823 2665 876 2717 qua
894 2655 923 2703 et
937 2665 1001 2702 vern
1019 2653 1094 2713 sunt,
1118 2663 1188 2715 quae
1206 2651 1286 2711 diois,
1309 2655 1354 2701 ta-

258 2727 417 2790 liamento.»
437 2726 554 2777 Cinlill.
568 2725 659 2777 Tabul.
672 2727 787 2776 Dirlrsen
824 2739 898 2788 men,
918 2739 951 2776 ne
969 2728 1079 2791 propter
1095 2727 1165 2776 moin
1181 2727 1298 2776 emunim
1315 2727 1354 2790 (id

259 2814 287 2864 p.
300 2801 358 2851 aas.
384 2803 415 2852 Α.
429 2799 493 2850 Gell.
507 2800 552 2862 tt,
564 2802 594 2861 Ξ,
614 2802 644 2850 t:
661 2801 788 2850 inrsmm
823 2802 878 2862 est,
897 2799 1016 2850 famosos
1033 2799 1145 2864 libellos)
1159 2802 1228 2852 actio
1245 2801 1355 2851 iniuria-

260 2875 360 2936 paidsm
383 2873 558 2938 &melonibus
579 2873 787 2935 moendinis-
823 2887 884 2926 rum
900 2874 1043 2938 aliquando
1060 2875 1107 2926 tibi
1123 2877 1281 2936 intentetur,
1299 2888 1354 2938 pro

260 2947 416 3008 tionibmsoe
440 2949 492 2996 cet.
534 2949 629 3010 Utique
651 2945 786 2998 Bentleius
823 2950 938 3000 amicitia
960 2951 1052 3000 nostra
1077 2951 1259 3000 necessarium
1284 2951 1354 3012 pute

261 3021 327 3071 sads
357 3019 566 3081 demonstravit,
595 3021 786 3083 significatione
823 3027 849 3075 te
874 3037 1001 3076 monere·
1024 3025 1076 3076 cet.
1112 3027 1175 3074 Post
1198 3037 1241 3074 vv.
1260 3024 1355 3086 quoti-

261 3091 316 3152 illa,
335 3105 389 3156 qun
402 3092 549 3143 utebantur
564 3093 618 3144 lCti
629 3096 657 3144 et
667 3097 784 3158 praetor,
824 3098 894 3149 diani
911 3099 1045 3150 sermonis
1062 3099 1111 3149 ssd
1127 3103 1257 3148 tannen„
1267 3097 1355 3160 uptun

261 3167 346 3216 verbo
354 3166 484 3231 &spodos
493 3167 537 3217 hic
546 3165 636 3219 locum
648 3181 701 3218 non
712 3181 783 3228 esset
823 3174 981 3237 cogitatione
993 3170 1131 3238 supplebis
1145 3175 1240 3234 «scito,
1253 3174 1291 3224 sic
1303 3173 1354 3223 ba-

261 3241 406 3292 dicsndum
422 3241 516 3292 luisse:
545 3242 690 3306 «Equidem
713 3243 786 3295 diem
822 3248 920 3300 betoza
946 3251 976 3298 ut
1002 3260 1094 3313 saepe.
1128 3248 1194 3312 Epp.
1214 3248 1241 3308 l,
1260 3249 1287 3308 l,
1306 3248 1351 3298 43.

260 3316 401 3368 diffindere
430 3317 502 3380 (rem
531 3318 785 3382 comperendinare)
824 3326 853 3382 t,
872 3323 918 3382 ta,
936 3322 977 3372 tta.
1009 3324 1037 3384 l,
1058 3323 1102 3383 ts,
1125 3323 1166 3372 26.
1196 3324 1224 3382 Ξ,
1243 3323 1271 3382 l,
1289 3323 1351 3373 208.

259 3404 313 3443 non
329 3403 455 3456 possum3
465 3409 478 3436 ι
501 3393 530 3442 et
550 3405 585 3442 ne
605 3393 659 3443 hoc
675 3393 785 3457 quidem
824 3397 962 3461 (Equidem
979 3396 1067 3446 schol.
1082 3398 1162 3458 Cruq.
1176 3397 1253 3460 sequi
1268 3395 1351 3455 malo,

260 3469 353 3532 aptum
364 3479 438 3527 esse,
451 3479 515 3518 cum
526 3466 665 3518 Trebatius
676 3467 720 3518 hie
731 3481 785 3518 nou
822 3474 852 3524 ut
868 3471 950 3521 verbe
967 3476 997 3520 at
1016 3471 1125 3521 mondus
1141 3472 1206 3520 sint:
1239 3483 1317 3520 «cunr
1336 3485 1353 3520 a

259 3543 402 3606 praetoris,
420 3541 471 3592 sed
487 3541 675 3604 iureconsulti,
699 3545 786 3596 ilors·
822 3558 866 3596 me
878 3546 915 3596 sis
927 3546 1073 3606 monitus,»
1092 3545 1131 3594 oia
1140 3545 1180 3595 ein
1192 3545 1352 3596 Θοιυαιιιιον.

260 3616 313 3665 tius
328 3613 501 3676 consultoris,
527 3630 581 3667 non
597 3617 717 3680 petitoris
734 3631 785 3668 nee
823 3620 1015 3670 coniunctivae
1031 3631 1122 3670 enum
1137 3631 1188 3684 per
1199 3631 1229 3670 se
1246 3620 1354 3684 positus

259 3691 312 3746 ret,
339 3690 430 3750 partes
447 3692 515 3752 aget.
551 3692 719 3754 Respomum
735 3693 786 3755 igi·
822 3697 879 3754 est,
910 3707 964 3745 non
989 3706 1006 3743 e
1033 3705 1101 3743 voce
1131 3697 1160 3742 at
1191 3705 1352 3757 suspensus.

260 3763 304 3810 tur
319 3761 458 3825 prudentis
472 3763 516 3813 hic
527 3765 712 3829 exspectabat,
731 3781 784 3818 non
822 3768 910 3818 Verba
921 3768 950 3817 Si
959 3767 1031 3816 mulo
1041 3768 1179 3817 condiderit
1196 3769 1247 3817 est.
1260 3765 1353 3829 legum

260 3834 355 3884 indicis
383 3837 552 3887 renuntiem.
593 3841 785 3893 Verumtamen
821 3845 975 3894 sanctarum
987 3841 1075 3905 ipsum
1086 3843 1276 3904 argumentum
1287 3853 1355 3890 oon-

260 3909 367 3958 servsta
378 3908 524 3960 difficiliore
540 3910 667 3974 lectione,
687 3929 718 3965 ex
731 3929 784 3979 qua
822 3918 907 3969 tinent
928 3920 956 3967 et
976 3915 1065 3979 legum
1088 3915 1224 3980 quandum
1247 3915 1355 3965 lormu-

261 3994 315 4031 non
336 3981 468 4033 intellecta
491 3987 599 4038 ceterae
619 4001 713 4039 omnes
730 3990 786 4054 (de-
821 3991 882 4041 lam.
923 3992 980 4040 lam
1005 3991 1075 4041 haue
1101 3991 1263 4042 sententiam
1289 4001 1353 4040 esse

259 4056 366 4120 fistice,
378 4056 521 4121 dimam,
537 4061 674 4125 dspcpsre,
688 4064 785 4128 meite
822 4067 902 4129 pato:
929 4064 982 4116 Sed
1000 4065 1131 4116 monitum
1150 4067 1175 4116 te
1193 4077 1254 4116 esse
1271 4051 1352 4124 velo,

261 4141 332 4193 tim,
349 4131 502 4193 (ΕΜΜ,
519 4134 646 4198 dimam,
663 4137 785 4202 diffidam
822 4139 852 4189 ut
868 4150 981 4199 caveas,
999 4151 1034 4188 ne
1051 4136 1126 4201 leges
1136 4137 1283 4202 ignorando
1294 4135 1354 4188 lae-

261 4205 784 4270 ortessunt,inclinstanimussd1²eas
822 4213 871 4266 das
895 4213 947 4266 bne
970 4213 1201 4278 praescribentes:
1228 4213 1257 4264 Si
1278 4213 1355 4265 main
