2925 4892
304 370 366 437 736
786 372 914 425 nomm!

345 524 492 603 Aemula,
516 525 576 593 sed
598 526 703 593 munis
724 526 927 614 simplexque
949 526 1103 595 toramine
1123 548 1229 615 psuoo

344 647 519 735 Adspirsre
540 656 574 713 et
594 645 712 713 adesse
734 644 843 713 choris
864 655 934 713 ernt
956 646 1042 713 utilis
1064 658 1160 735 etque

344 767 493 835 Nondum
514 767 620 854 spisso
640 766 735 833 nimis
759 765 922 855 complere
945 766 1058 834 sedilia
1084 766 1175 847 flatu;
1319 768 1370 833 205

345 889 418 969 Quo
440 906 519 953 sene
540 885 680 973 popnius
702 885 910 953 numerabilis
927 896 1038 975 utpote
1060 908 1180 974 parvus

345 1009 384 1075 Et
404 1008 485 1095 frugi
507 1016 681 1095 castusque
702 1007 973 1095 verecundusque
997 1007 1110 1073 coibat.

344 1130 518 1216 Postquam
541 1128 649 1214 coepit
669 1148 765 1215 agros
787 1125 961 1195 extendere
985 1129 1086 1194 victor
1108 1140 1141 1194 et
1161 1128 1259 1194 urbes

366 1306 425 1357 4443.
440 1318 524 1368 pomo
539 1317 675 1369 superscr.
689 1319 774 1367 pauco
793 1304 845 1365 bE,
861 1318 944 1367 porco
960 1305 1004 1356 To.
1025 1306 1064 1367 tot
1075 1317 1137 1367 nos,
1157 1306 1234 1369 iisd.)
1248 1330 1274 1341 -
1291 1304 1342 1355 sot.

335 1380 455 1442 Aspiroro
470 1378 552 1429 bbcd.
569 1406 595 1415 -
609 1379 667 1427 206.
680 1384 768 1441 44444444
778 1379 827 1428 ΤΕ,
843 1406 869 1415 -
881 1392 976 1441 pomus
991 1380 1054 1430 Tan.
1070 1379 1165 1429 Faber,
1187 1408 1213 1416 -
1233 1380 1287 1429 208.
1303 1393 1343 1429 or-

335 1452 389 1503 bem
404 1466 474 1503 unos
491 1452 606 1503 Pottierii
623 1452 677 1514 (8.4,
695 1454 748 1503 LCt
759 1455 786 1502 et
797 1451 938 1504 Bentisius.
958 1454 999 1515 (ut
1009 1465 1067 1511 nos,
1086 1456 1195 1517 praeter
1208 1466 1287 1503 unum
1303 1466 1342 1501 ce·

302 1619 511 1680 condebantur,
529 1621 561 1669 ut
571 1618 606 1668 sd
617 1632 685 1684 opus
695 1618 826 1670 committi
864 1620 999 1669 nemiuem
1016 1620 1077 1669 ante
1089 1619 1226 1670 Horatium
1243 1620 1291 1669 boc
1301 1630 1367 1667 voca-

301 1697 331 1745 et
346 1694 418 1757 iungi
429 1694 552 1757 possent,
570 1693 598 1743 et
608 1695 701 1755 postea
713 1692 826 1755 disiungi
862 1692 957 1745 bnium
973 1706 1044 1744 nuno
1060 1694 1202 1756 reperitur.
1229 1694 1316 1757 ipsene
1323 1691 1367 1744 ,de

301 1770 331 1817 et
346 1766 433 1817 loculo
450 1766 577 1816 servari.»
611 1766 666 1815 lam
683 1768 826 1816 consenta-
863 1767 964 1817 torsita
977 1770 1078 1818 Graeco
1090 1762 1300 1837 εὐαρίθμητοςῖ
1314 1765 1367 1815 The·

302 1852 384 1892 neum
400 1842 457 1901 est,
478 1852 525 1891 eas
542 1839 677 1889 iuncturas
693 1840 750 1889 sive
767 1840 827 1890 vin·
863 1854 919 1892 ocr.
933 1842 973 1901 46,
986 1842 1031 1892 87:
1050 1835 1231 1911 ἀριθμητοὺς
1246 1836 1300 1889 ἀπὸ
1314 1836 1367 1888 πολ-

302 1920 393 1967 otum
404 1915 484 1964 etiem
496 1915 620 1963 externas
632 1911 728 1971 brisso,
747 1911 826 1962 tibiae
862 1912 928 1965 λῶν.
948 1917 1011 1965 Post
1022 1916 1160 1965 Horatium
1172 1916 1275 1966 Ovidius
1286 1916 1337 1966 Met.
1346 1914 1364 1967 5,

302 1991 460 2039 ornamento
476 1988 631 2038 destinatas.
658 1988 826 2051 Quamquam
864 1990 925 2040 588:
949 2002 996 2051 per
1017 2002 1081 2051 quoe
1107 1990 1209 2053 (aquas)
1226 1986 1367 2038 mutuo

301 2064 329 2113 in
346 2062 431 2113 Codd.
445 2060 638 2124 antiquioribus
649 2073 692 2110 vv.
703 2063 789 2111 cincto
801 2062 828 2111 et
864 2064 915 2113 44444
925 2064 1041 2115 calculus
1051 2065 1131 2113 onmis
1142 2070 1207 2113 eret.
1224 2065 1284 2113 Stet.
1296 2060 1364 2111 Theb,

300 2137 388 2185 iuncto
407 2134 532 2197 distingui
552 2138 595 2184 vix
611 2137 727 2197 queunt.
754 2136 827 2199 prius
864 2137 889 2197 3,
903 2136 963 2186 tos:
981 2137 1190 2199 numerandaque
1203 2134 1364 2199 summoned.

302 2211 392 2259 nmen
400 2208 516 2257 verbum
526 2208 553 2257 h.
563 2207 581 2259 4.
591 2220 657 2257 sane
669 2210 754 2271 magis
766 2214 828 2273 poe·
866 2236 894 2247 -
907 2210 996 2261 Lectio
1007 2222 1105 2272 potum
1114 2212 1206 2261 autem
1218 2210 1289 2273 longe
1299 2220 1366 2273 prae-

301 2284 384 2333 ticum
398 2283 440 2331 est
453 2284 479 2331 et
492 2281 527 2331 ab
541 2282 731 2343 antiquissimis
741 2282 825 2332 Codd.
864 2284 916 2333 stat
927 2282 1206 2345 coniecturaeooreoq
1219 2282 1286 2346 quod
1294 2283 1364 2345 ipsun

301 2357 366 2407 satis
377 2356 512 2416 tis-matur,
531 2358 581 2405 etsi
593 2358 706 2406 loannes
716 2356 825 2407 saresb.
865 2358 933 2407 inest
950 2357 975 2405 in
992 2370 1018 2405 v,
1036 2356 1113 2420 pupi.
1130 2383 1158 2393 -
1174 2363 1298 2417 metroque
1310 2366 1365 2403 vero

301 2428 413 2493 Proiogo
430 2430 472 2479 Vl.
491 2428 585 2480 Polie:
604 2430 673 2479 Nom
688 2430 744 2491 quie
760 2444 779 2481 o
791 2443 826 2480 se·
863 2430 1185 2492 mosomensem,
1203 2430 1272 2495 quod
1288 2429 1317 2478 ad
1331 2428 1365 2476 Li·

300 2504 437 2567 meacm
461 2503 549 2552 tibiam
570 2504 695 2553 oricbcteo
714 2505 827 2555 iunctam
863 2504 921 2554 beri
941 2504 1024 2567 petris
1040 2503 1141 2555 cultum
1158 2504 1301 2569 pertinebat
1309 2496 1364 2571 δρᾶ-

301 2583 326 2628 et
341 2577 469 2627 micon
485 2576 559 2627 tuboe
574 2579 721 2641 4444440444
736 2592 827 2641 cospe-
861 2592 913 2641 μα.
933 2578 1065 2628 vantem
1076 2582 1161 2627 oottm
1172 2577 1363 2629 reterturadrs-

301 2650 366 2701 etot?
376 2678 404 2687 -
416 2651 538 2713 tubaeque
544 2652 657 2717 demeto]
668 2666 735 2703 sono
746 2654 826 2703 acuto
862 2650 995 2714 ligionem.
1014 2652 1069 2702 Cio.
1083 2650 1117 2701 de
1129 2655 1209 2717 Legg.
1218 2654 1243 2713 2,
1252 2654 1275 2713 8,
1285 2650 1323 2701 u:
1334 2646 1364 2697 ,44

302 2728 330 2777 et
346 2724 420 2775 cbori
431 2724 516 2775 verba
527 2729 680 2791 superante.
696 2754 723 2764 -
738 2725 824 2790 44444444]
863 2726 933 2775 dicos
949 2726 1057 2775 adsumo
1073 2730 1149 2777 corte

303 2798 391 2862 «quod
407 2799 442 2849 ad
460 2812 557 2851 sonum
568 2802 698 2864 spectat.»
711 2826 740 2837 -
753 2802 826 2863 soro·
894 2798 1023 2849 tos-sto.
1049 2800 1141 2864 victor]
1160 2799 1277 2866 populus.
1300 2792 1363 2860 Apud

300 2873 368 2921 mise
380 2872 472 2936 posco]
491 2874 590 2923 «Varro
602 2875 639 2923 oit
649 2875 676 2924 in
687 2875 765 2924 tertio
780 2874 826 2925 Di·
863 2874 977 2923 Graecos
1000 2872 1114 2923 retertur
1134 2875 1171 2923 ad
1188 2877 1300 2937 tempora
1314 2870 1362 2933 post

301 2944 473 3009 sciplinarum
484 2946 556 2995 etad
569 2946 721 2997 Marcellum
734 2947 767 2997 de
780 2946 827 2997 iin-
861 2943 898 2996 ut
906 2944 1044 3016 Περσικά,
1057 2946 1090 2997 ci.
1100 2947 1135 2997 ad
1144 2948 1209 3012 Epp.
1219 2948 1272 3007 nt,
1281 2945 1361 3005 3sqq.;

301 3030 352 3080 gua
378 3018 480 3077 Latino,
514 3020 640 3080 quattuor
665 3020 825 3071 foraminum
861 3020 932 3085 apud
950 3021 1081 3071 Romanos
1093 3026 1155 3085 post
1166 3020 1295 3086 profligata
1305 3013 1361 3065 belia

300 3092 382 3143 tuisse
404 3090 482 3142 tibias
502 3093 574 3157 apud
591 3094 729 3157 antiquos,
752 3098 825 3146 etse
863 3094 968 3145 Punice.
993 3120 1021 3129 -
1046 3093 1131 3158 mbos]
1159 3097 1237 3146 Recte
1253 3106 1279 3143 se
1294 3088 1361 3140 habet

300 3166 388 3229 mum
399 3165 435 3213 ait
445 3166 472 3214 in
484 3164 584 3229 tempto
595 3167 716 3228 bimsyae
726 3168 825 3219 vidisse
863 3166 970 3231 piursiis
984 3167 1113 3217 Codicum
1129 3168 1359 3231 antiquissimorum.

301 3238 379 3290 tibies
396 3240 523 3301 quattuor
539 3238 706 3289 torminum.
737 3242 824 3300 Quare
862 3252 924 3291 eum
948 3241 982 3290 de
1001 3241 1107 3291 Graecis
1128 3242 1156 3291 et
1172 3240 1288 3294 nomenis
1303 3246 1359 3285 conr

301 3316 428 3377 quaterna
446 3315 549 3363 tantum
560 3313 688 3364 toramine
699 3316 824 3378 antiquae
862 3313 1118 3377 muniterloqustur.
1137 3315 1358 3377 vide,qnsssopn

300 3386 381 3437 tibiae
398 3386 563 3446 babuernnt;
588 3385 631 3437 alii
647 3386 751 3447 dicunt,
771 3401 824 3439 non
861 3388 994 3439 detotoh.
1004 3386 1022 3436 1.
1035 3386 1160 3439 diximus.
1173 3414 1198 3425 —
1208 3384 1294 3448 botior]
1305 3378 1356 3435 bl..

300 3460 359 3525 ptus
371 3473 452 3524 qnam
461 3461 823 3525 messene-sospem]
860 3466 891 3513 nt
914 3464 1124 3513 consentaneum
1149 3464 1206 3523 est,
1234 3456 1355 3522 significat:

299 3536 358 3585 deo
375 3536 433 3584 Tou
449 3533 596 3598 oooebeo.
618 3560 645 3570 -
664 3535 757 3599 44444444]
775 3536 824 3587 be-
861 3537 1034 3601 rspatiosior‚
1061 3534 1186 3599 amplior,
1209 3545 1283 3598 quam
1299 3528 1356 3579 initio

299 3609 426 3670 oletteo.
439 3636 466 3644 -
479 3608 820 3671 4444444444444444-44444444104.
861 3610 979 3669 itrerat;»
997 3610 1150 3672 neutiquam
1165 3622 1227 3658 vero
1243 3612 1355 3656 cessasti.

300 3680 400 3730 voss:
427 3681 693 3742 sptooe--coroooe
713 3683 778 3746 Epp.
797 3686 821 3743 4,
860 3697 913 3747 qno
939 3684 973 3734 de
999 3682 1143 3745 Babylonis
1165 3696 1239 3734 muro
1259 3678 1355 3740 Hyginus

301 3752 341 3811 49,
355 3752 636 3817 institututionem
652 3783 679 3791 —
691 3756 822 3820 complere]
860 3758 887 3807 F.
900 3757 963 3807 223:
982 3757 1063 3806 44444444
1074 3758 1151 3818 pedo
1167 3758 1251 3815 XXV„
1267 3750 1356 3801 adsoni

301 3825 384 3875 «adeo
409 3828 481 3876 utin
499 3828 602 3878 theatro
619 3828 702 3879 multo
719 3831 822 3881 minore
860 3842 1072 3894 supervacanee,
1096 3832 1146 3881 etsi
1171 3844 1218 3895 per
1241 3842 1268 3879 se
1288 3824 1353 3875 mco.

299 3911 382 3963 qnam
398 3902 487 3949 nostra
504 3914 575 3951 nnnc
591 3906 667 3964 sunt,
688 3904 823 3954 nondum·
860 3907 894 3954 sit
909 3902 1019 3954 Bentleii
1034 3906 1102 3955 coni.
1116 3918 1131 3955 a
1144 3902 1256 3956 oooodio
1266 3898 1353 3959 recepit

300 3986 354 4037 qne
370 3973 566 4037 spectatoribus
577 3976 655 4027 nimie
666 3975 774 4039 referto,
787 3976 821 4027 ab
859 3978 952 4027 lucion
971 3979 1001 4027 V.
1015 3977 1136 4042 exempta
1147 3978 1180 4027 sb
1194 3976 1234 4027 iiio
1245 3972 1318 4024 444444.
1331 3992 1351 4003 -

301 4046 437 4107 omnibns,
450 4049 579 4109 qnantum
591 4051 730 4111 satiserat,
744 4064 823 4100 exau·
858 4052 964 4113 otuoqtu
987 4053 1087 4117 44444444]
1113 4051 1253 4103 «conviviis
1268 4052 1352 4105 tempe·

302 4120 351 4171 diri
367 4124 487 4185 posset.»
509 4148 535 4158 -
553 4124 630 4187 sose]
656 4127 707 4174 «nt
724 4138 774 4189 per
791 4138 821 4175 se
859 4126 947 4185 stivis;
977 4125 1149 4190 indulgebant
1175 4126 1243 4175 enim
1264 4116 1351 4171 Genio·

299 4194 475 4259 intelligito.»
497 4224 524 4232 -
551 4196 720 4262 emmau]
744 4197 821 4263 Apud
859 4198 1352 4263 Epp.t‚to‚tt:rtoctusocsrtarm
