2925 4892
510 375 570 428 lm.
588 377 620 426 ΙΙ.
654 374 724 427 SAT.
743 375 774 426 ll.

145 530 301 598 Caulibus
321 529 468 607 instillat,
491 529 612 597 veteris
633 551 697 597 non
718 550 839 617 parcus
860 531 952 599 aeeti.

142 651 235 733 Quali
258 653 357 740 igitur
377 654 465 720 victu
486 653 617 740 sapiens
637 663 761 732 utetur,
784 663 817 722 et
837 652 952 719 homm

140 773 253 841 Utrum
266 773 470 842 imitabitur?
491 775 559 842 llac
573 784 668 862 urget
680 773 792 862 lupus,
815 773 877 840 heo
891 771 996 850 oanis,
1019 773 1118 838 aiunt.

141 894 281 962 liundus
302 896 381 972 erit,
404 915 471 983 qua
492 915 557 962 non
579 895 723 963 offendat
743 895 911 972 sordibus,
934 903 1032 982 atque
1149 893 1190 959 65

142 1018 176 1080 ln
197 1027 348 1084 neutram
368 1025 495 1104 portem
516 1015 621 1084 cultus
643 1017 751 1084 miser.
796 1017 856 1084 llio
877 1035 985 1103 neque
1007 1014 1125 1090 servis,

161 1231 432 1297 exprimiturque
447 1245 517 1284 unus
533 1233 602 1284 Feae
619 1246 634 1283 4
652 1243 709 1283 444.
727 1245 780 1294 m..
803 1229 851 1282 Ed.
870 1231 955 1281 Zaroti
973 1229 1046 1284 4444.
1066 1255 1094 1267 -
1115 1229 1155 1282 ot.

132 1307 212 1371 44444]
239 1309 312 1371 oepit
337 1306 422 1356 codd.
447 1307 547 1370 aliquot
563 1307 695 1368 Poulei-ii,
722 1307 761 1366 tl,
777 1305 851 1368 atptti
868 1318 894 1369 p.
915 1305 953 1367 (Ut
970 1316 1033 1366 nos,
1058 1303 1112 1354 bSo
1129 1307 1157 1355 et

131 1382 247 1432 Pottierii
264 1381 346 1444 octo.)
360 1406 388 1418 -
402 1382 444 1432 644.
462 1381 597 1448 psibsep,
616 1393 712 1432 omnes
728 1378 839 1430 Bentleii
857 1380 884 1428 et
901 1379 1030 1440 lotherii,
1050 1379 1111 1428 LCt.
1127 1405 1155 1414 -

132 1457 234 1517 44144444
245 1455 327 1517 S‚LC,
340 1457 445 1518 4414444444
455 1469 483 1520 p,
496 1455 550 1505 (luo
561 1454 686 1506 Pottierii.
709 1453 750 1516 (Ut
760 1465 819 1513 nos,
837 1451 892 1514 bc.)
906 1479 934 1489 -
946 1453 1061 1502 4444444444
1072 1451 1156 1502 codd.

131 1527 229 1591 aliquot
246 1529 422 1592 (nonnostril.
443 1556 471 1566 —
490 1529 531 1580 66.
543 1529 613 1578 cultu
628 1527 685 1579 hid.
705 1529 779 1579 44404.
800 1528 862 1592 (444
880 1527 953 1577 44449.
965 1539 1053 1591 neque
1072 1526 1155 1586 4549.)
1244 1568 1247 1581 ,

101 1717 164 1768 quae
174 1703 306 1754 hauoelei
317 1705 410 1754 tenent
421 1706 622 1767 quantitatem.»
663 1731 692 1743 -
716 1703 783 1769 pree]
807 1705 879 1754 llaec
901 1701 979 1754 444444
1005 1703 1032 1754 ln
1053 1701 1188 1768 plerisque

101 1779 181 1829 Con.
199 1780 281 1836 cauo.
319 1780 377 1828 Non
403 1793 436 1829 ex
462 1778 623 1842 elegantiore
662 1779 747 1830 codd.
760 1779 906 1843 depravata
925 1779 951 1828 in
963 1779 1007 1840 put
1018 1779 1081 1828 setis
1096 1777 1189 1826 firma-

99 1853 182 1918 aliqun
198 1852 319 1918 ampulla
334 1853 448 1913 olearia,
466 1855 517 1906 sed
533 1869 567 1905 ex
579 1855 624 1905 vili
661 1851 1190 1904 turaCodd.Blandin.etheronisscho

100 1943 180 1979 44444
195 1931 269 1993 ipse,
289 1941 323 1978 ne
340 1941 409 1992 puer
420 1930 500 1980 nimis
510 1929 624 1981 44444444
661 1927 711 1980 lio:
732 1941 813 1991 «pue,
827 1928 1033 1988 deauratione,
1051 1929 1068 1977 4.
1082 1941 1106 1977 e.
1121 1939 1189 1990 qua-

99 2002 145 2053 4444
164 2002 323 2068 proluerint,
350 2003 402 2053 hoc
419 2005 541 2066 guttatim
558 2003 625 2054 44444
662 2004 742 2052 tenus
759 2015 811 2052 non
824 2003 875 2052 erit
886 2001 1036 2052 sordidus·
1049 2003 1190 2052 -lneeu-

99 2077 217 2136 intendit,
235 2078 439 2126 oontreveteris
450 2078 532 2138 aceti,
551 2077 624 2140 quod
661 2082 731 2126 44444
747 2075 860 2140 portem]
885 2089 992 2140 «neqtoe
1010 2078 1038 2127 in
1057 2075 1189 2126 luxuriam

99 2151 191 2202 nullius
208 2151 252 2200 est
273 2149 365 2213 pretii,
392 2147 483 2213 largus
500 2163 561 2202 4444
578 2163 627 2202 44-
662 2164 714 2201 neo
730 2152 757 2200 in
775 2151 913 2200 avaritiam
926 2151 981 2208 Ι4444
1001 2151 1078 2200 mirer
1093 2151 1188 2200 cotton

99 2223 140 2275 iet.
155 2253 184 2263 -
197 2223 326 2287 04444444]
342 2223 490 2275 brassicae.
516 2227 583 2276 Cato
594 2227 623 2275 44.
663 2225 798 2288 (genitivi,
825 2225 924 2286 idest,
949 2225 1036 2288 equod
1054 2225 1088 2276 ad
1106 2227 1189 2276 totam

99 2300 125 2348 44.
137 2313 162 2349 4.
175 2299 240 2348 toti:
259 2298 379 2348 4444444444
394 2303 443 2359 444,
462 2312 527 2360 quoe
542 2300 626 2348 44444-
661 2299 732 2348 vitae
753 2301 878 2350 externae
904 2300 1036 2350 rationem
1061 2299 1188 2357 attinent

99 2372 265 2423 4444444444
286 2373 399 2422 44444444.
428 2373 495 2422 Eam
518 2373 626 2423 4444444
662 2385 732 2436 quae
750 2375 849 2424 constr.
868 2387 912 2422 vv.
930 2374 993 2436 [4444
1011 2375 1038 2424 44
1060 2375 1137 2424 mim
1161 2375 1189 2424 ln

98 2448 243 2498 4444444444
257 2448 372 2497 mudum.
402 2448 546 2498 0444444444
559 2450 624 2508 edm,
663 2445 900 2498 exclamationibus
943 2449 1050 2512 proprie
1093 2449 1189 2499 usitata

98 2521 554 2585 &nummismata—pareat]
571 2525 626 2572 iro-
664 2523 762 2584 (Sabi,
781 2523 806 2584 9,
827 2523 872 2572 444
891 2523 1106 2592 cerebrlselieemt
1123 2525 1187 2573 stat.

98 2597 166 2646 niam
183 2595 259 2645 haud
275 2597 383 2657 agnouit
398 2598 533 2647 Gesnerua
555 2597 625 2648 haee
662 2595 745 2645 Theb.
759 2595 788 2656 l,
814 2595 876 2646 tos:
905 2597 943 2646 Ab
966 2597 1052 2646 4444444
1075 2599 1189 2646 44444444

97 2669 240 2720 adnotans:
271 2668 423 2720 «Sordidior
445 2671 496 2719 erit
516 2671 625 2720 lividio-
662 2669 726 2720 Plio.
740 2672 837 2734 Panes.
853 2670 899 2730 48,
925 2671 955 2720 b:
980 2671 1084 2720 miseros
1106 2671 1190 2720 umbt·

96 2757 157 2804 nus,
184 2745 209 2794 44
231 2755 295 2792 oum
316 2743 403 2807 prima
419 2745 541 2795 omnium
560 2745 625 2796 Edi-
662 2743 767 2806 4444444)
795 2743 857 2793 hinc
874 2744 978 2794 44444444
998 2743 1078 2794 etiam
1096 2744 1122 2793 ln
1145 2755 1191 2794 se-

95 2819 187 2868 tioae»
205 2818 359 2881 (Zarotiana
378 2819 487 2881 proprie
509 2831 563 2868 non
582 2822 625 2870 est
662 2817 754 2867 datam
771 2818 928 2868 orationem.
958 2817 1062 2868 Etenim
1074 2829 1126 2867 non
1138 2819 1190 2868 mi-

95 2893 193 2954 primm
211 2890 276 2942 vide
293 2890 512 2956 bibliographos.)
531 2891 624 2956 «legas
662 2905 713 2942 nus
729 2892 884 2954 miserest,
911 2892 955 2956 qui
975 2891 1094 2942 luxuriae
1112 2891 1191 2942 dedi-

95 2980 143 3016 444
158 2968 251 3030 turpio
263 2967 342 3027 44444,
361 2967 388 3016 44
404 2963 624 3030 quoiuellealias
661 2969 705 3017 tus
727 2967 755 3017 in
776 2965 866 3018 multis
885 2969 912 3018 et
937 2965 1057 3018 molestis
1081 2979 1190 3032 semper

97 3044 136 3090 444
149 3041 257 3104 largum
273 3053 362 3091 ease.»
661 3043 783 3090 versatur
811 3042 935 3105 negotiis,
965 3054 1046 3106 44444
1074 3055 1172 3093 avarus

126 3115 212 3166 444-66.
226 3115 423 3179 hononlltrtou]
435 3115 622 3168 «hominemne
662 3115 708 3177 qui
725 3114 834 3166 sibimet
851 3117 901 3180 ipsi
918 3116 1007 3166 omnia
1025 3117 1094 3166 vitae
1112 3129 1190 3167 oom-

97 3188 226 3251 gnosum,
245 3203 281 3240 an
297 3189 477 3240 sordidum‘l·
498 3213 526 3226 -
541 3191 622 3256 aiunt]
662 3189 742 3240 moda
760 3190 883 3254 denegat.
909 3189 960 3241 hili
973 3191 1083 3254 iungunt
1092 3193 1191 3242 444444-

97 3264 228 3326 Sipnitleat
245 3277 307 3314 esse
326 3263 491 3314 locutionem
510 3277 625 3328 prover·
661 3269 730 3314 44444
744 3270 844 3327 portem
860 3265 956 3326 4444444,
974 3267 1003 3314 44
1017 3266 1094 3315 muer
1105 3263 1190 3329 expli-

97 3335 201 3388 hiaiem.
220 3339 275 3400 (Gr.
286 3333 322 3388 τὸ
340 3334 520 3404 λεγόμενον.)
544 3339 621 3404 Apul.
662 3341 724 3390 eant
742 3339 885 3402 «nimiunn
907 3339 957 3390 sed
974 3339 1044 3388 hano
1060 3339 1190 3402 signitica-

98 3412 245 3474 lietam.2,
264 3413 291 3461 l:
312 3418 350 3473 et,
368 3413 538 3475 4444444444,
553 3414 624 3476 mt
661 3413 777 3475 tionem,
806 3425 889 3477 quaxn
917 3412 1064 3464 detendunt
1090 3409 1190 3474 Virgilii

89 3484 531 3538 huimmuommeomooto.
555 3487 624 3539 Alio-
663 3486 963 3550 (hen.t‚eot.)mtsoro
975 3499 1073 3548 444444,
1092 3485 1184 3536 sieab

97 3573 155 3611 rum
170 3563 245 3626 eupit
261 3563 304 3612 444
319 3573 396 3612 mera
412 3561 622 3626 interpolatio—
661 3561 747 3613 solute
778 3563 886 3614 lloratio
915 3560 996 3611 tribul
1026 3573 1107 3626 posse
1136 3573 1190 3612 non

98 3635 209 3700 ludes]
227 3637 452 3702 «llomosapiens
467 3639 625 3688 4444444444-
661 3634 786 3688 arbitror.
826 3637 968 3687 Praeterea
994 3648 1106 3686 caesura
1133 3637 1190 3700 ipsa

97 3711 255 3774 queetepunt
265 3712 344 3774 (quae
354 3723 431 3761 4444.
439 3711 522 3774 iungit
528 3712 622 3762 Cicero
662 3710 829 3762 demonstrat
845 3709 978 3774 iungenda
996 3723 1057 3762 esse
1073 3723 1118 3760 vv.
1134 3710 1191 3760 444-

97 3782 129 3831 de
141 3785 212 3834 4444.
226 3786 258 3844 2,
270 3786 302 3845 8,
314 3785 356 3834 23.
369 3785 405 3835 ad
418 3786 488 3835 Fam.
502 3785 527 3844 9,
540 3786 583 3846 40,
595 3787 621 3840 i.
661 3789 701 3836 444
710 3787 794 3836 mim.
819 3784 915 3849 (Cultus
927 3789 968 3836 est
980 3799 1039 3836 voe.
1054 3785 1188 3836 medium:

97 3857 164 3908 0444.
183 3859 234 3919 23,
265 3859 317 3922 49.)
343 3861 394 3910 erit
413 3861 539 3920 4444444,
570 3873 622 3924 qna
662 3862 733 3910 «tote
754 3860 860 3911 vivendi
881 3861 962 3920 44444,
988 3860 1044 3910 sive
1068 3860 1188 3925 parcior,

97 3934 211 3982 convivis
240 3947 380 3998 nunquam
405 3933 530 3986 sordibus
556 3948 623 3986 nau·
660 3935 716 3985 sive
735 3932 806 3984 luxui
823 3934 933 4000 propior
950 3935 1017 3985 est.»
1043 3932 1191 3998 illampar-

96 4017 169 4056 seam
185 4008 278 4065 444444;
307 4008 359 4058 hoo
375 4009 485 4067 sufficit3
512 4009 622 4060 nimiam
661 4008 764 4059 olorem
796 4011 888 4059 autem
916 4010 995 4058 vooat
1022 4009 1192 4060 maeotium

95 4077 221 4132 lautitiam
234 4081 354 4133 vitabit.»
375 4082 619 4148 varmapudoett.
659 4083 755 4134 44444444
772 4081 881 4134 Rutilius
904 4084 994 4148 Lupus
1011 4084 1041 4144 4,
1066 4083 1119 4144 46,
1143 4080 1190 4130 ubi

98 4154 175 4213 tati
186 4171 192 4204 :
205 4157 623 4221 Dommceaeiotteaseoportet
661 4169 727 4207 cave
745 4170 807 4208 cum
825 4155 932 4208 lacobio
950 4157 984 4207 de
1002 4169 1131 4220 oxymoro
1143 4166 1191 4204 co-

97 4241 143 4276 444
165 4234 219 4279 tom
235 4231 334 4282 testum
349 4231 621 4295 mahometem.
660 4232 746 4296 sites.)
