2925 4892
541 389 600 441 tiit.
619 393 639 443 l.
674 395 743 445 SAT.
762 395 792 446 X.

166 535 236 601 Non
258 535 343 604 ridet
363 559 481 607 versus
502 543 582 610 Enni
604 550 759 634 gravitate
781 553 940 633 minores,

166 659 247 725 Com
268 659 313 727 de
333 681 371 727 se
391 661 535 750 loquitur
554 688 619 734 non
641 680 677 736 ut
697 673 820 741 maiore
842 683 1029 765 reprensis‘l

166 781 250 861 Quid
272 792 361 850 vetat
381 796 414 851 et
433 799 560 855 nosmet
580 790 680 858 Lucili
702 795 823 882 scripta
844 795 989 886 legentes

162 903 345 982 Quaerere,
371 927 447 972 num
468 907 569 988 illius,
592 933 670 979 num
691 935 801 982 rerum
823 918 905 986 dora
925 925 1051 1011 negarit

166 1024 352 1092 Versiculos
371 1037 487 1094 natura
507 1032 611 1118 magis
633 1032 733 1101 iactos
755 1047 788 1103 et
810 1051 924 1108 euntes

162 1145 305 1223 llollius,
329 1167 368 1214 ac
390 1151 418 1214 si
439 1151 513 1236 quis
534 1151 674 1239 pedibus
695 1155 774 1243 quid
797 1159 949 1230 claudere
971 1168 1074 1248 senis,

182 1373 224 1422 55.
237 1373 360 1436 mosim
377 1379 574 1429 mmmoim
585 1380 755 1444 distinguitti
767 1397 829 1436 oum
840 1385 975 1454 plerisque
993 1393 1073 1456 Eoo„
1093 1399 1173 1452 etam

151 1445 274 1508 Bentleii,
294 1449 452 1510 Heindorfii‚
470 1452 617 1504 Kirchneri.
637 1480 666 1492 -
694 1455 734 1506 449.
754 1463 781 1507 at
797 1460 818 1508 si
835 1474 897 1512 cum
914 1463 1015 1517 Aldinis
1033 1470 1077 1532 Lt,
1096 1479 1124 1524 at
1142 1477 1173 1527 rit

150 1521 244 1570 Lamb.
264 1523 291 1571 in
316 1523 482 1584 comment..
509 1541 543 1576 aa
559 1529 582 1576 si
602 1531 714 1580 Dacierii
731 1545 878 1599 rursusque
896 1539 1028 1606 Doeringii
1046 1549 1169 1612 suspicio.

150 1595 191 1656 (oe
206 1596 229 1644 s·
246 1598 328 1646 etiam
345 1597 429 1648 Bentt.
450 1613 527 1651 «cum
543 1601 664 1665 pluribus
682 1607 710 1656 et
725 1605 843 1660 melioris
860 1616 938 1664 notae
957 1615 1135 1684 codicibus»)

119 1791 192 1852 quasi
211 1785 342 1847 Lucilius,
370 1799 433 1838 cum
449 1787 484 1838 de
501 1801 531 1840 se
547 1787 643 1853 ioque-
678 1793 754 1854 grata
771 1795 864 1846 natura
887 1797 913 1848 in
934 1811 1015 1852 causa
1038 1803 1129 1869 tuerit,
1157 1821 1205 1860 cor

115 1868 201 1926 retur,
228 1863 288 1913 aiis
313 1861 439 1914 omnibus
459 1877 523 1914 aso
548 1877 642 1928 repre·
679 1867 733 1917 tam
750 1867 864 1920 scabros
880 1884 975 1926 versus
997 1875 1120 1930 uiderit.»
1150 1885 1204 1936 Nec

114 1941 205 1991 irensis
216 1952 249 1990 se
265 1938 402 2003 praeierre
413 1936 507 1989 solitus
516 1939 559 1988 sit.
580 1939 643 2001 (Sci-
678 1951 742 1990 vero
759 1954 823 1994 oum
834 1943 987 1998 Heindoriio
998 1950 1078 2004 velim
1090 1953 1204 2010 alterum

114 2013 175 2064 lieet
190 2015 311 2076 Doering
330 2012 428 2077 aliique
449 2013 488 2063 sic
507 2014 641 2077 iuterpre-
677 2026 738 2063 uma
755 2013 888 2081 explicare
907 2013 1127 2091 unum⁸potius»;
1152 2033 1203 2084 sed

114 2091 216 2139 tantm:
237 2090 324 2139 «cum
340 2087 455 2140 Lucilius
466 2087 542 2138 dese
553 2085 642 2150 ioqui-
676 2101 727 2150 pro
743 2091 874 2144 membris
892 2097 1086 2168 παραλλήλοις
1102 2105 1199 2170 habeo,

111 2167 166 2224 tur,
186 2175 277 2213 nonne
294 2163 329 2211 ita
344 2161 504 2226 loquitoroc
515 2163 537 2211 si
553 2163 641 2226 potior
677 2160 745 2213 dous
762 2177 872 2230 causas,
891 2171 940 2222 sed
958 2173 1120 2240 dubitanter,
1139 2181 1202 2232 affe.

110 2243 184 2289 osset
202 2240 249 2297 iis,
269 2249 338 2300 quos
348 2235 561 2300 reprehendit»)
572 2235 640 2287 Nihil
675 2237 809 2302 rentibus,
828 2246 960 2297 ourhaud
971 2261 1056 2314 pauca
1068 2253 1139 2318 apud
1152 2257 1202 2306 Lu·
1271 2273 1274 2282 ’

111 2316 197 2377 magis
219 2313 256 2363 ab
273 2312 373 2363 Horatii
396 2310 506 2362 consilio
522 2309 638 2361 alienum
676 2308 765 2362 cilium
791 2315 879 2368 minus
903 2321 1022 2383 perlecta
1047 2327 1107 2378 sint,
1152 2329 1200 2380 Hie

109 2401 193 2451 quam
215 2387 389 2437 stultissimae
411 2386 491 2437 huius
511 2397 639 2448 onogun-
675 2397 783 2450 quoqus
800 2401 883 2452 quem
899 2398 1015 2449 maxime
1033 2403 1123 2464 potest
1138 2415 1199 2466 par.
1273 2413 1283 2432 ·

110 2465 161 2512 tiae
188 2463 357 2521 criminatio;
383 2462 466 2511 utitur
490 2461 562 2510 enim
586 2460 638 2510 hac
674 2461 718 2508 cet
742 2461 855 2514 Lucilio:
882 2481 945 2519 nam
968 2475 1041 2522 certe
1068 2476 1094 2524 in
1116 2475 1199 2528 altero

109 2539 227 2598 ratione,
247 2540 277 2587 ut
292 2536 446 2587 libertatem
463 2534 534 2585 illam
550 2535 592 2585 vel
609 2537 637 2586 iu
674 2533 867 2588 membresam
877 2548 1024 2595 romanaet.
1036 2547 1106 2599 inest
1117 2563 1200 2612 quas·

108 2614 211 2676 optimo
238 2614 363 2675 poemate
390 2614 482 2676 partes
506 2611 636 2674 quasdam
673 2605 736 2656 dam
753 2615 901 2674 excusatio,
928 2618 963 2667 ita
985 2622 1076 2672 tamen
1093 2627 1122 2674 ut
1143 2627 1200 2676 sta.

107 2685 327 2751 reprehendendi
345 2687 397 2736 iam
408 2687 497 2750 ipsum
508 2683 636 2735 Lucilium
673 2681 721 2730 lim
738 2683 881 2748 signifieat,
908 2693 1054 2744 maximam
1066 2709 1196 2751 versuum

106 2765 233 2813 mmm
251 2761 636 2825 ostendaidooefliqueomni.
673 2758 841 2819 asperiorum
864 2761 969 2828 culpam
993 2765 1072 2817 tribui
1096 2771 1197 2824 debere

105 2851 140 2887 no
157 2850 255 2887 errare
271 2850 331 2898 eos,
357 2838 405 2900 qui
426 2836 577 2887 huiusmodi
594 2837 636 2886 iu·
672 2831 771 2881 nimius
789 2833 946 2888 festinationi
962 2851 994 2890 oo
1011 2841 1195 2907 negligentiae.

104 2915 175 2963 dicia
193 2925 306 2977 semper
322 2912 477 2976 esupsrbiu
489 2912 562 2962 nusoi
573 2924 636 2961 cro·
674 2929 702 2940 ·-
720 2908 803 2971 mpii
817 2910 906 2977 [actos]
929 2915 1045 2966 «maiore
1063 2921 1120 2970 urta
1139 2920 1196 2972 alu.

105 2989 179 3038 dant.
215 2990 310 3050 itaque
328 2987 481 3036 necessario
492 2987 545 3036 hoo
555 2985 634 3036 dicit:
671 2978 810 3042 hernioso
839 2989 869 3036 ut
896 2989 988 3039 Graeci
1016 2997 1196 3060 πεποιημένα

105 3077 190 3113 nnec
207 3068 301 3112 tamen
317 3059 432 3113 Lucilius
452 3062 488 3111 ita
505 3060 634 3124 loquitur,
672 3053 778 3118 dicum,
796 3069 866 3121 quae
884 3075 947 3112 com
963 3067 1021 3114 arta
1039 3065 1106 3118 elata
1123 3075 1193 3122 sunt,

102 3141 182 3203 quasi
208 3137 260 3188 iliis
282 3138 370 3186 maior
394 3137 439 3196 sit;
470 3146 558 3199 neque
584 3149 634 3198 ego
671 3129 826 3217 Longini:
846 3140 1043 3205 πεποιημένην
1059 3138 1195 3206 ligarunt

102 3220 158 3265 tam
169 3226 234 3264 sum
247 3223 388 3275 arrogans,
402 3215 440 3273 ut,
453 3213 526 3276 quod
537 3211 633 3262 inculto
669 3215 819 3271 7440144444,
830 3209 872 3257 cui
884 3215 1035 3275 opponitur:
1048 3212 1082 3266 τὸ
1093 3213 1196 3285 ἀποίη-

102 3294 130 3339 22
145 3289 340 3353 negligentiora
352 3287 485 3351 quaedam
502 3288 528 3338 jn
545 3286 634 3338 Lucjpj
669 3291 729 3327 τον.
752 3281 888 3364 θΒειιῑειπ.
912 3285 985 3335 Phal.
1006 3289 1052 3338 28:
1082 3286 1195 3344 ἁπλοῦν

102 3366 194 3415 Satiris
218 3364 296 3422 dico,
322 3376 367 3412 me
385 3361 420 3411 iili
440 3362 632 3426 praeferamus
670 3353 719 3402 καὶ
742 3356 883 3420 mimos
907 3355 1044 3418 βούλεται
1064 3359 1138 3417 εἶναι
1158 3364 1193 3418 τὸ

100 3443 156 3490 Nec
173 3439 254 3489 aliter
268 3437 354 3487 verba
371 3435 478 3502 intelligi
497 3449 634 3499 gramma-
670 3425 773 3492 πάθος·
809 3433 863 3482 Cic·
879 3431 912 3484 de
930 3437 1000 3486 Orsi·
1015 3437 1044 3500 3,
1062 3438 1109 3500 is,
1129 3441 1192 3493 itt:

101 3515 152 3564 tice
170 3514 241 3562 ratio
252 3513 331 3569 sinit;
351 3514 379 3561 ut
390 3512 462 3561 enim
474 3510 585 3573 demus,
606 3512 631 3562 in
669 3508 822 3570 oralionus,
841 3521 906 3570 quat
922 3512 1066 3570 quiderusit
1078 3515 1194 3576 potitust

100 3588 170 3637 duas
186 3587 336 3637 sententias
351 3597 462 3635 versum
478 3586 588 3636 distrahi
606 3589 633 3636 et
666 3580 737 3642 (acia
748 3583 856 3644 quodam
866 3585 948 3634 modo.
967 3587 1039 3636 Brut.
1050 3587 1074 3649 8,
1088 3588 1137 3638 30:
1151 3605 1193 3641 oa-

98 3661 220 3727 suppleri
232 3673 313 3724 posse
324 3661 445 3723 monitor,
461 3663 534 3711 certe
546 3662 631 3712 omitti
667 3661 759 3706 curato
774 3663 799 3706 et
812 3658 884 3720 sacta
895 3660 1004 3720 qwdom
1013 3663 1087 3711 modo
1098 3666 1190 3715 oratio

99 3751 153 3787 nou
186 3737 296 3801 poterat
326 3735 489 3799 praepositio
516 3738 577 3786 anta
603 3749 628 3786 v.
698 3731 787 3781 59-64.
817 3745 849 3781 tw
870 3734 891 3782 ti
914 3734 980 3798 cet]
1000 3748 1101 3799 equum
1123 3751 1191 3802 quos

96 3813 225 3862 maiore.»
252 3811 478 3873 mnuoopuscc.
491 3812 511 3860 1.
524 3824 550 3875 p.
570 3811 626 3860 406.
666 3808 723 3871 ipse
748 3809 829 3858 nimia
851 3808 1018 3859 testinatione
1042 3825 1105 3863 usus
1122 3813 1191 3864 eiiu-

128 3888 174 3936 57.
192 3886 236 3936 58.
254 3898 317 3933 nm
333 3885 479 3949 titiusceti
498 3899 578 3936 «num
594 3885 628 3935 ii·
666 3883 747 3931 tivit.·›
785 3884 823 3932 De
849 3883 984 3946 particulis
1010 3897 1041 3934 uc
1064 3889 1091 3935 ot
1115 3891 1191 3948 atqua
1222 3872 1235 3896 ⁸

95 3960 147 4010 lius
173 3959 314 4022 ingenium
330 3971 362 4008 ac
387 3958 499 4010 facultas
522 3961 626 4024 poetica
664 3960 726 4021 post
750 3958 961 4022 comparativum
978 3958 1039 4008 vido
1064 3973 1145 4026 supra
1162 3975 1187 4014 v.

94 4049 149 4085 non
175 4035 242 4083 satis
262 4032 378 4096 benigno
400 4034 544 4097 minusque
565 4038 626 4099 apta
663 4031 705 4083 st.
724 4036 751 4083 et
776 4032 811 4082 ad
836 4033 889 4082 Sat.
912 4034 939 4094 4,
961 4034 991 4094 6,
1018 4034 1074 4084 430.
1100 4049 1189 4098 -ps-

93 4111 129 4160 ad
147 4108 339 4173 componenda
359 4111 484 4173 poemata
501 4109 626 4160 omnibus
662 4108 733 4157 ditus
748 4135 762 4145 -
779 4108 896 4158 curare
918 4108 995 4172 senis]
1020 4110 1073 4160 Sat.
1096 4110 1126 4171 2,
1153 4111 1184 4170 4,

93 4185 219 4234 numeris
237 4182 372 4243 absoluta,
398 4195 464 4233 num
483 4195 626 4246 argumen-
661 4183 709 4233 28:
746 4195 785 4233 mo
809 4183 913 4244 podibus
940 4183 1043 4234 uectat
1070 4185 1186 4235 cuades

92 4263 188 4308 torum
211 4258 333 4320 ipsorum
354 4255 466 4308 difficilis
487 4259 567 4320 atque
584 4259 625 4308 in·
660 4257 738 4308 verbo
753 4257 833 4308 Lucili
848 4257 910 4310 ritu.
946 4256 1021 4309 Cout.
1040 4257 1074 4309 ad
1091 4260 1144 4308 Sat.
1159 4260 1183 4319 4,

185 4347 280 4395 Hom.
297 4358 353 4395 vor..
370 4347 398 4393 li.
427 4359 468 4407 su.
484 4359 536 4394 uu.
553 4347 589 4394 111.
955 4351 982 4395 tit
