2925 4892
492 361 550 410 illi.
571 363 588 410 i.
625 361 722 412 Erlsr.
743 363 795 410 Vll.

145 517 214 581 Nec
235 525 344 582 tamam
367 516 505 603 ignorat,
530 517 609 605 quid
632 517 751 584 distent
772 537 850 584 aera
872 517 1005 606 lupinis:

146 638 287 724 Dignum
309 637 482 726 praestabo
505 659 557 705 me
580 639 676 705 etiam
699 659 759 726 pro
781 637 877 706 lande
904 641 1066 708 merentis.

137 887 214 932 rotro
230 881 260 942 β,
281 882 416 934 Charisius
434 881 461 942 i,
481 882 506 942 2,
527 884 549 932 i.
569 883 676 934 Servius
693 883 727 934 ad
746 883 817 946 virg.
834 885 900 934 Aen.
913 885 938 942 2,
957 883 1025 946 377.)
1045 913 1071 920 -
1086 899 1170 948 poro-

138 955 199 1006 tus?
210 982 223 992 -
238 955 375 1018 -iapinisi
391 955 535 1006 Bentleius.
558 984 584 992 —
603 956 644 1008 at.
662 971 715 1021 me,
734 959 813 1008 ctiam
829 957 946 1008 distinxit
963 958 1106 1012 Bentleius.

103 1169 634 1236 quaedonaverumbabeanipretium,
677 1173 808 1234 Wartiie,
834 1175 899 1223 dem
918 1173 1104 1224 Vcrdtenrte.
1136 1176 1200 1238 [Cic.

102 1257 174 1309 quae
200 1246 327 1309 exiguum
352 1247 398 1296 aut
423 1243 538 1305 nullum;
565 1259 634 1310 quae
674 1247 799 1297 Divinin
818 1247 914 1298 caecil.
930 1248 976 1307 43,
996 1247 1043 1300 lt:
1067 1250 1121 1298 tarn
1136 1263 1203 1300 namo

103 1319 283 1370 conducibilia
300 1321 327 1368 et
342 1321 416 1381 grata
433 1320 486 1370 siut
507 1323 636 1384 acceptu·
673 1322 760 1382 timeo,
785 1323 908 1384 paucam
920 1335 986 1384 pro
1004 1324 1137 1385 offensione
1155 1324 1202 1374 lo-

101 1407 143 1454 ro,
162 1405 235 1457 quac
247 1405 447 1457 supervacanea
459 1397 540 1458 atque
555 1396 634 1445 inuti·
672 1397 794 1446 minum-
809 1403 858 1447 ·et
883 1398 1066 1460 aespxtotiom
1090 1400 1202 1448 mnirari

102 1468 149 1530 lia,
170 1467 296 1532 qualibus
308 1467 467 1532 pierumque
478 1469 581 1519 amicos
594 1473 634 1520 ie·
672 1473 695 1518 ei
706 1472 976 1534 mopritadinererom
987 1473 1109 1536 dignam
1120 1473 1202 1535 eloqui

101 1544 214 1594 naiores
226 1541 346 1593 cumulat
358 1540 480 1593 stultus.»
504 1542 634 1608 Sedqnid
669 1545 784 1610 possim.)
825 1546 909 1609 «Ergo
938 1547 1018 1596 etiarn
1047 1559 1091 1596 me
1119 1546 1200 1598 talem

101 1619 128 1667 in
145 1618 199 1666 bac
217 1617 320 1666 ratione
338 1615 388 1666 sibi
405 1616 468 1666 velit
485 1617 535 1667 Nec
551 1623 634 1668 mmor
672 1618 831 1682 praestabo,
866 1618 974 1683 qualern
1003 1621 1115 1682 requirit
1142 1620 1200 1671 laos

101 1703 151 1755 pro
169 1692 223 1740 Nec
239 1703 299 1739 vero
313 1688 357 1739 vel
374 1689 486 1755 simplici
504 1692 567 1752 Nec,
586 1691 634 1742 dit·
672 1691 744 1741 bene
757 1692 791 1742 de
804 1705 848 1742 me
860 1693 1004 1754 merentis,
1023 1692 1051 1743 ld
1068 1697 1124 1753 est,
1142 1692 1200 1744 laus

100 1762 172 1814 licile
196 1763 333 1814 intellectu
355 1767 404 1813 esi.
440 1764 561 1815 Nonnulli
584 1778 633 1815 au·
673 1768 700 1816 et
716 1768 801 1818 virtus
818 1769 877 1826 tua;
900 1768 927 1816 in
945 1779 978 1815 eo
995 1764 1089 1816 sedulo
1107 1766 1200 1816 elabo-

100 1841 172 1900 tem,
201 1840 248 1902 qui
275 1839 326 1887 boc
352 1840 469 1890 sensisse
492 1839 630 1902 videntur,
671 1839 753 1901 rabo,
780 1843 810 1890 ut
835 1845 880 1890 tua
902 1839 1089 1890 benevolentia
1107 1841 1199 1891 donis

97 1913 222 1979 putidius
250 1913 332 1963 etiam
359 1915 526 1978 interpretati
555 1917 631 1966 sunt:
672 1927 741 1978 que,
768 1915 867 1978 qnibm
890 1929 934 1965 me
956 1913 1080 1978 affecisti,
1104 1915 1200 1979 dignus

100 1991 176 2039 urion
194 1990 287 2038 tamen
306 1988 341 2037 ita
358 1988 482 2053 proiusus
495 1990 536 2039 est
552 1991 578 2040 in
590 1989 633 2040 di·
671 2001 782 2053 semper
792 2001 943 2038 maneam·
957 2016 984 2024 -
997 1988 1123 2053 macuto]
1137 1988 1200 2039 ube·

99 2061 240 2126 largienda
257 2063 371 2126 pecunia
384 2063 464 2113 etiam
482 2063 579 2128 dignis,
599 2079 632 2116 ac
671 2075 705 2112 ne
719 2063 876 2122 merentia·
889 2065 918 2112 ut
929 2063 1001 2126 virg.
1014 2065 1079 2113 Aen.
1094 2065 1119 2122 e,
1133 2063 1195 2114 est:

99 2139 120 2186 si
134 2137 243 2186 nummi
255 2138 347 2186 essent
357 2136 508 2201 lupinorum
520 2140 632 2199 instem»
672 2137 769 2200 Quique
784 2138 823 2187 sui
839 2151 961 2188 mersores
977 2137 1041 2187 otior
1055 2137 1197 2200 feeereme-

99 2225 151 2276 qua
162 2211 267 2261 ratione
277 2210 416 2262 beneficus
429 2210 470 2262 ille
480 2212 568 2263 subito
577 2227 633 2264 sor·
670 2213 756 2261 modo.
780 2213 858 2276 Prop.
872 2213 900 2272 5,
914 2213 958 2272 ii,
974 2213 1036 2260 iiii:
1054 2211 1109 2260 Sim
1119 2212 1198 2276 digno

99 2285 180 2336 didus
196 2287 336 2335 veterator
353 2285 449 2336 evadit.
470 2311 497 2322 -
517 2299 580 2337 aero
595 2287 633 2336 ia·
669 2288 794 2335 merendo.
814 2284 889 2336 liutil.
904 2287 992 2349 Lupus
1005 2287 1031 2346 i,
1052 2286 1080 2334 t:
1098 2287 1198 2335 Deme-

95 2359 173 2424 pints]
185 2359 363 2411 proverbium
374 2363 464 2411 ortum
476 2375 508 2411 ex
521 2373 632 2426 compa·
670 2361 726 2408 trii
750 2361 912 2409 Piroterei:
937 2361 1006 2408 Nom
1023 2361 1089 2420 quod
1105 2359 1197 2424 beneti-

98 2437 203 2486 ralione
215 2436 348 2499 pecuniae
358 2439 385 2484 et
396 2433 561 2500 lupinorum,
575 2437 632 2498 qui·
669 2436 737 2484 mam
752 2441 861 2497 tempore
872 2439 896 2483 et
906 2434 1015 2496 capienti
1027 2435 1117 2494 datur,
1135 2447 1197 2498 pro·

98 2510 150 2560 bus
163 2510 243 2573 quasi
257 2509 347 2559 lictiiia
360 2510 474 2574 pecunia
488 2509 632 2560 utebantur
669 2513 722 2558 tam
743 2515 786 2558 est.
819 2510 918 2558 Utilitas
940 2507 1007 2558 mim
1027 2508 1197 2556 mactantes

99 2587 126 2634 et
142 2583 279 2633 aleatores
295 2586 322 2633 et
338 2584 481 2634 histriones
499 2583 524 2632 in
538 2595 628 2633 scena.
669 2584 807 2644 accipiendi
825 2583 944 2632 bonorem
960 2581 1044 2629 doniis
1059 2581 1121 2642 facit
1137 2595 1195 2630 om-

99 2659 182 2709 Plaut.
198 2661 281 2708 Poen.
301 2659 330 2720 3,
348 2659 378 2720 2,
397 2660 443 2709 20:
471 2659 518 2709 Aa.
545 2659 628 2722 Apim,
665 2659 781 2720 pliorem.
798 2685 824 2694 -
844 2655 899 2706 Alia
916 2655 1064 2704 distinctio:
1082 2655 1195 2717 Dipoeni

98 2735 229 2797 inspieiie;
241 2739 388 2784 amaricet.
412 2735 489 2784 Cena.
508 2735 628 2796 Profecto,
664 2733 800 2795 praestabo
816 2745 869 2792 ore,
888 2731 964 2780 amm
977 2743 1027 2792 pro
1044 2729 1119 2778 ioum
1139 2743 1194 2779 me-

97 2814 264 2872 morarer,
283 2809 418 2858 amicam:
442 2809 573 2858 Maceroto
585 2808 630 2856 ica
667 2803 937 2870 reclamatoria),
957 2805 1052 2854 uetiam
1069 2805 1195 2868 propter-

95 2884 204 2947 piogues
218 2883 285 2946 flunt
299 2896 365 2931 auro
375 2883 403 2931 in
413 2882 537 2930 borbonio
548 2882 627 2932 bones.
668 2895 715 2942 ea,
728 2884 758 2931 ut
770 2879 935 2932 collaudetur
943 2879 977 2929 ab
987 2878 1043 2928 aliis
1055 2879 1093 2940 is,
1111 2891 1193 2942 quem

98 2957 164 3008 Cod.
178 2955 196 3007 l.
212 2957 237 3006 t.
250 2957 280 3006 C.
292 2957 326 3006 de
339 2954 515 3006 aleatoribus:
535 2957 563 3005 Si
574 2957 630 3018 quis
667 2957 754 3020 dignis
770 2957 860 3006 lavere
871 2956 993 3014 vident,·
1012 2955 1068 3017 (pro
1084 2965 1136 3016 qua
1149 2965 1194 3002 ex-

97 3032 142 3081 sub
157 3031 242 3094 specie
258 3030 375 3080 oisonem
390 3031 470 3080 claim
485 3032 516 3080 eit
537 3031 630 3093 tunicis
666 3031 808 3097 plicatione
825 3031 915 3081 allerri
932 3043 997 3081 sane
1020 3031 1108 3093 potest
1124 3029 1191 3092 Epp.

97 3109 136 3158 cci
151 3107 208 3157 olio
226 3106 449 3168 commetario,
467 3107 629 3156 coaeterum
666 3109 697 3168 2,
725 3109 754 3168 i,
781 3106 844 3157 ata:
873 3108 996 3165 Mancre,
1023 3117 1088 3166 quoe
1110 3103 1193 3152 muita

97 3185 221 3232 werna
232 3194 289 3231 eum
300 3181 379 3230 omnia
390 3181 499 3230 erectio
512 3207 539 3216 -
551 3181 627 3240 Quod
666 3183 750 3231 dantis
759 3195 817 3231 aaa
833 3182 908 3231 made
925 3180 1034 3230 calmi
1044 3205 1059 3215 -
1073 3177 1191 3240 iirpiiiar

18 3247 23 3258 ’
98 3261 189 3308 autem
208 3253 344 3306 Bentleius
361 3257 424 3319 post
433 3268 476 3304 vv.
491 3255 532 3304 22.
546 3257 574 3304 ei
584 3255 625 3304 23.
668 3256 834 3320 Variusque)
852 3255 995 3306 reiicienda
1013 3256 1055 3304 est
1070 3251 1112 3301 vei
1126 3264 1191 3315 pro-

98 3333 186 3396 posuit
210 3329 425 3392 interrogationis
448 3329 537 3392 signa,
565 3341 627 3379 cum
665 3335 726 3395 pter
743 3344 897 3390 caesuram,
920 3343 989 3393 quae
1010 3340 1060 3377 nce
1081 3327 1192 3388 iungere

98 3406 174 3470 volgo
199 3403 302 3468 iirgula
324 3406 385 3468 post
407 3417 431 3452 v.
452 3404 505 3464 ἢ,
526 3406 626 3468 puncto
665 3405 754 3455 iubet:
773 3406 877 3468 dignam
885 3402 1019 3466 praestabo
1030 3396 1040 3462 ΙΙ
1050 3413 1089 3448 rae
1097 3399 1188 3461 etiami

98 3483 158 3546 post
175 3495 202 3530 v.
216 3479 258 3529 23.
278 3478 466 3540 distinguatur,
490 3477 552 3528 iecit
566 3479 626 3541 qui·
662 3493 711 3542 pro
739 3481 813 3529 mode
838 3478 962 3527 moesta
1003 3475 1081 3524 Peius
1109 3474 1191 3523 etiam

99 3557 161 3606 dem
178 3556 275 3606 cona-a
293 3556 413 3602 nostrum
431 3565 549 3614 morem,
577 3552 625 3603 scd
665 3553 800 3616 Gargallus
821 3553 938 3602 maeotis
958 3563 1007 3612 pro
1032 3548 1122 3597 mode:
1148 3548 1191 3597 lii

98 3631 163 3682 scite
181 3627 399 3692 significavitvv.
418 3627 625 3678 laetabamur
664 3629 710 3677 ciri
739 3627 822 3677 derio
842 3627 972 3676 meritur
994 3622 1190 3673 todconcir'io

99 3709 175 3771 quasi
200 3705 335 3770 protasio,
365 3717 390 3753 v.
412 3703 452 3754 ti.
479 3704 623 3768 apoduein:
666 3703 827 3767 Depoomi
845 3699 1001 3764 prestere.
1031 3701 1124 3761 Neque
1140 3711 1191 3748 ve-

100 3781 216 3842 .Quodsi
240 3781 281 3829 vir
304 3778 391 3830 bonus
413 3781 440 3828 et
463 3780 569 3844 sapiens
587 3780 626 3828 sic
664 3773 1035 3841 roadmittendaestrpriorg
1045 3775 1120 3824 laude
1129 3787 1190 3836 pro-

99 3869 129 3906 se
147 3857 225 3919 gerit,
244 3865 336 3904 meum
355 3853 471 3904 cilicium
488 3855 539 3903 erit
556 3855 625 3904 cet.»
663 3854 781 3903 aureolis
804 3852 941 3915 (ndignum
962 3865 1006 3900 me
1028 3849 1187 3915 praestabo,

132 3929 173 3980 bi,
192 3931 306 3993 Digitum
322 3927 385 3992 cet]
404 3929 572 3979 constructio
589 3929 626 3977 vi·
665 3942 748 3992 qnam
765 3927 855 3978 laudet
872 3929 908 3989 is,
927 3928 972 3991 qui
997 3926 1135 3976 beneflciis
1152 3927 1187 3977 de

100 4003 179 4053 detur
195 4003 362 4067 expedienda
381 4003 414 4053 od
433 4015 554 4053 normam
575 4002 624 4052 loci
665 4017 708 4053 me
718 4004 881 4067 promeritus
893 4002 959 4064 esi»)
973 4001 1070 4066 partim
1080 4001 1191 4064 propter

100 4079 249 4129 Lucretiani
267 4079 298 4138 5,
319 4079 345 4127 i:
364 4078 395 4126 di
399 4091 495 4142 gaam
512 4103 526 4114 ·
537 4093 625 4127 -car-
664 4079 774 4128 nimiam
786 4075 996 4139 ambiguitatem,
1009 4075 1115 4139 partim,
1128 4076 1190 4137 quia

100 4167 158 4202 meo
174 4153 284 4203 aonam
305 4167 362 4216 pro
387 4167 473 4204 reaten
497 4154 626 4204 mariale
664 4152 788 4202 lloralius
816 4147 921 4216 τμήσει
946 4161 1083 4214 nunquam
1108 4147 1191 4197 utitur

100 4228 315 4292 recooperta·
333 4231 362 4278 nt
373 4229 406 4279 sit
422 4233 546 4293 pemass
562 4229 624 4278 dem
664 4227 712 4279 nisi
730 4225 773 4278 vel
790 4227 815 4276 in
833 4225 981 4290 particulis,
1000 4236 1070 4288 quae
1081 4219 1190 4273 absolu·
