2925 4892
277 384 317 447 34
659 382 787 433 nomm
805 380 986 432 sinsssuu

278 541 387 608 Villius
411 541 442 604 in
466 542 583 606 Fausta
605 536 713 603 Sullae
735 556 849 623 gener,
873 535 936 603 boc
958 536 1057 601 miser
1079 558 1145 601 uno

277 662 412 729 Nomine
434 660 607 746 deceptus,
632 678 755 745 poenas
778 656 995 743 deditusque
1017 679 1183 745 superque
1322 659 1368 721 ce

279 785 384 862 Quam
405 781 483 847 satis
505 792 569 857 est,
593 782 709 868 pugnis
732 801 850 846 caesus
873 780 1025 867 ferroque
1047 780 1184 865 petitus,

277 902 433 969 Exclusus
455 902 540 978 iore,
564 922 639 969 cum
660 903 870 987 Longarenus
893 900 975 966 soret
997 900 1091 964 intus.

279 1024 361 1090 Huic
384 1024 411 1089 si
433 1023 573 1088 mutonis
594 1022 703 1089 verbis
725 1021 810 1087 mala
831 1032 918 1087 tanta
940 1020 1079 1086 videntis

276 1146 408 1212 Diceret
431 1144 512 1211 hacc
534 1144 675 1210 animus:
699 1143 857 1223 Quidvis
879 1142 961 1207 tibi?
982 1141 1141 1228 numquid
1163 1160 1225 1226 ego
1247 1161 1266 1205 a
1290 1152 1322 1207 te

250 1267 391 1353 'llagno
414 1274 605 1351 prognatum
627 1264 772 1350 deposco
794 1262 927 1330 consule
949 1283 1090 1329 cunnum
1323 1264 1371 1326 70

277 1386 488 1473 Velatumque
511 1384 606 1463 stola,
630 1406 704 1451 mea
726 1406 800 1452 cum
826 1384 1007 1451 conferbuit
1028 1384 1098 1449 irai

342 1600 382 1651 ct.
403 1600 487 1650 Tillius
502 1600 529 1650 b.
552 1628 578 1637 -
598 1601 638 1651 68.
656 1602 750 1651 videnti
769 1600 874 1664 ubsop,
894 1602 1004 1664 «scripti
1028 1600 1135 1651 codices
1153 1599 1278 1663 (Bentleii)
1296 1600 1331 1649 ud

308 1688 391 1725 unum
408 1688 529 1736 omnesn,
547 1677 579 1725 Lt
595 1676 623 1725 et
638 1675 782 1726 Bentlcius.
819 1677 858 1738 (Ut
875 1689 934 1735 nos,
953 1675 972 1725 d
989 1678 1017 1725 ot
1034 1676 1148 1726 Potticrii
1166 1676 1240 1735 tres.)

276 1862 368 1925 iunge,
387 1864 417 1911 ut
433 1862 502 1911 duae
520 1861 658 1910 dumtaxat
675 1862 727 1910 sint
738 1872 802 1923 per·
839 1861 893 1918 tur.
921 1859 1074 1923 quibusque
1096 1861 1189 1909 Artem
1206 1860 1370 1910 amatorium

276 1948 372 1995 sonae,
398 1948 451 1984 uon
469 1937 538 1995 tres,
557 1936 586 1983 ut
603 1947 665 1983 cum
683 1932 802 1983 Scholia·
839 1934 989 1997 composuit
1005 1932 1127 1992 Ovidius,
1147 1946 1199 1982 uon
1216 1933 1299 1983 intimi
1313 1931 1371 1982 luci

276 2010 323 2059 stis
340 2006 551 2058 voltBantleius.
588 2008 691 2057 Etenim
703 2010 803 2070 perto-
838 2005 999 2071 prostibula,
1028 2005 1062 2055 dc
1086 2005 1183 2069 quibus
1207 2006 1281 2056 Ouid.
1303 2008 1368 2055 Am.

275 2086 330 2132 tam
348 2082 459 2132 satiram
476 2082 510 2131 ds
527 2082 625 2131 ancilis
641 2083 748 2145 proprie
760 2082 802 2131 di·
839 2081 868 2143 l,
887 2081 933 2141 to,
952 2082 998 2130 st:
1018 2081 1075 2129 Stat
1090 2081 1212 2129 moretm
1228 2086 1294 2129 corto
1308 2082 1371 2129 cui-

277 2157 326 2207 ctis
343 2168 476 2217 nusquam
499 2154 630 2217 loquitur,
657 2158 686 2204 ut
709 2158 801 2205 contra
837 2156 876 2205 ott
890 2155 1032 2205 meabilis
1048 2167 1108 2204 acro
1126 2156 1159 2204 Et
1178 2155 1285 2204 miscus
1299 2154 1373 2204 iusso

276 2228 386 2282 Martini.
401 2230 429 2291 3,
448 2228 493 2279 33:
511 2230 743 2292 inconsummate,
761 2231 803 2279 sed
838 2242 945 2291 corporo
960 2230 1059 2291 quaesit
1075 2242 1147 2290 opita,¹
1164 2230 1272 2278 Dccwet
1288 2230 1374 2289 inpe-

275 2305 297 2353 si
313 2308 396 2353 tumori
412 2303 457 2353 itta
467 2307 585 2366 necetur,
603 2302 732 2353 Libertina
741 2304 803 2352 mibi
837 2305 906 2353 rium
922 2309 1007 2354 tumen
1022 2305 1084 2353 liuoc
1100 2304 1194 2353 loconis
1209 2304 1298 2363 mouri,
1316 2304 1370 2362 Et,

274 2378 397 2440 proximo
420 2377 531 2426 condicio
554 2382 604 2425 cst:
630 2377 752 2427 Extroiuo
768 2383 805 2427 cst
839 2380 906 2438 quod
920 2392 965 2427 vos
981 2378 1101 2441 (togatae)
1113 2378 1197 2441 suedis
1212 2382 1308 2439 mortu,
1321 2390 1373 2425 co-

276 2451 371 2501 nscilio
387 2451 453 2510 tuce·
470 2451 757 2513 edomandamque,
775 2453 803 2501 st
839 2457 899 2501 uota
913 2452 984 2514 [cod.
1007 2480 1033 2488 -
1048 2452 1173 2515 peccesne]
1192 2450 1307 2501 «bonam
1325 2450 1373 2499 la-

275 2524 342 2589 lacic
363 2524 433 2574 nobis
452 2526 513 2574 liceo
535 2525 582 2575 crit
603 2526 721 2588 inpensa.
761 2527 803 2575 Sic
840 2538 913 2576 mam
939 2525 1090 2590 perdendo,
1122 2538 1181 2575 rem
1209 2522 1374 2575 lumiliarem

277 2599 368 2649 autern
380 2600 554 2663 contemptim
565 2601 645 2649 vocat
655 2598 801 2660 libertinas,
840 2598 1020 2649 ohtimnndo.»
1055 2597 1144 2649 Altera
1160 2598 1239 2648 lectio
1252 2610 1376 2659 pceccsuc

277 2685 346 2737 quac
372 2674 461 2723 tunica
487 2675 514 2723 et
540 2676 600 2736 toga
627 2686 677 2738 pro
703 2675 804 2724 matro-
840 2670 947 2723 soloeca
971 2672 1087 2722 videtur.
1121 2672 1187 2722 Vide
1204 2670 1371 2732 cenisium,

277 2759 373 2797 narum
394 2746 460 2797 stola
480 2749 507 2797 et
527 2746 594 2811 palla
609 2747 801 2798 vestiebantur.
840 2748 885 2810 qui
902 2760 952 2811 pro
969 2748 1060 2797 nostra
1077 2746 1186 2797 contulit
1202 2760 1228 2796 v.
1247 2746 1292 2796 to:
1316 2747 1374 2796 Tuo

278 2822 342 2885 (Cic.
361 2819 426 2870 Phil.
444 2822 472 2879 2,
492 2821 536 2881 ts,
555 2820 601 2870 ll:
620 2822 753 2883 Sumpsisti
763 2822 804 2870 oi-
838 2822 900 2871 uitio
927 2834 1045 2871 remmus
1069 2821 1181 2883 tubures,
1207 2823 1250 2871 Ntt
1271 2822 1374 2884 reform

275 2896 364 2953 dtus,
391 2906 468 2952 quum
489 2895 574 2943 stetim
589 2896 735 2944 muliebrem
757 2902 804 2944 to-
836 2894 932 2957 putus?
949 2897 1010 2957 (Sat.
1030 2896 1060 2956 l,
1079 2895 1109 2955 8,
1128 2895 1158 2945 2:
1176 2895 1376 2958 fuboinccrm

277 2980 347 3031 pum
362 2967 500 3016 reddidisti.
529 2968 805 3031 Primooolqarcscoi*
840 2982 970 3019 scamnum
984 2970 1111 3032 faceretne
1126 2970 1269 3033 Priapum.)

278 3041 439 3099 tuost-scd
453 3041 501 3089 cito
516 3041 592 3090 Curio
603 3033 744 3102 interuenit,
761 3043 804 3103 qui
874 3042 963 3093 til-79.
997 3044 1054 3093 tam
1071 3044 1151 3093 nimiu
1173 3046 1199 3093 in
1216 3044 1298 3115 rebus
1318 3057 1376 3093 ve-

278 3120 301 3165 to
322 3128 340 3163 u
358 3114 499 3164 mosaicis
524 3120 628 3176 mmmm
652 3114 759 3165 abducit
782 3122 806 3166 st
841 3118 930 3167 nereis
947 3116 1092 3181 cupiditate
1110 3118 1136 3167 in
1153 3118 1308 3167 uuiversum
1327 3118 1376 3167 vi-

278 3194 411 3249 tomquum
427 3187 541 3237 stolam
563 3188 677 3250 dedisset,
701 3190 728 3238 ic
746 3202 805 3239 mc
842 3192 963 3253 tupcruta
985 3192 1072 3254 pergit
1093 3191 1127 3240 ad
1144 3190 1273 3241 moechos
1290 3202 1377 3240 acer-

278 3262 489 3313 trimoniosuabili
500 3267 601 3312 atccrto
613 3263 726 3329 locauit.)
746 3263 802 3313 Tib.
842 3262 953 3313 blasima
975 3264 1142 3327 castigandos
1164 3268 1191 3314 ct
1207 3278 1222 3313 s
1240 3265 1376 3315 matronis

279 3336 310 3398 l,
330 3337 375 3399 ld,
395 3336 425 3386 3:
444 3337 483 3386 Sit
499 3336 543 3386 tibi
559 3350 623 3388 curu
635 3343 707 3401 topcc
719 3336 807 3400 (liber-
842 3337 975 3387 sectandis
984 3336 1307 3399 deterrendos-Villius]
1317 3338 1378 3387 ior-

280 3410 363 3473 tinae)
394 3410 481 3472 potior
509 3424 673 3473 praemioque
700 3411 806 3472 quasillo
842 3414 913 3461 tasse
931 3410 1096 3461 senilibus
1115 3410 1248 3474 (Annalis),
1266 3410 1376 3462 Milonis

279 3486 396 3537 Scortum
417 3496 495 3545 quum
515 3486 588 3535 Semi
607 3486 663 3549 pitia
682 3485 804 3547 Sulpicio.
843 3482 986 3535 lamilisris.
1023 3484 1313 3546 (dissiliamus,
1336 3486 1375 3547 t.)

279 3558 434 3617 Martiali,
453 3559 498 3608 39:
517 3559 625 3609 Coccina
640 3560 755 3622 fumosus
764 3560 809 3608 do-
846 3586 874 3594 -
886 3558 914 3607 iu
924 3559 1020 3608 Fausta
1031 3558 1116 3607 Sullas
1126 3558 1210 3621 pann]
1224 3570 1294 3608 «non
1303 3570 1377 3608 vare

280 3645 328 3682 nus
347 3636 370 3681 ct
390 3632 505 3680 institua
524 3633 655 3681 moechus:
685 3634 724 3681 Vis
746 3634 809 3683 duro
844 3644 928 3695 gener
943 3631 994 3682 sed
1010 3633 1072 3694 quia
1089 3629 1172 3681 liliam
1188 3629 1274 3682 Sullae
1293 3632 1378 3693 (Pau-

281 3716 348 3764 quuc
363 3703 455 3751 meruit
470 3704 598 3752 mosara?
621 3706 693 3754 Mitto
712 3710 805 3769 toqam.
844 3706 927 3766 stam,
949 3704 1051 3755 udonis
1073 3705 1223 3767 coniugem)
1241 3706 1380 3768 stupravit

283 3776 331 3839 (Cl.
343 3774 418 3826 llurt.
429 3774 454 3834 6,
467 3774 508 3836 dl,
521 3776 546 3826 i.
565 3777 609 3837 tc,
620 3778 670 3839 ts.)
689 3778 751 3829 Aliis
763 3794 809 3829 us·
845 3780 881 3828 ita
898 3777 1066 3840 frequenter,
1088 3780 1118 3827 ut
1133 3779 1191 3841 ipso
1208 3790 1292 3840 gener
1307 3790 1377 3829 esse

282 3850 355 3900 cilico
372 3853 473 3912 topatus
489 3851 552 3899 sunl
568 3851 724 3902 meretrices
736 3854 808 3918 apud
844 3851 1008 3903 videretur.»
1038 3852 1099 3902 iicn.
1125 3852 1217 3903 Uibio
1236 3850 1375 3902 Vtilitatis

283 3922 408 3973 lenonem
421 3920 581 3982 habitantem
595 3922 722 3985 cadhen,
741 3939 808 3990 quas
844 3926 940 3975 Fututu
955 3924 982 3973 S.
1001 3938 1090 3988 pono,
1115 3928 1154 3976 sic
1171 3927 1232 3975 Tac.
1251 3927 1320 3975 Anu.
1340 3924 1376 3985 3,

284 3998 409 4047 Horatius
418 4008 434 4046 a
443 3997 571 4047 matronis
580 3996 724 4060 distinguit,
737 4003 808 4061 sunt,
845 3998 893 4049 at:
908 4000 941 4048 ti.
955 3998 1057 4048 Situm
1067 4000 1095 4049 io
1105 4001 1173 4062 nepti
1183 4000 1290 4063 dumeti
1299 4000 1380 4048 adut

284 4073 314 4121 ut
330 4070 421 4133 Origo,
439 4068 600 4131 Arbuscula,
620 4072 756 4135 Cytheris,
776 4088 810 4124 ex
845 4078 892 4123 tor.
916 4071 973 4123 Noli
984 4073 1094 4137 iungere
1106 4087 1169 4124 cum
1180 4071 1251 4124 aliis:
1266 4073 1295 4122 in
1305 4073 1381 4123 Ρω-

284 4154 426 4206 eogenere
436 4141 593 4204 mulierum,
607 4156 676 4207 quae
688 4147 714 4196 in
726 4147 810 4212 ipsius
845 4153 992 4210 stupuerim
1008 4149 1082 4198 dudd.
1104 4175 1132 4185 —
1150 4148 1195 4198 lioc
1211 4162 1246 4198 m.
1259 4162 1311 4197 isio
1322 4149 1381 4199 No-

285 4218 347 4269 odis
365 4220 392 4269 at
408 4219 436 4269 in
447 4216 540 4269 Tibulli
551 4216 646 4281 Elegiis
659 4232 811 4270 memoran·
844 4222 911 4273 osius
927 4222 1048 4286 docspne]
1061 4220 1178 4275 «illectus
1195 4222 1230 4273 ad
1248 4224 1381 4285 stupran-
