2925 4892
541 363 602 412 ins
620 362 765 415 raurici.
1141 361 1202 426 795

115 520 164 570 iliis
181 522 326 583 conspicua
345 523 415 580 erat,
434 517 543 584 qualem
559 521 586 570 in
597 521 705 572 Graecis
721 521 894 572 admiramur.
922 522 1027 572 Cborus
1038 522 1116 584 igitur
1127 523 1202 572 iloto·

114 605 150 653 ris
166 604 336 667 potissimum
352 603 426 667 apud
443 604 548 655 44444444
565 606 679 667 tragicos
690 607 782 668 partes
793 603 954 662 sustinebat.
973 605 1021 655 sed
1034 604 1202 655 immiscebat

114 687 195 736 etiam
217 689 387 749 precationes
402 687 438 736 ad
454 688 521 738 deos
537 690 567 737 et
585 687 725 752 generales
742 690 888 739 4444444444
906 687 940 740 ad
958 687 1120 751 singularum
1138 689 1202 738 dre-

113 771 192 820 matis
209 783 388 833 pcrsonarum
404 770 592 822 condicionem
608 773 786 836 spectantes·
805 773 898 822 444444.

587 961 728 972 -ο-ο-ι

428 1124 792 1185 ΙΧΟΙΙΗΙῘΕ
830 1127 888 1183 Vl.

501 1271 534 1306 io
551 1260 581 1307 Α.
600 1259 628 1306 4).
647 1271 672 1305 v.
690 1257 740 1308 iio
757 1271 816 1322 sqq.

184 1349 220 1397 En
238 1349 282 1408 iis,
302 1361 370 1411 quae
389 1349 423 1399 de
441 1350 584 1411 satyricis.
612 1361 678 1412 quas
696 1349 845 1411 lingebant,
870 1349 964 1402 labulis
982 1351 1052 1415 apud
1072 1353 1202 1402 Romanos

114 1435 288 1498 disputarunt
299 1433 377 1482 444444
388 1432 423 1482 de
432 1433 484 1495 444.
496 1433 616 1483 ,4444444444
626 1445 652 1496 p.
665 1433 698 1482 id
709 1444 770 1495 sqq.
784 1435 864 1496 atque
876 1436 1025 1484 accuratius
1037 1435 1116 1484 etiarn
1129 1435 1203 1486 Wei-

114 1521 181 1568 cker
197 1519 243 1567 Gr.
259 1517 397 1578 lropo‘dien
414 1528 441 1578 p.
455 1515 516 1565 iter
531 1528 603 1579 sqq„
622 1517 674 1566 boo
686 1519 749 1566 ante
761 1517 848 1566 omnia
860 1521 985 1581 apparet.
1004 1516 1074 1568 nulla
1085 1531 1202 1581 unquam

114 1601 188 1665 apud
206 1603 338 1650 Romanos
355 1599 438 1649 luisse
455 1600 576 1649 dramata
593 1600 727 1660 satyrica.
755 1602 794 1658 et,
817 1600 902 1650 sicubi
919 1601 1096 1660 recentiores.
1121 1603 1203 1652 etiam

115 1685 249 1734 Neukircb
267 1685 297 1732 de
311 1683 404 1745 [444444
419 1685 511 1746 tonniis
527 1696 553 1746 p.
570 1683 603 1732 48
617 1695 692 1746 sqq..
714 1681 776 1732 talia
798 1685 970 1746 investigasse
993 1683 1044 1734 sibi
1065 1686 1113 1734 visi
1131 1687 1201 1744 sunt,

114 1770 186 1817 liano
202 1769 355 1830 opinionem
372 1769 459 1816 ortam
475 1779 536 1816 esse
554 1779 587 1815 ex
604 1779 652 1826 eo,
678 1767 752 1829 qnod
772 1779 835 1818 444444
857 1768 899 1818 bis
916 1766 1114 1818 contundebam
1129 1767 1204 1818 Atel-

115 1850 201 1900 lanas.

183 1932 261 1984 Clara
278 1933 329 1983 bac
346 1931 380 1982 de
398 1947 427 1983 re
445 1937 550 1984 44444444
561 1934 710 1984 testimonie
722 1934 859 1984 Diomedis
871 1935 895 1984 3.
909 1947 935 1998 p.
950 1934 1007 1986 480.
1021 1937 1062 1985 P.:
1082 1935 1204 1984 4444444444

116 2017 254 2066 (4444444444
269 2017 309 2064 oet
324 2017 402 2064 444444
417 2029 511 2079 penno
526 2021 584 2066 44444
600 2021 737 2078 4444444444
755 2019 824 2079 opud
841 2018 950 2068 0444444
966 2019 1079 2081 tropico,
1097 2019 1202 2078 comico,

115 2101 243 2160 44444444,
260 2100 376 2160 mimico,
394 2101 465 2161 opud
480 2102 605 2150 4444444444
618 2105 796 2162 4444444444,
814 2101 974 2160 tabernario,
992 2103 1123 2162 Ateitorm,
1143 2103 1203 2163 pto·

115 2186 195 2246 444444.
230 2183 305 2232 idem
321 2195 348 2245 p.
366 2182 424 2233 484.
443 2183 485 2232 Ρ.;
506 2183 588 2234 lotio
603 2185 695 2245 speeies
710 2190 747 2234 eat
762 2183 909 2248 [4444444444
924 2187 1087 2245 minarum,
1106 2197 1172 2247 4444
1187 2199 1204 2234 4

115 2269 218 2316 douae
234 2267 354 2316 0444444444
369 2266 463 2328 444444,
480 2267 508 2315 io
523 2281 576 2328 qua
589 2269 702 2329 4444444444
712 2273 827 2329 coeptas,
844 2270 972 2318 Atellanos
983 2271 1063 2319 4444444
1073 2275 1139 2328 sunt,
1158 2281 1205 2318 or-

115 2351 241 2414 purnenttr
256 2350 375 2410 4444444444
391 2349 557 2410 naamon,
580 2351 672 2402 44444444
687 2353 811 2412 8444444444
826 2353 919 2416 inbutis
935 2354 1047 2404 Graecis.
1067 2381 1093 2390 -
1113 2353 1205 2402 latino

115 2435 233 2484 ,44444444
248 2448 267 2483 4
283 2434 383 2484 Graeco
399 2434 519 2495 84444444
534 2435 631 2497 differtJ
650 2438 717 2495 quod
732 2437 760 2486 in
776 2437 895 2496 Satyrion
911 2439 963 2500 [ere
980 2439 1131 2497 8444444444
1145 2450 1204 2497 per·

116 2531 194 2568 444444
218 2518 385 2578 indesenenter,
411 2522 456 2567 4444
476 2519 499 2566 ri
524 2531 590 2579 quoe
605 2524 663 2568 44444
676 2519 801 2568 4444444444
816 2521 907 2568 44444444
924 2521 1036 2580 Satyris,
1063 2519 1204 2580 4444444444,

116 2601 210 2652 dunis
225 2599 332 2664 (busiris
348 2599 474 2663 welch),
497 2603 525 2651 44
540 2601 656 2652 stelione
673 2603 752 2651 04444
766 2615 901 2664 personae,
925 2608 953 2652 44
969 2606 1079 2653 44444444.
1108 2603 1205 2652 ilarius

118 2685 269 2734 Victorinus
284 2686 316 2744 t,
334 2683 364 2744 4,
382 2686 424 2734 444.
443 2697 469 2748 p.
483 2686 541 2734 4444.
560 2686 654 2736 Gabi:
673 2687 791 2747 Superest
807 2687 966 2746 8444444444,
984 2688 1050 2746 qaod
1066 2685 1132 2734 inter
1147 2689 1205 2734 iro-

116 2768 682 2832 9444444444444444444444444444444444444
707 2795 749 2806 --
766 2770 833 2830 quod
852 2782 930 2832 pmice
950 2769 1029 2818 nostri
1046 2768 1206 2818 initiationis

184 2936 434 2999 licentiamque,
453 2937 503 2986 etsi
520 2937 547 2986 in
564 2949 597 2986 eo
614 2934 718 2988 Silenus
729 2936 917 3001 comparebat,
936 2935 970 2986 ab
986 2934 1205 2998 bilarotragoedia

119 3019 206 3082 (caius
222 3017 329 3070 (licendi
345 3033 430 3083 genus
447 3033 513 3070 sane
529 3020 653 3071 redolent
669 3019 811 3084 reliquiae,
831 3024 861 3071 ut
875 3021 947 3085 spud
964 3021 1111 3070 Varronem
1129 3021 1157 3070 b.
1177 3021 1204 3068 L.

118 3105 147 3164 7,
167 3103 217 3152 53:
235 3104 287 3154 44444
302 3109 397 3166 epomrt
412 3104 596 3154 4444444444
611 3106 650 3155 ire
666 3105 780 3156 obrimus
799 3105 940 3156 Dinboilrro
952 3105 978 3154 444
989 3105 1093 3166 pedibus
1103 3103 1207 3154 inustor

118 3188 227 3236 4444444444
241 3187 376 3250 epicroca.)
392 3190 502 3252 propius
519 3187 612 3238 alterat
629 3201 710 3254 quam
727 3203 742 3240 4
761 3188 847 3240 labule
866 3190 998 3252 84444444,
1017 3191 1089 3240 certe
1107 3189 1206 3238 oliorus

119 3270 262 3320 constabat
279 3284 311 3319 44
331 3271 436 3320 Edonis.

424 3617 790 3676 EXGURSUS
828 3619 906 3680 vii.

489 3775 522 3809 444
540 3762 569 3810 Α.
589 3762 616 3808 Ρ.
636 3773 678 3808 vv.
697 3758 836 3808 ase-23³.

187 3871 339 3921 Dilucidum
356 3869 522 3935 exemplum,
550 3871 685 3933 quomodo
703 3871 728 3920 in
748 3870 867 3920 4444444444
884 3871 1000 3934 satyrico
1019 3872 1110 3921 Graeci
1127 3875 1208 3922 verte-

120 3957 175 4004 rint
190 3955 259 4004 serio
274 3955 346 4012 44444,
366 3955 478 4018 praebet
495 3953 625 4018 Euripidis
637 3951 732 4016 Syleus
744 3953 814 4018 apud
827 3953 963 4004 Philonem
976 3955 1038 4024 napi
1051 3951 1102 4005 τοῦ
1115 3949 1208 4003 πάντα

121 4035 286 4088 σπουδαῖον
307 4034 379 4087 εἶναι
402 4036 561 4106 ἐλεύθερον.
596 4039 642 4087 Ed.
667 4039 735 4101 Lips.
756 4039 784 4086 T.
803 4037 833 4086 V.
856 4050 881 4100 p.
899 4039 956 4087 290.
981 4039 1084 4103 (Eurip.
1103 4039 1142 4087 Fr.
1162 4038 1206 4087 ed.

121 4123 242 4184 Wagner
266 4123 347 4171 Paris.
369 4122 441 4171 44446.
461 4137 486 4185 p.
508 4122 575 4180 484.)
605 4115 659 4170 'lde
680 4118 751 4185 γοῦν
775 4115 824 4169 οἷα
841 4125 905 4190 παρ’
924 4116 1063 4192 Εὐριπίδῃ
1080 4116 1207 4184 φησὶνὸ

118 4201 281 4274 ‘ssawic
