2925 4892
443 300 447 314 '
523 326 620 375 nnn
657 326 786 377 sinin
893 308 898 318 '

124 484 156 549 l't
175 502 326 569 quaeque
349 492 415 557 est,
441 481 483 545 ita
505 480 671 569 suppliciis
694 480 810 548 dolictu
831 484 985 547 coercet?

118 604 147 667 Si
167 604 240 690 quis
263 626 339 669 eum
362 624 511 677 sertum,
535 604 676 690 patinam
698 604 754 690 qui
777 602 889 669 tollere
912 604 1020 669 iussus
1154 609 1198 671 80

116 725 261 791 Semesos
284 724 393 811 pisces
417 724 631 813 tepidumque
653 723 811 812 ligurierit
833 724 900 799 ius,

117 848 147 909 ln
168 868 264 913 cruce
287 844 429 933 suffigat,
454 845 606 913 Labeone
630 846 772 912 insanior
794 847 877 913 inter

118 968 213 1033 Sanos
234 967 372 1033 dicatur.
417 968 544 1045 Quanto
567 964 629 1033 hoc
651 966 804 1033 inriosius
825 978 923 1055 atque

117 1088 211 1154 ltaius
233 1098 405 1176 peccatum
428 1098 495 1155 est:
520 1086 654 1153 Paulum
676 1086 812 1175 deliquit
832 1089 970 1162 amicus,

119 1209 207 1288 Quod
230 1209 292 1277 nisi
316 1208 496 1285 concedas,
519 1208 661 1275 habeare
684 1208 845 1287 insuavis,
867 1211 1021 1278 acerbus:
1157 1216 1199 1277 itt

116 1330 215 1395 Odisti
239 1341 273 1397 et
294 1330 396 1417 iugis,
420 1340 456 1395 ut
477 1330 639 1397 Rusonem
662 1329 790 1397 debitor
810 1332 912 1409 aeris,

175 1500 215 1549 et.
235 1500 395 1561 tepwmnque
415 1498 779 1557 obscd‚nctet13entteius:
805 1504 978 1565 trepidunuque
993 1518 1009 1555 e
1027 1506 1111 1556 Codd.
1131 1510 1165 1571 ip}

146 1574 195 1623 ru.
217 1602 245 1610 -
265 1575 307 1625 82.
327 1574 435 1623 Labieno
452 1572 568 1623 molebat
589 1574 731 1627 Bentleius.
752 1602 781 1612 -·
800 1578 864 1625 Post
884 1576 956 1627 hunc
972 1592 1081 1629 versum
1099 1582 1164 1631 Cod.

143 1648 159 1697 d
177 1648 270 1697 delicit
286 1648 423 1711 usquead
440 1647 534 1707 Soti,
553 1648 594 1697 29.
616 1676 643 1685 -
661 1650 702 1700 83.
717 1655 813 1712 quanto
828 1650 949 1712 (wionius
965 1652 1057 1715 b(ooo
1074 1654 1165 1718 Bscpl.

146 1750 167 1759 -
190 1724 233 1773 85.
260 1724 325 1785 (tuot
346 1723 395 1771 oiri
418 1722 535 1773 matebut
557 1722 701 1774 Bentleiue.
728 1752 755 1760 -
779 1724 888 1774 bebecre
909 1727 1038 1777 macir:
1064 1728 1168 1777 ecem

144 1796 221 1847 tibuit
239 1810 303 1847 cum
322 1796 440 1847 Bentleio
459 1798 524 1847 rm.
546 1824 572 1835 -
592 1798 633 1848 86.
652 1800 795 1849 timonem
813 1815 890 1865 μνω,
909 1802 948 1851 Lt.

114 1950 232 2010 tempore
260 1948 373 2009 propter
395 1944 564 1995 dicacitatem
587 1947 638 1995 ltu-
678 1959 743 1996 vero
770 1960 885 2011 usquam
913 1948 994 1997 dixit:
1026 1949 1105 1997 bonne
1129 1949 1201 2010 viro,

113 2021 195 2070 tinctu
209 2019 370 2071 vocabatur.
392 2021 493 2069 Seneca
512 2021 636 2071 Contmv.
675 2021 842 2070 moluedico?
858 2022 925 2082 Quid
941 2025 1022 2085 ergo?
1036 2023 1202 2085 Distinguen-

112 2096 134 2143 5.
152 2094 240 2145 Praei.
264 2122 290 2129 -
310 2094 376 2143 inter
392 2094 474 2157 sanos]
494 2094 580 2158 «apud
598 2108 640 2145 se·
677 2094 742 2145 dum
765 2100 807 2145 est
829 2098 856 2146 et
879 2096 1037 2156 ridendum,
1064 2097 1201 2161 quomodo

113 2182 171 2225 nos,
202 2182 218 2217 n
248 2166 348 2217 sonis.»
392 2166 449 2217 Noli
477 2168 638 2231 distinguere
677 2167 795 2233 quidque
812 2170 923 2221 dicetur.
958 2172 1060 2221 totoue
1079 2172 1121 2221 odi
1139 2184 1202 2221 cum

113 2246 190 2306 etque
220 2242 407 2305 interpretari:
442 2242 558 2306 rumpat:
588 2242 640 2291 lu·
678 2243 751 2303 dico,
785 2256 838 2294 noo
870 2244 1016 2293 intenditur
1042 2245 1119 2295 uerbi
1147 2247 1200 2304 vie.

114 2317 184 2365 mone
204 2316 324 2365 insanior
343 2316 409 2365 inter
424 2317 505 2365 Sauos
523 2315 640 2365 dicutur?
678 2331 758 2368 ceusu
786 2320 870 2381 mogis
901 2319 1031 2368 indicetur
1059 2320 1126 2370 odii:
1156 2322 1202 2384 qui

115 2404 192 2441 mum
210 2392 246 2451 is,
266 2389 391 2440 labeone
405 2392 495 2454 utiquo
513 2391 638 2451 insanior,
676 2405 743 2442 vero
759 2392 833 2442 dicit:
853 2393 973 2443 icbbouso
983 2395 1114 2457 primmip,
1128 2408 1203 2443 ocer-

115 2468 178 2517 inter
195 2479 280 2517 sanos
297 2464 463 2516 reseraturi»
677 2466 744 2516 bum
769 2478 829 2517 esse
853 2468 941 2531 ipsum
961 2468 1052 2518 odium
1074 2467 1201 2518 declarat.

641 2576 642 2581 ,
678 2542 766 2600 Quare
778 2541 824 2589 ubl
835 2542 870 2591 ud
881 2541 966 2592 solem
978 2543 1121 2603 actionem,
1133 2554 1203 2605 quoe

142 2615 236 2665 83-89.
269 2614 385 2673 «Quodsi
411 2615 502 2665 insane
527 2616 640 2664 tractare
678 2614 763 2664 verbo
775 2615 949 2677 significetur,
967 2615 1125 2665 adverbium
1140 2628 1205 2678 per·
1291 2674 1297 2683 ·

114 2702 262 2752 possumus
288 2686 333 2737 vel
361 2701 466 2747 servos,
502 2690 528 2738 in
556 2700 639 2752 quos,
679 2690 758 2748 tinet,
777 2702 830 2737 non
847 2691 936 2750 potest
946 2689 1042 2738 mutari
1055 2702 1118 2737 cum
1129 2688 1205 2738 udie-

114 2777 173 2813 rum
196 2762 283 2812 nostri
309 2763 375 2821 sint,
402 2760 533 2825 quidlibet
556 2776 640 2827 prope
679 2764 758 2813 clivo.
783 2788 797 2799 —
813 2788 828 2799 -
844 2765 895 2813 Pro
920 2762 1009 2812 acerbo
1033 2761 1085 2811 dici
1113 2761 1206 2812 liceret

113 2836 185 2895 licet,
205 2838 308 2899 quanto
325 2836 410 2885 maior
426 2839 468 2887 ost
484 2837 600 2897 insania,
619 2838 641 2887 si
679 2837 796 2897 acerbius,
816 2838 843 2887 'ei
867 2839 940 2887 esset
961 2836 1034 2887 idem
1051 2836 1124 2901 quod
1147 2848 1207 2886 sue·

113 2914 224 2975 propter
241 2924 288 2961 res
306 2908 401 2961 nullius
418 2912 546 2961 momenti
568 2913 642 2976 cupi·
678 2926 738 2973 viu,
763 2914 858 2971 iratum
884 2924 936 2975 que
957 2914 1049 2962 temen
1071 2911 1205 2974 significo·

114 2986 155 3035 teli
173 2984 239 3035 odio
256 2986 446 3049 persequimur
462 2987 596 3035 amicostn
613 3012 639 3023 -
680 2989 752 3037 tione
777 2999 830 3037 non
854 2988 1025 3050 usurpetur.»
1058 2986 1096 3036 De
1122 2999 1206 3048 asyn-

113 3062 164 3125 toc]
197 3059 293 3123 equod
323 3060 411 3109 stetim
436 3059 553 3109 dicum.»
596 3060 644 3109 Est
681 3058 863 3110 delerentur.
877 3060 1101 3124 tte-norom]
1115 3061 1206 3109 «Octu-

114 3135 314 3192 nominativus,
349 3146 402 3183 non
436 3132 575 3185 ablativus.
613 3162 640 3169 „
680 3134 739 3183 vius
756 3134 828 3183 Ruso
841 3132 957 3183 acerbus
975 3132 1109 3183 ienerotor
1124 3133 1205 3183 fuisso

114 3211 197 3272 Seqq.
215 3208 257 3259 sic
278 3207 438 3270 ordinando,
462 3210 492 3258 ut
513 3222 557 3257 vv,
576 3208 644 3257 Pou—
683 3208 807 3266 traditum
842 3207 913 3257 idem
940 3208 1055 3270 scriptor
1082 3207 1205 3257 historio·

114 3284 164 3333 turn
182 3283 289 3345 deliqrtit
305 3284 401 3332 emmiu
416 3297 466 3347 pro
482 3282 644 3347 protesiha-
682 3295 769 3333 rum.»
792 3284 916 3331 Porrnm.
945 3281 1206 3344 (Spohniuet'nueum

115 3358 245 3409 beentur:
275 3356 337 3406 «ubi
354 3370 380 3421 p.
400 3357 425 3407 d.
439 3371 492 3416 u»,
512 3371 554 3406 vv.
574 3356 645 3418 Qteod
682 3354 810 3420 appellet,
834 3357 923 3417 itaque
941 3354 1058 3403 eundem
1076 3366 1136 3403 esse
1153 3366 1207 3415 pu·

114 3460 127 3469 -
138 3460 154 3469 -
164 3432 274 3481 acerbus
291 3430 372 3495 (quod
390 3432 438 3482 nisi
463 3430 600 3481 condones
618 3432 645 3480 et
682 3432 761 3490 tevit,
775 3429 809 3478 de
821 3440 875 3490 quo
886 3425 937 3475 Sul.
951 3428 1005 3487 lug.
1019 3425 1076 3475 tot.
1089 3427 1116 3475 in
1127 3426 1206 3475 Edd.:

116 3508 255 3570 ignosces,
278 3506 374 3555 merito
395 3506 422 3554 te
445 3518 539 3555 omnes
557 3506 645 3555 nomi·
682 3518 739 3553 cum
764 3504 807 3553 οη.
827 3501 931 3550 Octavio
956 3500 1034 3562 Ruso,
1061 3499 1104 3561 qui
1129 3513 1208 3561 quoc-

116 3582 219 3631 nabunt
238 3578 435 3630 intractabilem
454 3582 481 3629 et
498 3580 643 3641 morosum)
682 3583 735 3627 nor
766 3576 916 3638 dipundium
948 3576 975 3623 iu
1001 3574 1113 3637 Africum
1144 3587 1209 3635 por-

117 3670 164 3718 pro
177 3654 348 3719 parenthesi,
362 3654 440 3703 Odisti
452 3655 503 3703 cet.
518 3666 566 3717 pro
578 3666 645 3716 epo·
683 3657 798 3710 tarnat,
832 3649 878 3699 uhi
907 3648 992 3699 codd.
1022 3647 1129 3712 plurimi
1156 3651 1209 3699 ltu·

116 3730 184 3779 dost.
220 3729 320 3779 Contra
338 3728 534 3778 distinctionem
554 3728 645 3777 tuden
682 3727 751 3789 ione,
774 3723 846 3787 quod
867 3737 932 3774 sene
950 3723 1150 3773 emendandum
1167 3726 1211 3774 eet

116 3801 382 3865 ileutleiovolgutem
399 3802 470 3851 beno
488 3800 643 3852 llerbstius:
684 3802 792 3858 Rusone,
823 3800 854 3847 ut
882 3800 955 3847 recte
982 3797 1157 3861 Glandorpius
1183 3799 1209 3847 in

118 3878 240 3927 :acerbus
247 3878 289 3925 odi
297 3878 388 3926 Latine
398 3890 450 3925 nou
460 3874 605 3925 dicitur‚--
614 3876 647 3923 nt
684 3874 819 3923 onomast.
833 3886 859 3935 p.
873 3872 929 3922 637.
965 3873 1018 3921 Sed
1036 3873 1081 3935 qui
1098 3872 1142 3921 hic
1153 3885 1210 3921 me-

118 3953 176 4015 ipse
196 3955 287 4001 temen
306 3952 384 4014 poete
403 3950 479 4000 dicit:
498 3949 646 3999 odimrcin-
685 3948 819 4007 moratur,
844 3945 963 4009 aequalis
979 3948 1071 4010 utique
1089 3946 1139 3996 luit
1155 3947 1209 3995 llo-

118 4028 184 4083 ridi,
202 4026 294 4074 tir-idm
304 4026 355 4073 odi.
376 4024 415 4073 Nil
428 4024 533 4073 mirum.
553 4026 646 4073 Nonne
685 4023 759 4082 retii,
791 4033 844 4071 non
873 4024 903 4070 C.
931 4022 1013 4072 Marii.
1054 4022 1208 4083 Cognomen

119 4100 192 4149 idem
210 4100 287 4149 dicit:
307 4100 393 4148 beatur
404 4099 475 4158 uiro,
494 4098 570 4146 misor
579 4097 646 4157 vivo,
687 4098 757 4146 Ruso
769 4095 1005 4153 iuitOctuviorum,
1025 4094 1208 4150 Caluinorum,

14 4184 16 4233 t
119 4176 198 4222 binus
223 4186 298 4235 cuc,
328 4173 412 4222 motor
436 4170 551 4235 strinpo?
579 4172 647 4221 Num
686 4170 827 4219 Occiorum
843 4171 970 4232 recteque
988 4170 1117 4233 seriptum
1134 4182 1210 4231 repe-
