2925 4892
227 361 289 427 iia
608 366 737 417 aonam
755 367 935 419 siraninus

268 520 350 586 Cum
372 519 493 587 Pedius
515 540 632 587 causas
653 517 791 588 exsudet
813 520 977 608 Poplicola
999 530 1098 607 atque

269 640 443 718 Corvinus,
467 627 579 728 patriis
601 640 824 709 intermiscere
847 642 946 728 petita

267 760 372 828 Verba
395 762 472 827 loris
493 761 603 839 malis,
627 762 779 829 Canusini
801 782 892 829 more
914 760 1091 851 bilinguis?
1274 768 1319 829 30

268 884 372 970 Atque
396 903 458 971 ego
481 903 556 950 cum
578 882 721 950 Graecos
744 883 886 951 lacerem
908 893 1002 951 natas
1026 906 1116 953 mare
1140 885 1218 952 citra

266 1002 467 1079 Versiculos,
491 1004 592 1071 vetuit
613 1025 666 1070 me
689 1003 742 1071 tali
764 1024 846 1072 voce
869 1004 1038 1085 Quirinus,

292 1173 333 1223 28.
361 1174 468 1223 swadet
486 1189 536 1237 κμ.
560 1200 588 1209 -
607 1174 735 1223 Publicola
752 1175 851 1239 hScdp.
875 1201 903 1213 -
925 1175 967 1225 34,
985 1175 1065 1237 Atque
1080 1175 1183 1237 bSc,tl:
1209 1178 1283 1239 Atqui

259 1248 357 1313 dm,
376 1248 461 1298 codd.
480 1248 615 1309 voluerii,
634 1250 691 1310 LC,
710 1247 854 1312 Bentleius,
873 1252 926 1301 Fid.
942 1278 969 1287 -
984 1250 1024 1301 32.
1045 1250 1092 1301 teil
1107 1264 1147 1301 aaa
1164 1264 1197 1301 ex
1215 1252 1280 1303 Cod.

260 1322 325 1373 coll.
344 1324 413 1373 Trin.
433 1323 472 1386 (φ)
490 1322 633 1375 Bentleius.

225 1472 418 1522 sententiarum
447 1472 598 1523 iuncturam
620 1474 648 1523 in
670 1474 752 1523 Bent-
788 1471 911 1523 dixerant
938 1474 965 1522 et
997 1472 1096 1523 Ennius
1129 1475 1157 1523 et
1189 1473 1317 1525 Lucilius.

225 1546 310 1596 leiana
332 1558 414 1609 mam
436 1546 463 1596 in
480 1546 622 1597 Horatiana
637 1547 749 1597 ratione.
788 1545 947 1597 Huiusmodi
957 1544 1071 1610 populos
1082 1543 1254 1612 διγλώττους
1265 1548 1319 1599 καὶ

225 1622 368 1671 Praeterea
395 1621 495 1670 rectius
523 1619 647 1670 obiicitur
678 1622 750 1670 muta
787 1617 912 1686 μιγάδας
927 1624 1007 1670 vocat
1027 1622 1076 1671 Dio
1094 1622 1190 1685 Chrys.
1210 1623 1253 1672 Or.
1271 1622 1316 1673 53.

224 1708 287 1746 cum
299 1694 416 1745 efficacia
427 1693 524 1745 oblivio
539 1696 640 1759 patriae
651 1696 751 1759 patris·
787 1708 814 1759 p.
832 1696 891 1746 277.
910 1696 940 1745 R.
960 1694 1035 1745 Cani.
1054 1697 1108 1745 Sat.
1127 1696 1156 1755 t,
1175 1697 1204 1756 ti,
1223 1695 1263 1745 9⁴.

225 1782 278 1833 que
295 1768 450 1819 adversario
467 1768 545 1831 fiete,
563 1782 646 1833 quam
662 1772 693 1820 ul
707 1768 751 1819 vel
820 1769 909 1820 at-at.
936 1768 1023 1833 Atque]
1049 1769 1092 1819 Sic
1113 1770 1166 1820 mei
1190 1770 1318 1832 Codices,

224 1856 275 1907 per
290 1837 432 1895 ὑπόθεσιν
449 1847 586 1908 tamquam
604 1841 681 1907 culpa
694 1856 752 1895 me-
787 1844 888 1894 Veneta
901 1842 975 1895 llssl.
989 1845 1017 1895 et
1026 1841 1136 1894 Aldinae
1148 1846 1232 1905 recte,
1251 1857 1318 1895 cum

224 1920 359 1977 moretur,
377 1930 447 1980 quae
464 1930 480 1966 a
497 1918 670 1980 dedicatque
682 1919 752 1968 ides-
788 1917 955 1968 adversativa
981 1918 1052 1968 notio
1077 1918 1121 1969 hic
1145 1917 1234 1969 locum
1260 1932 1318 1969 non

224 1990 302 2052 salla,
326 1992 372 2053 qui
388 2004 450 2040 eam
466 2004 604 2054 uunquam
624 1991 746 2055 proiecto
787 1990 894 2041 habeat.
925 1991 1020 2042 aAddit
1041 1992 1113 2042 enim
1136 1994 1215 2056 poete
1234 2005 1320 2045 soum

225 2063 251 2114 in
268 2076 298 2113 ae
320 2063 497 2125 admiserant,
524 2064 636 2115 tortasse
659 2066 749 2115 tamen
788 2064 941 2129 exemplum
965 2064 1074 2129 reliquis
1097 2064 1208 2117 simile.»
1241 2068 1318 2117 Haso

225 2137 366 2202 aliquando
389 2139 518 2189 committi
539 2139 631 2202 possit.
655 2168 683 2175 -
697 2152 751 2201 pc-
787 2140 863 2190 l'urs.
874 2142 893 2189 1.
903 2140 998 2203 pilli.
1012 2141 1087 2191 idem
1098 2156 1124 2205 p.
1138 2140 1200 2192 iii:
1221 2143 1317 2192 :Nune

224 2213 289 2262 triae
303 2212 441 2274 ροιήτοιο]
459 2212 560 2262 dictum
577 2215 631 2274 est,
655 2215 686 2263 al
702 2212 751 2263 ali-
788 2227 819 2263 ea
832 2214 1020 2264 emendatione
1037 2213 1148 2265 Bentleii
1166 2213 1319 2277 legiturAl·

225 2286 330 2350 quoties
353 2286 425 2351 apud
447 2284 590 2337 Salustium
615 2285 749 2349 (Catili.
787 2287 831 2349 qai
847 2300 901 2351 epo.
937 2287 1014 2348 Quod
1026 2292 1193 2339 correctores
1205 2288 1240 2339 ob
1253 2302 1320 2340 con-

225 2361 266 2410 ta.
285 2361 340 2423 lag.
358 2360 409 2422 87.)
426 2360 518 2423 patrie
531 2366 705 2422 parentesque.
720 2388 748 2397 -
789 2360 975 2412 tradictionem
997 2362 1192 2413 substituerunt
1213 2364 1240 2413 in
1262 2362 1319 2413 eli-

224 2436 280 2484 Nee
300 2435 426 2484 accudere
447 2448 538 2484 coutet
557 2435 646 2486 Latina
668 2433 750 2485 ullam
788 2436 886 2501 quibus
912 2436 1064 2489 codicibus.
1108 2436 1259 2501 Elegantior
1284 2438 1317 2488 fit

224 2508 308 2559 babet
323 2508 519 2568 diidciiltatem3
543 2510 592 2560 sed
609 2513 685 2561 recle
701 2523 751 2560 ex·
788 2510 871 2561 oratio
897 2511 1049 2561 continuata
1075 2523 1124 2574 per
1148 2516 1224 2573 atquc
1248 2524 1316 2575 epo,

224 2582 352 2648 plicatum
372 2585 461 2636 estin
483 2584 549 2635 Cod.
569 2583 662 2635 bland.
685 2583 748 2649 (Liv.
788 2583 957 2647 quambene
976 2584 1047 2648 cepit
1067 2584 1223 2636 Wielandus
1242 2586 1319 2648 (ver-

224 2657 253 2718 l,
275 2658 324 2708 to:
352 2659 440 2722 iopam
462 2663 590 2709 certamen
613 2661 748 2710 modale.
787 2660 863 2710 tens:
893 2659 961 2709 Aocb
984 2660 1035 2709 ma
1062 2660 1122 2710 bom
1146 2660 1247 2709 Einmol
1269 2660 1320 2710 der

223 2734 252 2793 5,
270 2734 301 2782 ti:
320 2734 445 2783 eccam
461 2732 594 2797 leimam)
607 2760 635 2769 -
653 2732 750 2798 Ροοίοτ]
787 2733 897 2796 diasat,
915 2734 1064 2797 plicabicclte
1083 2734 1320 2785 Verectmntaeben

224 2808 254 2867 Q.
273 2806 383 2867 Pedius,
402 2806 471 2858 libas
488 2820 522 2857 ex
538 2820 631 2859 sorore
649 2809 678 2859 C.
693 2807 751 2858 lulil
788 2820 823 2857 τιτ
843 2807 980 2871 malleni.»
1017 2808 1113 2858 Nescio
1136 2821 1188 2871 qua
1205 2807 1320 2871 gloriola

224 2881 347 2932 Caesaris
363 2884 444 2945 alque
461 2894 531 2933 unus
548 2895 581 2930 ex
604 2881 751 2932 heredibus
788 2881 885 2932 dactus
902 2881 1037 2941 Horatius,
1057 2894 1121 2932 oum
1137 2882 1245 2932 Athenis
1262 2880 1318 2932 de-

224 2956 297 3012 eius.
323 2968 348 3004 a.
372 2968 399 3005 n.
424 2968 447 3005 e.
475 2956 532 3005 iti.
559 2956 586 3004 in
611 2954 751 3006 consulatu
787 2957 875 3019 geret,
901 2954 1049 3006 versiculos
1066 2957 1182 3006 Graecos
1199 2968 1318 3020 compo-

224 3030 359 3087 mortaaa,
378 3040 491 3078 uxorem
507 3027 601 3078 babuit
617 3027 750 3080 Valeriam
788 3042 853 3080 nere
866 3032 976 3081 conatus
988 3042 1049 3081 esse
1061 3029 1179 3092 videtur,
1198 3030 1247 3081 sed
1259 3030 1317 3081 aito

223 3104 305 3163 atque
327 3112 343 3149 e
363 3099 418 3151 lilio
435 3102 530 3161 Quinto
551 3104 679 3166 nepotem
700 3117 750 3153 na·
787 3106 881 3165 inane,
900 3104 982 3155 immo
999 3116 1113 3169 pravum
1130 3103 1267 3155 eonsilium
1285 3105 1318 3157 in

225 3178 284 3223 tura
306 3177 419 3225 mutum.
453 3176 596 3240 Adoptauit
616 3178 696 3240 igitm
717 3179 751 3229 ii-
788 3180 949 3242 perpetuum
960 3177 1100 3230 abiecisse.
1115 3191 1227 3229 -mere
1236 3179 1317 3244 cio-a]

224 3248 289 3300 lium
313 3247 428 3300 alterum
461 3248 598 3302 Messallae
626 3253 748 3315 maioris,
787 3254 815 3303 in
829 3251 909 3303 ltalia.
936 3252 985 3303 Vix
996 3250 1058 3303 alibi
1068 3254 1135 3302 οἰττο
1146 3252 1320 3318 postponitur

224 3323 269 3387 qai
286 3323 348 3374 inde
364 3324 461 3376 Pedius
472 3324 621 3377 dictasset.
655 3328 750 3390 ltaqoe
786 3339 835 3377 suo
855 3326 965 3377 nomini.
990 3326 1043 3378 Cir.
1057 3327 1134 3378 Hand
1150 3328 1225 3379 Tuas.
1238 3328 1269 3377 11.
1283 3340 1317 3391 p.

223 3398 295 3449 Pedii
312 3398 395 3450 irater
411 3400 542 3451 Corvinus
559 3400 608 3452 ibit
624 3401 652 3450 et
673 3404 750 3451 nter-
786 3402 828 3451 8⁴.
857 3428 884 3437 -
913 3401 1041 3464 (initiam
1067 3402 1143 3453 conl.
1162 3401 1210 3453 Od.
1229 3400 1257 3461 3,
1280 3400 1317 3463 3,

223 3485 276 3536 que
302 3470 450 3538 Poplicolae
473 3486 622 3538 cognomen
642 3474 747 3526 babuit.
787 3475 826 3525 ia.
842 3502 870 3511 -
882 3476 938 3526 Post
953 3476 1063 3526 medion
1072 3480 1168 3526 cocina
1179 3474 1242 3539 cet]
1255 3476 1320 3525 ilo-

224 3548 261 3608 llo
278 3546 391 3611 legendo
408 3548 487 3611 iunge
504 3549 593 3599 Pomm
607 3549 746 3613 Poplicola,
785 3550 867 3600 sebas
884 3551 914 3612 Ξ,
931 3550 960 3599 2:
983 3546 1097 3613 Νυκτὸς
1114 3542 1163 3600 ὅτε
1178 3550 1318 3639 τρίτατον

222 3633 275 3671 non
299 3622 426 3683 Poplicola
450 3628 526 3683 eleae
550 3620 692 3686 θοητόοοτ.)
719 3652 746 3660 -
786 3618 877 3688 λάχος
894 3624 1021 3687 ἵσταται,
1040 3622 1141 3693 ἐγγύθι
1152 3624 1175 3676 δ’
1189 3624 1259 3691 ηῶς,
1272 3652 1287 3663 -
1301 3652 1318 3663 -

222 3694 352 3760 mato]
365 3696 399 3745 ll.
409 3695 529 3747 Valerios
539 3694 670 3761 Poplicola
681 3700 750 3750 lies-
781 3690 855 3749 dire
882 3700 931 3750 καὶ
958 3694 1100 3773 cispetatico
1128 3702 1317 3766 corpulentae

221 3766 285 3819 salla
303 3769 446 3829 Corvinus,
465 3770 500 3819 de
518 3780 572 3832 quo
589 3771 650 3821 vide
668 3786 749 3836 argu-
784 3767 871 3835 lavo<
882 3768 1010 3845 ὀνείρων.
1030 3776 1105 3827 ovid.
1116 3777 1179 3827 Her.
1193 3776 1233 3837 49,
1247 3774 1315 3824 itio:

223 3843 344 3892 mentum
356 3843 405 3892 od.
416 3841 440 3903 3,
453 3844 494 3892 2⁴.
508 3870 535 3879 -
547 3844 750 3897 Canusini--bi-
784 3850 900 3911 Namque
915 3848 960 3899 mo
977 3863 1076 3901 eurora
1091 3853 1145 3902 iam
1161 3850 1318 3901 dormitante

221 3916 321 3980 lippata]
333 3917 449 3978 Canusii,
467 3916 577 3981 Apuliae
594 3922 708 3985 oppido,
721 3924 749 3973 et
785 3924 901 3986 lacerna,
920 3925 1027 3975 Semela
1044 3939 1093 3987 pao
1110 3926 1179 3976 cani
1202 3929 1317 3985 tempore

222 3991 315 4040 Graeci
332 3992 361 4040 et
376 3990 436 4040 Osci
456 3990 613 4043 habitabant
630 3996 657 4045 et
674 3998 749 4045 airo-
784 4011 847 4049 aare
857 3998 942 4049 soleat.
971 3999 1046 4050 coni.
1059 4000 1136 4050 Hom.
1150 3999 1199 4049 0d.
1212 3996 1237 4061 d,
1250 3997 1313 4049 alt.

223 4076 276 4128 que
292 4078 430 4123 sermone.
454 4067 556 4117 Graeco
573 4069 654 4132 atque
666 4070 746 4128 Osco.
786 4071 849 4121 Plat.
864 4072 963 4124 Criton.
982 4087 1009 4138 p.
1028 4072 1069 4125 ii.
1088 4076 1118 4125 A.
1138 4100 1165 4111 -
1185 4072 1316 4123 toalleam

223 4137 375 4190 utebantur.
418 4140 461 4190 Sic
486 4139 607 4204 bilingues
630 4144 749 4193 Bmtctes
785 4147 848 4211 cet]
873 4146 963 4199 Simile
988 4147 1162 4212 proverbium
1187 4146 1312 4198 illorum:

223 4212 354 4276 (Bruttios)
376 4216 488 4279 propter
504 4214 621 4268 eandem
638 4230 748 4268 causam
785 4216 889 4270 Γλαῦκ’
908 4220 938 4283 ἐς
959 4214 1079 4285 Ἀθήνας
1096 4222 1159 4285 (Cic.
1178 4220 1213 4271 ad
1235 4221 1312 4270 Fam.
