2925 4892
290 359 353 426 4444
651 359 783 412 uonnrn
798 359 1020 413 nrrsroumorr

332 517 371 584 Et
392 515 512 583 Moschi
535 536 682 583 causam:
710 535 784 583 oras
805 525 882 582 nato
905 515 1046 583 Caesare
1068 514 1169 582 lestus

332 640 394 704 Dat
414 638 542 705 veniam
564 658 780 725 somnumque
802 636 893 717 diee;
915 636 1047 724 impune
1068 634 1178 704 licebit
1332 636 1367 701 444

334 760 497 828 Aestivam
519 780 669 827 sermone
691 758 832 846 benigno
854 758 990 826 tendere
1011 768 1149 825 noctem.

356 941 380 990 9.
399 941 433 989 Et
447 939 541 990 Moschi
557 951 662 988 4444444444
677 937 869 1002 bSodEp,Lct,
886 936 1022 989 Bentlelus
1039 939 1067 988 44
1077 936 1112 987 0:
1130 937 1163 987 lit
1173 949 1279 987 44444444
1289 939 1340 989 Ιο-

322 1013 373 1062 4444·
391 1013 443 1064 Fid.
472 1037 499 1047 -
526 1013 567 1061 44.
591 1013 716 1062 Festivom
732 1011 799 1062 Cod.
819 1013 990 1062 Lemniensis
1008 1014 1035 1062 et
1050 1010 1180 1073 Berol.l,
1200 1011 1267 1062 mire
1283 1024 1340 1076 pro-

323 1087 405 1138 bante
422 1087 587 1137 Bormansio.
604 1114 629 1124 -
645 1087 777 1136 exterdere
794 1086 880 1137 Codd.
898 1085 960 1150 aliq.
980 1086 1011 1150 (44
1029 1089 1056 1136 et
1072 1085 1139 1138 Edd.
1153 1088 1218 1136 vett.
1238 1087 1338 1149 (lituos,

323 1173 419 1212 omnes
436 1161 519 1212 nostrl
537 1162 565 1210 44
583 1160 719 1222 Pottieriil

290 1329 393 1368 vacuus
410 1319 526 1368 amicum
539 1317 707 1378 exhortatur,
726 1319 757 1367 ut
772 1330 820 1367 ne·
855 1319 897 1368 set
907 1317 1026 1381 loturus,
1038 1330 1202 1382 magnopere
1213 1317 1285 1369 cordi
1295 1317 1367 1368 444444

291 1392 368 1456 gotlis
380 1391 539 1456 quotidianis
550 1390 593 1442 illo
606 1395 679 1442 certe
691 1390 735 1442 die
747 1394 820 1456 post·
854 1393 988 1456 Torquato
1010 1390 1120 1455 gloriam
1143 1406 1177 1442 ex
1198 1393 1238 1443 rei
1260 1391 1293 1442 al)
1315 1393 1367 1456 ipso

291 1467 384 1531 positis
395 1479 489 1517 secum
501 1467 583 1518 Genio
601 1465 748 1530 indulgeat:
768 1479 818 1516 nec
855 1465 959 1516 dolensi
983 1465 1149 1517 absolutione
1174 1466 1314 1532 appetenti.
1340 1492 1365 1502 —

290 1553 356 1590 vero
381 1541 408 1589 in
433 1541 474 1592 his
496 1540 644 1605 quidquam
669 1540 820 1604 repreheo-
854 1541 1036 1603 4444--44441
1052 1541 1091 1590 De
1107 1553 1134 1590 r.
1146 1553 1207 1590 oros
1223 1552 1284 1590 com
1298 1551 1366 1604 prae·

291 1615 373 1665 sionis
390 1615 472 1676 inest,
496 1615 572 1678 quasi
594 1616 745 1679 Torquatos
760 1615 819 1678 ipae
855 1614 924 1665 senti
946 1629 972 1664 v.
990 1614 1066 1665 4444444
1083 1615 1158 1665 Ture.
1178 1616 1210 1665 44.
1228 1629 1255 1680 p.
1272 1614 1324 1664 434.
1341 1641 1365 1650 -

293 1688 387 1738 luisset
403 1688 484 1738 homo
496 1687 538 1738 vel
555 1701 640 1740 vanus
652 1688 694 1740 vel
712 1701 818 1739 evanue.
854 1695 915 1740 noto
933 1689 1049 1752 04444444]
1070 1689 1113 1738 Sic
1129 1689 1203 1740 nude
1220 1688 1316 1739 dictum
1328 1688 1367 1737 rix

291 1763 360 1812 Sane
387 1763 460 1814 miris
486 1762 640 1814 huiusmodi
668 1763 818 1824 blanditils,
856 1763 932 1814 aliter
958 1762 1066 1826 intelligi
1093 1764 1184 1826 potest
1210 1776 1289 1828 quam
1311 1773 1366 1812 cum

292 1836 390 1901 quibus
407 1836 451 1887 hic
468 1851 522 1888 non
539 1841 598 1888 erat
620 1837 708 1898 locus,
736 1837 820 1888 absti-
856 1839 961 1889 Comm.
975 1837 1068 1900 cruq,
1080 1837 1214 1898 Maesone,
1227 1837 1367 1888 weicherto

292 1911 374 1962 uehat
390 1915 469 1975 poeta
486 1909 564 1976 longe
581 1912 724 1962 humanior
739 1913 821 1962 inter·
857 1913 900 1977 (de
912 1915 940 1964 L.
955 1913 1035 1962 Vario
1046 1925 1073 1976 p.
1087 1911 1165 1974 3444),
1185 1914 1293 1964 Frankio
1303 1913 1328 1962 F.
1339 1911 1365 1961 44.

292 1985 426 2051 pretlbus,
445 1987 490 2050 qui
506 1986 534 2036 44.
547 1985 564 2037 l.
578 1987 605 2037 ln
620 1988 746 2051 Torquati
757 1986 821 2038 levi·
855 2001 882 2052 p.
895 1986 953 2038 203.
971 1987 1006 2037 de
1024 1986 1068 2037 die
1084 1986 1165 2036 natali
1183 1989 1301 2039 Caesaris
1316 1989 1364 2038 lu·

291 2063 375 2110 talem
387 2061 416 2110 et
432 2059 527 2110 sordes
539 2061 670 2112 acerrime
687 2061 820 2111 4444444444-
855 2061 939 2124 gusti,
952 2063 999 2125 qui
1010 2061 1102 2111 incidit
1115 2061 1143 2111 in
1154 2062 1197 2112 lx.
1208 2061 1263 2114 lial.
1271 2060 1366 2111 Octobr.

292 2136 345 2184 tur.
370 2133 510 2184 ilosrecte
523 2135 645 2186 relutavit
658 2135 740 2184 eliam
751 2136 820 2185 Doe·
856 2135 905 2200 443.
919 2135 945 2185 d.
959 2137 1041 2200 Sept.)
1070 2135 1137 2186 Vide
1148 2135 1259 2187 Kalend.
1271 2135 1368 2188 1444444

294 2205 438 2257 derleinius
456 2207 482 2258 ln
499 2208 590 2269 Bopar.
604 2209 652 2272 pol.
665 2209 728 2258 Ans.
743 2208 817 2258 4836.
855 2211 938 2262 loscr.
948 2223 986 2260 m.
996 2211 1052 2259 Lat.
1062 2208 1094 2259 ll.
1105 2222 1132 2273 p.
1145 2209 1205 2261 3944.
1224 2211 1291 2260 Scite
1301 2209 1368 2272 igitur

293 2293 319 2345 p.
343 2281 401 2332 864.
435 2281 504 2342 Quid
528 2283 628 2334 multat
655 2283 730 2334 idem
756 2283 820 2334 dicit
855 2283 990 2334 blanditur
1008 2285 1127 2347 augusto
1144 2283 1239 2336 dicens
1255 2297 1283 2334 se
1298 2283 1368 2333 etiam

293 2367 325 2405 ao
341 2355 472 2407 luvenalis
490 2360 534 2419 44,
554 2359 615 2408 4844
634 2359 683 2408 Sed
699 2361 819 2410 4444444444-
855 2360 977 2419 noctem,
1001 2371 1071 2422 quac
1094 2357 1167 2408 diem
1187 2360 1244 2410 eius
1265 2356 1368 2408 natalem

293 2431 351 2480 44444
367 2437 452 2481 coorta
467 2434 568 2496 nogotio
584 2432 652 2482 444444
667 2433 700 2482 El
715 2439 820 2497 protero
855 2432 1014 2497 praecedat,
1027 2431 1102 2482 hilari
1114 2434 1239 2483 convivio
1249 2427 1368 2495 usquead

292 2505 541 2567 requiemdoootttl.
554 2508 656 2557 -444444
666 2508 728 2573 apes]
742 2508 816 2559 Pind.
855 2505 944 2558 lucem
960 2509 1160 2558 transactorum
1171 2521 1242 2558 esse.
1272 2508 1367 2557 Sueten.

293 2581 395 2644 Fragm.
413 2581 465 2630 ino.
485 2581 546 2630 4344
572 2579 683 2645 ἐλπίδες
698 2582 819 2652 ἐγρηγο-
856 2581 946 2632 octav.
959 2582 1006 2630 57:
1028 2583 1131 2644 Equites
1146 2583 1255 2632 4444444444
1270 2580 1368 2630 4444444444

292 2650 385 2725 ρότων
402 2651 529 2706 ἐνύπνια.
550 2683 577 2694 -
595 2659 738 2708 certamino
754 2657 820 2707 dioi-
856 2656 1092 2717 cimsponwotqcc
1102 2669 1223 2707 4444444444
1233 2657 1304 2706 didm
1315 2666 1369 2704 4444-

293 2728 396 2794 tiorum]
415 2730 518 2780 (14544.
534 2732 561 2791 4,
582 2732 609 2793 4,
630 2733 678 2782 lta
696 2745 757 2795 sqq.
781 2733 821 2781 la·
854 2741 901 2791 por
917 2729 1082 2780 celebrantur.
1109 2731 1263 2782 Haeserunt
1272 2727 1368 2794 quidem

294 2804 402 2854 cobsiue
414 2817 476 2856 oum
487 2803 636 2856 Wielandio
648 2805 698 2868 (die
714 2807 821 2870 leidtpeo
856 2803 977 2868 plerique
995 2805 1022 2854 io
1038 2818 1082 2854 vv.
1099 2805 1369 2855 Aecum-accen

292 2877 389 2928 retum
405 2891 449 2927 om
468 2879 536 2927 444444
552 2880 605 2928 ond
625 2880 700 2943 444444)
723 2879 821 2931 intelli·
856 2878 972 2942 ideoque
984 2881 1151 2944 interpretati
1162 2879 1271 2931 suntdc
1285 2873 1368 2929 c.lulii

293 2953 330 3014 git
343 2949 416 3000 «lites
427 2949 552 3012 eliorum,
571 2951 669 3015 quibus
681 2957 820 3017 tamquam
858 2953 980 3003 Caesaris
989 2952 1126 3003 dictatoris
1136 2953 1227 3014 natali,
1237 2951 1290 3004 lial.
1298 2949 1367 3002 amit

293 3025 421 3088 patronus
442 3027 588 3088 occupatus
611 3025 715 3076 luerit.»
748 3029 821 3078 Doe-
856 3026 874 3078 l.
886 3027 904 3078 l.
917 3041 944 3091 p.
957 3027 1021 3078 ool:
1038 3041 1074 3078 rr.
1092 3041 1129 3078 ro.
1141 3041 1192 3079 m.
1206 3030 1257 3092 444.
1269 3021 1367 3082 44444444.)

294 3095 438 3147 derlelnlus
455 3097 471 3148 l.
485 3097 517 3148 l.:
545 3100 601 3149 «die
614 3100 822 3152 ,444444444444444444
855 3116 912 3152 nro.
927 3115 986 3152 rra.
1005 3115 1078 3162 oron.
1094 3115 1152 3153 noc.
1169 3117 1225 3153 nra.
1241 3111 1367 3154 oomn-

293 3171 481 3235 Boottlcngor,
504 3185 539 3221 zo
558 3175 636 3224 denen
656 3177 696 3225 4444
712 3175 819 3226 divitiae
855 3189 911 3229 rer.
929 3189 1017 3228 rrarrs.
1047 3177 1101 3227 Sed
1121 3177 1173 3227 sub
1195 3177 1271 3229 caelo
1289 3172 1368 3226 italico

293 3247 474 3312 Bereelttigucp
489 3249 542 3296 uod
557 3249 639 3312 Beros
658 3250 748 3313 944444,
775 3250 825 3314 cus
856 3251 899 3303 illa
916 3264 1105 3316 quoquenox,
1124 3247 1368 3318 quaepropn'eeral

291 3323 345 3372 444444
364 3335 409 3372 teo
426 3323 619 3373 concretae.
648 3347 676 3360 -
702 3325 821 3377 444444444-
856 3327 1045 3389 auctumnalis,
1072 3329 1125 3380 dici
1150 3331 1256 3392 poterat
1270 3325 1367 3379 44444444,

292 3398 439 3448 rusautem
448 3398 821 3462 deleminterpretaturaho-
857 3403 886 3452 444
911 3400 1035 3466 Calpmu.
1061 3405 1091 3463 l,
1118 3404 1147 3452 l:
1177 3403 1292 3452 Nondacn
1313 3395 1369 3448 Solis

292 3473 379 3523 mines
402 3472 527 3535 divites»,
552 3471 611 3524 coll.
635 3473 730 3524 olctolc
750 3474 817 3536 (Sat.
855 3489 931 3538 equos
941 3477 1040 3527 (44444444
1054 3477 1156 3542 mulget
1171 3483 1268 3537 44444444,
1287 3475 1367 3536 Qwr

291 3549 321 3608 2,
343 3549 373 3608 44,
398 3547 475 3610 loo),
493 3549 627 3612 remigium
649 3549 723 3614 (Epp.
739 3550 766 3609 4,
786 3550 817 3611 6,
854 3551 1368 3614 coarmaotctrtmenocntprctorovr

292 3621 354 3683 ⁶3·l=
380 3621 520 3672 simllibus.
547 3651 574 3660 -
599 3623 707 3688 44444444]
732 3624 817 3686 «llic,
854 3626 903 3675 44444
919 3627 952 3675 lit
967 3631 1177 3688 opuscula-occo
1192 3624 1368 3690 [malim

292 3697 473 3756 Pergamenus
481 3697 574 3747 rhetor
582 3699 819 3760 notissimus,reus
855 3705 896 3750 sto
910 3713 1024 3751 mm.
1053 3691 1367 3764 atquemmtosonmid

293 3767 414 3819 venalicii
432 3769 491 3830 44444,
510 3771 709 3823 cuiuscausam
722 3773 820 3837 expri·
853 3788 904 3840 pro
929 3787 1052 3826 «summo
1077 3778 1168 3826 aestu·
1195 3775 1263 3825 dixit
1286 3773 1365 3822 lurco.

293 3841 345 3891 mis
368 3845 431 3892 tunc
455 3847 575 3896 oratores
598 3849 725 3909 egerunt,
752 3848 819 3897 Tor·
855 3849 900 3912 44,
920 3851 969 3900 tat
985 3863 1027 3914 sq.
1048 3877 1076 3888 ·-
1092 3849 1201 3914 4444444444]
1220 3850 1248 3899 44
1268 3844 1367 3912 propter

293 3917 390 3978 qualus
407 3917 464 3978 hic,
483 3917 516 3968 de
534 3931 589 3982 quo
605 3933 677 3972 nunc
695 3921 772 3983 dicit,
792 3923 820 3973 et
855 3925 966 3988 Augusti
983 3921 1085 3975 natales
1096 3925 1197 3989 atquin
1209 3925 1278 3983 erat,
1295 3916 1367 3968 otest

294 3991 400 4042 Asinius
421 3990 527 4043 Pollio.»
556 3995 649 4045 Porro.
679 3997 762 4047 Recte
781 3997 820 4047 el·
855 4000 882 4049 ln
899 3997 954 4049 lial.
966 3999 1036 4050 44444.
1049 3998 1066 4051 l.
1084 3997 1101 4049 l.
1115 4012 1142 4063 p.
1155 3999 1211 4050 39⁸.
1226 3998 1253 4047 44
1267 4007 1293 4060 p.
1304 3990 1363 4046 llll-1

294 4066 401 4130 gnlflcat
411 4066 535 4130 Dlintaer,
544 4069 730 4133 perdifficilem
740 4073 819 4123 istam
855 4075 887 4124 N.
899 4075 926 4124 P.
941 4073 984 4137 l:
997 4072 1116 4124 4444444444
1126 4073 1216 4138 priorl3
1229 4070 1313 4135 priore
1322 4063 1365 4126 tp'·

295 4153 404 4192 44444444]
421 4145 531 4207 propter
544 4155 668 4208 magnam
679 4145 819 4196 hominum
855 4150 899 4198 tur
918 4147 971 4198 diei
992 4150 1069 4212 parte
1091 4149 1132 4198 ius
1154 4148 1205 4198 dici
1221 4159 1237 4195 4
1252 4143 1365 4208 praetore

294 4218 534 4282 exspectationem,
553 4221 820 4284 quietusexituses·
855 4235 909 4274 nou
933 4224 1047 4286 poterat.
1073 4249 1101 4260 -
1125 4219 1247 4283 4444444444]
1270 4211 1365 4267 «14041444
