2925 4892
266 395 329 460 276
433 461 439 466 ι
646 395 775 444 tteusttt
793 394 974 446 serrassent

649 849 861 912 um
894 847 970 910 Π.

309 993 399 1062 Unde
422 1003 454 1060 et
478 1013 543 1079 quo
568 991 700 1058 Cetius?
726 991 797 1055 Non
819 999 869 1056 est
890 988 967 1056 mihi
991 1001 1120 1078 tempus
1143 992 1250 1059 aventi

298 1211 340 1260 tv.
370 1209 514 1268 necatio,
539 1220 621 1270 quern
639 1206 690 1257 sibi
708 1207 793 1256 tiera-
832 1207 1062 1258 satiraestoicum
1073 1209 1227 1273 Damasippi
1244 1207 1350 1273 pbiloso-

265 1286 317 1335 tius
329 1284 402 1346 fingit
414 1283 478 1333 artis
487 1280 630 1332 culinariaa
643 1284 670 1332 et
681 1293 793 1331 mensae
831 1281 876 1345 phi
893 1294 1049 1332 sermonem
1071 1283 1228 1346 excipientis
1251 1285 1350 1334 veteres

265 1358 410 1410 struendae
434 1360 577 1421 praecepte
600 1367 706 1406 summe
730 1368 793 1406 cum
831 1356 991 1418 interpretes
1007 1355 1043 1406 ad
1059 1357 1156 1407 mbam
1172 1358 1244 1408 banc
1258 1359 1351 1422 opinio·

265 1433 392 1496 gravitate
416 1434 443 1482 et
468 1423 606 1494 umquam
629 1443 659 1480 er
687 1429 792 1493 tripode
830 1443 894 1480 nem
917 1430 1035 1480 adduxit.
1071 1431 1139 1482 Nihil
1156 1435 1249 1482 autem
1269 1433 1350 1483 incre·

266 1506 431 1564 tradentem,
458 1507 538 1568 atque
557 1506 592 1554 ita
610 1503 737 1566 quidem,
763 1505 794 1553 ut
830 1503 937 1556 dibiiius
948 1509 1002 1568 est,
1021 1520 1104 1571 quam
1121 1507 1194 1571 quod
1206 1510 1351 1572 suspicatos

265 1593 330 1646 prae
354 1581 436 1630 nimio
458 1579 573 1629 docendi
595 1578 691 1628 ardore
714 1580 794 1627 natu·
830 1581 872 1630 est
885 1577 991 1638 Mauso,
1011 1580 1127 1631 derideri
1139 1581 1169 1632 C.
1182 1582 1307 1641 nauum,
1322 1581 1348 1630 C.

265 1653 349 1705 ratem
377 1665 469 1704 rerum
503 1653 625 1704 ordinem
658 1651 792 1703 interdurn
829 1652 886 1703 tulii
903 1653 1172 1715 Caesarisamicum,
1190 1655 1352 1705 oeiceronis

266 1727 410 1779 contundat
438 1741 470 1778 ne
499 1726 655 1792 perturbet.
686 1726 790 1777 comm.
829 1729 895 1792 Epp.
914 1727 948 1777 ad
966 1729 1040 1778 Fam.
1060 1730 1104 1789 tt,
1128 1731 1169 1779 m.
1187 1729 1230 1780 28.
1252 1733 1350 1800 notum

266 1805 347 1867 Cruq.
360 1802 518 1852 baeonobis
531 1801 625 1852 retert:
646 1799 715 1850 «sub
728 1812 793 1863 per-
828 1803 880 1852 Sed
913 1801 1001 1852 nullus
1036 1803 1213 1867 interpretum
1248 1806 1353 1868 praeter

265 1891 332 1930 sona
354 1877 420 1927 Catii
437 1877 540 1926 risurus
563 1878 604 1927 est
626 1878 705 1940 poeta
729 1875 792 1938 Epi·
829 1876 976 1938 cruquium
1001 1878 1028 1926 st
1056 1877 1207 1927 Dacierinm
1232 1877 1353 1927 animad-

266 1963 377 2011 cureos,
391 1951 457 2000 utin
470 1951 590 2013 proxime
603 1950 714 1999 Stoicos.
735 1949 792 1998 Fuit
827 1951 907 2000 vertit
927 1948 963 2000 ad
984 1950 1026 2009 id,
1051 1950 1124 2013 qnod
1146 1951 1226 2001 tradit
1247 1952 1351 2002 comm.

265 2029 356 2076 autem
382 2024 415 2075 u.
443 2024 532 2074 Catius
558 2024 718 2088 Epicureus,
746 2023 791 2086 qui
828 2025 1352 2091 Crnq.adv.i7:«1rridetenm,qnod

265 2102 391 2165 quattuor
413 2095 494 2148 libros
517 2097 624 2161 scripsit
647 2097 681 2146 de
699 2109 790 2146 rerum
828 2098 862 2148 de
874 2111 956 2161 opere
974 2100 1084 2163 pistorio
1101 2102 1127 2150 in
1144 2113 1193 2150 suo
1210 2098 1280 2151 libro
1292 2101 1354 2152 scri-

265 2176 405 2225 naturast
425 2169 690 2228 desummobono;
717 2169 790 2234 quod
827 2172 954 2224 bitdese
973 2175 1046 2237 ipso:
1065 2174 1132 2224 Haec
1145 2176 1245 2237 primes
1261 2175 1354 2224 moeni

265 2262 328 2300 curn
350 2248 472 2312 Epicurei
496 2244 679 2310 inuoluptate
704 2257 790 2309 pone·
827 2252 851 2297 st
881 2248 996 2311 cognonit
1030 2248 1116 2298 Cottiae
1146 2249 1292 2299 Miltiades:
1326 2247 1352 2298 id

265 2325 337 2384 rent,
357 2323 408 2372 hoo
421 2323 474 2381 est,
493 2322 519 2370 in
537 2318 613 2382 gerloc
626 2322 653 2370 et
670 2319 791 2382 corporis
828 2321 900 2385 qnod
916 2334 1028 2385 prorsus
1045 2324 1169 2373 convenit
1185 2336 1248 2373 cnm
1261 2337 1287 2372 v.
1300 2323 1352 2379 at,

264 2397 386 2458 libidine,
399 2423 413 2433 -
425 2421 439 2432 -
450 2397 526 2457 roget
538 2393 643 2444 Catium
656 2394 788 2454 Horatius,
827 2395 873 2446 ubi
890 2396 968 2447 dctus
986 2397 1052 2447 Catii
1070 2399 1196 2460 magister
1213 2410 1278 2448 cum
1294 2409 1354 2447 ma·

264 2475 292 2523 ut
304 2472 355 2523 sibi
367 2472 438 2522 dieat
449 2483 550 2520 coenae
562 2467 696 2533 parandae
710 2470 737 2518 et
748 2481 792 2517 or·
827 2485 879 2536 gno
890 2473 932 2522 sni
948 2483 1041 2521 amore
1058 2473 1155 2537 repetit
1170 2473 1271 2522 mmm
1280 2477 1305 2522 et
1314 2473 1354 2521 is-

264 2547 396 2599 dinandae
410 2545 566 2609 magistrum
581 2544 692 2606 eiusque
708 2555 789 2606 prae·
825 2548 921 2598 verior.
956 2547 989 2596 Et
1005 2546 1090 2608 unde,
1109 2560 1221 2611 quaeso,
1240 2553 1355 2610 nugator

264 2625 369 2686 cepta.»
408 2622 476 2670 Sans
502 2619 606 2670 Cetium
631 2616 787 2675 insubrem,
825 2621 921 2685 aliquis
937 2621 1094 2684 arripuisset
1109 2621 1242 2671 ritimis
1251 2633 1354 2684 cogno-

263 2699 437 2762 Epieureum,
463 2695 494 2744 ut
518 2695 678 2757 scriptorem
704 2703 789 2754 nuper
826 2709 901 2757 men,
920 2695 970 2746 nisi
987 2695 1114 2746 traditum
1131 2695 1225 2746 tuimet
1245 2694 1281 2744 ab
1302 2709 1354 2745 an·

262 2771 409 2822 admodum
435 2772 571 2819 mortuum
594 2767 790 2816 commemorat
825 2770 980 2833 tiqnissimis
1013 2770 1229 2834 interpretibus?
1263 2770 1353 2820 Fuerit

263 2847 357 2896 Cicero
370 2845 434 2908 Epp.
448 2843 482 2892 ad
495 2843 566 2892 Fam.
582 2843 626 2900 ts,
640 2841 684 2900 46,
705 2841 727 2888 4.
754 2839 786 2901 (a.
825 2843 1003 2908 igiturcatius
1019 2842 1147 2895 Miltiades
1163 2842 1276 2894 libertus
1285 2843 1353 2894 Catii

263 2934 290 2970 u.
309 2933 333 2968 e.
347 2918 414 2978 709.)
428 2916 474 2966 cir.
489 2913 594 2975 Quintil.
609 2914 653 2974 40,
673 2915 702 2974 4,
723 2913 786 2964 tat:
825 2933 841 2969 a
867 2919 997 2969 Cicerone
1023 2918 1240 2977 commemorati,
1270 2919 1353 2968 etiam

262 2995 291 3041 In
313 2991 443 3052 Epicureis
466 2989 526 3038 tacu
543 2989 653 3050 quidem,
680 2990 788 3038 sortitos
825 2995 889 3044 tunc
914 2993 1020 3043 circiter
1044 3005 1070 3042 a.
1088 2992 1147 3042 722.
1164 2993 1257 3052 vivus,
1284 2993 1354 3042 scri-

261 3065 412 3116 inineendns
428 3069 511 3113 tomes
528 3067 617 3112 auctor
634 3068 669 3113 est
691 3063 785 3114 Cetius.
824 3071 885 3132 pter
906 3067 940 3118 de
960 3069 1016 3116 arte
1040 3066 1207 3129 coquinaria,
1234 3079 1353 3130 persona

262 3140 314 3192 Sed
333 3136 438 3190 difficile
451 3138 493 3188 esi
509 3135 656 3199 intellectu,
676 3138 788 3188 curHo-
825 3140 936 3192 ridicula
960 3153 1011 3205 per
1037 3142 1122 3190 totam
1150 3139 1249 3192 Urbem
1278 3145 1351 3190 nota.

262 3217 360 3275 ratius,
379 3213 402 3264 si
418 3225 449 3262 re
466 3225 530 3260 vera
543 3209 683 3262 consilinm
695 3210 788 3261 habuit
825 3214 921 3280 (Facile
937 3215 1026 3278 largiri
1049 3227 1194 3279 possumus
1216 3215 1354 3265 Dounon-0

262 3289 407 3354 Epicureos
419 3285 571 3346 deridendi,
590 3285 662 3336 huno
680 3287 788 3349 potissi·
824 3292 980 3354 corruptum
1002 3301 1063 3340 esse
1080 3289 1179 3339 mirum
1198 3300 1265 3339 sane
1287 3287 1353 3341 iliud

262 3376 337 3415 mum
363 3363 467 3413 Catium
495 3361 548 3412 iarn
577 3360 622 3410 din
650 3363 787 3411 mortuum
824 3364 945 3415 ttitttcdis
976 3375 1139 3426 cognomen,
1178 3376 1354 3427 nequaquem

262 3440 368 3504 (scripta
391 3437 462 3490 enim
485 3434 591 3487 videtur
615 3435 683 3485 haec
706 3437 787 3485 satira
824 3452 889 3488 vero
901 3439 989 3488 ortum
1006 3437 1032 3487 id
1050 3450 1111 3488 esse
1125 3451 1159 3488 ex
1175 3441 1352 3502 praenomine

261 3514 368 3565 circiter
384 3526 408 3562 a.
428 3525 454 3562 u.
473 3524 496 3561 c.
516 3509 648 3572 rae-tsi.)
666 3511 743 3573 quasi
755 3523 786 3559 ex
824 3512 916 3562 Marci.
950 3513 1043 3561 Totam
1060 3514 1151 3562 autem
1168 3513 1354 3563 narratiuncu-

261 3587 352 3637 inieris
368 3586 403 3636 ad
420 3587 492 3636 hune
509 3597 662 3636 sermonem
683 3583 788 3634 haben·
824 3584 878 3635 lam
896 3584 929 3634 de
947 3590 1004 3635 orte
1019 3583 1061 3635 iiie
1078 3586 1257 3648 coquinarios
1270 3587 1354 3637 Scbo-

262 3661 329 3712 dum
357 3660 526 3720 excitaverit,
556 3659 710 3720 hominem,
742 3660 788 3722 qni
823 3659 906 3711 liastis
923 3659 1150 3719 oondctamesse,
1169 3659 1354 3711 nondumad-

262 3736 349 3792 oerte,
377 3733 426 3783 etsi
451 3733 522 3792 terite,
549 3744 602 3782 nen
619 3734 709 3782 temen
731 3735 787 3782 tam
824 3731 922 3793 ducor,
941 3736 971 3782 ut
982 3733 1112 3798 credam.)
1127 3735 1248 3785 ‘Videbis
1260 3737 1290 3785 tn
1300 3738 1353 3786 An-

261 3805 389 3858 ridiculus
407 3805 487 3855 inisse
500 3805 615 3865 videtur,
634 3808 664 3855 nt
680 3805 738 3857 sine
750 3807 788 3856 ni·
824 3806 1004 3858 notationibus
1028 3807 1105 3872 plura
1131 3809 1200 3859 tradi
1221 3823 1238 3858 a
1258 3810 1350 3870 Catio,

260 3881 314 3932 min
335 3878 537 3941 exaggeratione
560 3879 690 3941 potuisset
712 3880 787 3930 deri-
824 3880 923 3944 quibus
933 3895 1045 3945 prorsus
1054 3884 1186 3932 contraria
1195 3885 1267 3944 sunt,
1280 3897 1351 3948 qnae

262 3954 320 4004 deri
338 3950 382 4001 tali
399 3950 449 4002 sub
462 3963 590 4015 persone,
608 3953 701 4014 idest,
720 3957 787 4004 tum·
823 3954 896 4021 apud
912 3955 978 4007 aiios
995 3958 1141 4019 scriptores
1157 3959 1230 4008 serio
1246 3955 1369 4009 doceo-¹

262 4039 344 4092 quam
362 4037 452 4076 merus
470 4026 584 4078 ricnrins
601 4028 628 4077 st
648 4023 787 4079 ὖποδιδά-
823 4033 878 4080 tur:
897 4030 969 4080 unde
987 4031 1096 4092 insignis
1108 4029 1205 4081 matitia
1217 4031 1298 4082 huius
1309 4045 1352 4083 sa-

262 4097 371 4162 σκαλος
388 4099 512 4161 incogniti
529 4099 640 4150 alienius
656 4103 721 4153 artis
738 4115 786 4152 eo-
823 4103 889 4154 tiras
906 4105 932 4153 in
949 4117 983 4154 eo
995 4105 1124 4155 contineri
1138 4105 1258 4167 videtur,
1277 4107 1351 4170 quod

262 4176 398 4240 quinariae
423 4175 549 4239 magistri.
584 4175 679 4226 Procul
703 4175 785 4227 dubio
823 4179 946 4229 Horatius
962 4177 1352 4242 praeceptaatiquotartiscn-

256 4265 360 4308 ‚nomen
378 4251 443 4302 Catii
460 4253 539 4318 etque
552 4250 609 4314 ipse
620 4246 695 4301 iocus
707 4251 786 4302 huius
821 4249 1047 4304 linariaeasolitis
1056 4251 1229 4304 abhorrentia
1237 4257 1265 4304 et
1275 4267 1351 4320 pror
