2925 4892
254 290 318 355 696
737 286 866 336 uonnru

295 444 422 511 Viribus
445 452 478 509 et
498 451 625 509 versate
647 440 719 517 diu,
747 438 825 527 qnid
847 439 932 505 serre
955 446 1122 513 recusent,

296 564 381 645 Quid
404 562 530 630 valeant
553 561 688 627 humeri.
734 561 792 627 Cui
815 559 898 626 lecta
919 568 1066 646 potenter
1088 559 1149 624 erit
1172 578 1240 633 ree,
1298 558 1340 620 te

296 687 362 751 Nec
384 682 532 750 facundia
554 682 685 750 deseret
705 680 792 747 hunc
813 700 875 747 uec
897 678 1025 746 lucidus
1047 678 1137 745 ardo.
1441 660 1442 737 ?

298 805 431 872 Ordinis
452 803 534 871 haec
554 804 656 869 virtus
677 802 738 869 erit
760 811 792 869 et
812 822 933 878 venus,
957 810 1012 867 aut
1033 820 1095 887 ege
1116 798 1226 875 fallor,

1441 954 1442 1019 l

321 1029 361 1080 lo.
376 1030 500 1091 pudeam
515 1026 650 1077 Markland
668 1026 702 1075 ad
719 1026 783 1076 sut.
805 1024 865 1075 Silv.
880 1023 906 1084 l,
920 1025 945 1085 8,
958 1023 999 1076 at.
1015 1052 1041 1060 -
1055 1023 1095 1074 lt.
1109 1024 1178 1073 tund
1194 1038 1240 1087 epo
1256 1024 1310 1073 Bel

289 1105 351 1166 (non
368 1101 423 1161 Sll.
443 1130 471 1137 —
490 1100 531 1152 ts.
550 1102 630 1160 dicat,
652 1102 706 1149 ium
725 1112 792 1149 nsaw
812 1098 925 1149 detentio
942 1098 991 1147 dici
1007 1098 1128 1159 Ρὶονοοοοο
1149 1097 1313 1160 distinguunt

256 1309 388 1357 vestrae.»
409 1331 435 1339 -
453 1304 559 1368 aenou]
576 1305 684 1364 animo,
704 1302 784 1353 «deli-
853 1302 942 1353 tr-ts.
962 1302 1070 1366 Οοόίηίο]
1087 1300 1213 1351 Consulto
1226 1302 1347 1364 quaesita

257 1380 391 1439 berete,»
409 1379 524 1442 imagine
541 1378 783 1442 tamendesumpta
820 1375 925 1426 videtur
952 1377 1019 1426 haec
1045 1377 1120 1439 quasi
1146 1369 1295 1445 ἀναφορὰ.
1319 1402 1344 1410 -

257 1468 273 1503 a
290 1450 398 1512 baiulis,
420 1454 466 1515 qui
482 1466 564 1503 onera
580 1450 705 1502 manibus
720 1463 784 1501 ver·
820 1450 904 1514 essse]
923 1449 962 1500 ct.
976 1465 1001 1500 v.
1015 1451 1077 1500 aad:
1096 1450 1193 1499 Fabato
1204 1450 1348 1499 satiasse

258 1530 332 1587 sent,
349 1528 493 1589 antequam
504 1528 532 1577 in
543 1526 671 1577 humeros
681 1524 782 1575 tollant.
820 1526 896 1575 οιοηο.
919 1522 1024 1584 Quintil.
1042 1524 1070 1584 a,
1089 1523 1119 1582 3,
1140 1525 1185 1574 ⁴8:
1215 1525 1349 1573 Venantum

258 1604 361 1652 Seneca
378 1601 412 1651 de
430 1603 526 1665 Tranq.
544 1614 588 1651 on.
608 1602 637 1661 s,
657 1601 687 1648 l:
704 1599 785 1649 Asad—
821 1610 885 1659 esse,
912 1599 978 1659 qood
1002 1612 1059 1646 eum
1083 1598 1170 1661 metio
1192 1599 1306 1660 pandora
1327 1602 1350 1645 et

258 1676 598 1736 mondoaettdcisdeipso,
616 1686 785 1736 quosuppre-
820 1684 908 1721 υοοιοοο
925 1672 1039 1733 demur,
1058 1676 1174 1733 apparet.
1196 1700 1223 1709 -
1242 1678 1290 1721 aut
1306 1684 1350 1735 syo
1441 1676 1442 1695 ¹

259 1750 357 1809 dim,
383 1756 407 1799 st
427 1749 494 1798 ciros
511 1752 612 1798 nostros
628 1760 686 1797 cum
702 1746 784 1807 robus,
820 1746 904 1811 ίοὶὶον]
922 1747 978 1797 llac
994 1745 1106 1796 tormula
1124 1748 1236 1796 utuntur
1251 1748 1286 1806 ii,
1306 1746 1350 1810 qul

259 1836 324 1885 quos
339 1824 460 1873 termut
470 1836 568 1881 summ,
586 1821 782 1883 conparandos.
822 1822 862 1871 rei
888 1835 903 1870 a
928 1834 957 1872 se
983 1820 1129 1871 alfirmatae
1150 1834 1261 1885 prorsus
1284 1821 1351 1871 certi

261 1898 337 1949 Dolet
357 1898 424 1947 enen
439 1909 535 1958 semper
554 1895 612 1957 plus
627 1908 678 1945 esse
691 1895 786 1943 urina
822 1896 892 1945 sunt.
919 1896 1021 1945 Seneca
1038 1894 1073 1945 de
1089 1896 1186 1957 Tronq.
1205 1908 1249 1944 an.
1269 1896 1303 1955 8,
1322 1895 1349 1943 ³:

261 1972 290 2021 is
314 1976 399 2021 actore
421 1983 498 2032 quom
517 1971 544 2018 is
565 1982 648 2019 ossrs.
671 1994 699 2003 -
725 1967 786 2029 quid
822 1970 871 2019 Aut
890 1982 935 2032 epo
956 1969 1034 2031 solim
1050 1973 1097 2017 out
1112 1982 1218 2031 rspuum
1233 1970 1352 2019 otiarer

259 2044 463 2109 [mercensem]
487 2044 594 2107 Eppt,
613 2044 642 2103 l,
657 2042 720 2092 258:
742 2054 787 2089 rssc
823 2055 928 2103 avaros,
961 2042 1199 2104 circumceptam,
1229 2042 1351 2104 tots-ones,

260 2132 330 2169 meu
340 2120 417 2169 audet
426 2119 486 2167 lissa
494 2122 591 2166 more
600 2117 696 2177 pudor,
709 2127 786 2175 quom
820 2117 963 2181 ploptortos
978 2130 1057 2167 unum
1072 2129 1135 2178 esse,
1153 2118 1193 2165 cui
1203 2118 1293 2167 noceri
1303 2132 1352 2167 sos

259 2193 533 2254 recreassemus.
549 2218 576 2226 -
590 2189 712 2252 potenter]
730 2201 787 2239 ose·
820 2192 907 2254 possit.
933 2192 1044 2255 Propter
1060 2190 1253 2253 ignorationem
1271 2191 1352 2241 nnius

262 2265 381 2317 cundum
408 2276 524 2329 poese,·
550 2262 710 2322 barbarum,
738 2262 787 2311 sed
824 2278 890 2315 usus
908 2262 983 2315 multi
1000 2266 1138 2313 mutarunt
1154 2264 1196 2314 in:
1217 2265 1290 2315 lead
1310 2280 1352 2329 epo

262 2341 367 2389 rectum
377 2337 509 2401 glossema
523 2338 549 2387 in
560 2336 625 2387 Cod.
639 2335 785 2395 laticense
823 2340 907 2403 fultor¹
935 2338 979 2403 (ts
999 2343 1040 2389 ton
1064 2340 1199 2388 transient
1215 2340 1276 2389 dont
1292 2345 1352 2389 cette

263 2409 356 2464 «κατὰ
372 2408 509 2477 δύναμιν,
527 2409 787 2475 proruentibus.»
824 2415 893 2472 lepos
908 2413 985 2463 ssroit
1006 2412 1181 2475 l'eepressiou,
1205 2426 1236 2464 ne
1251 2413 1352 2464 mavolt

263 2487 357 2550 (inutili
373 2488 497 2537 acumine
509 2484 676 2538 llerlslandus
689 2485 789 2546 puden
825 2489 942 2538 convenis
957 2501 993 2537 uu
1007 2486 1137 2537 omoclsirs
1153 2488 1286 2538 d'llorncs.
1301 2492 1351 2537 Go-

263 2569 313 2625 ter,
333 2562 470 2613 «modeste
488 2563 516 2610 et
531 2560 633 2610 ratione
650 2557 740 2608 hahita
752 2558 789 2607 vi·
825 2562 893 2625 non.)
908 2587 935 2598 -
952 2563 982 2611 Ut
993 2563 1046 2611 iarn
1057 2562 1270 2625 swwdicotcem
1282 2564 1351 2613 Vera

263 2639 332 2687 rium
349 2650 490 2697 anamma·
509 2637 575 2685 utv.
586 2634 637 2696 st.)
652 2662 679 2671 -
697 2634 789 2697 [wm-
826 2638 853 2686 h.
863 2636 881 2687 l.
894 2638 1076 2700 interpretatio
1088 2637 1155 2687 haec
1165 2640 1219 2687 est:
1241 2638 1288 2689 ullt
1301 2639 1351 2687 iem

264 2711 316 2772 dio]
340 2712 395 2762 «Ea
413 2711 497 2761 virtus
515 2709 641 2759 orationis
659 2709 712 2768 est,
737 2720 788 2770 que
826 2722 898 2759 nnnc
915 2708 986 2759 dicat
1002 2719 1048 2767 ea,
1066 2722 1135 2771 quae
1153 2722 1182 2758 re
1199 2722 1264 2759 vera
1281 2722 1351 2760 nunc

264 2798 333 2848 quae
350 2785 476 2835 dicuntur
490 2797 543 2835 nou
555 2796 570 2832 a
581 2783 720 2847 scriptore,
740 2779 788 2831 sed
826 2784 915 2848 ipsum
932 2783 983 2833 dici
1000 2781 1113 2845 dehent,
1138 2783 1166 2833 id
1183 2786 1236 2844 est,
1256 2798 1351 2836 neccs-

263 2857 343 2916 ultro,
361 2856 789 2921 erseipsiaatqueadeonatma
827 2859 908 2919 saria,
937 2856 1061 2907 videlicet
1088 2871 1138 2918 ea,
1168 2858 1224 2909 sine
1254 2858 1351 2921 quibus

264 2930 373 2995 prodire
393 2931 550 2992 videantur,
586 2929 657 2979 unde
681 2930 790 2979 Homeri
827 2934 934 2983 omnino
960 2944 1010 2982 nec
1031 2944 1126 2982 sensus
1149 2933 1246 2996 poetae
1264 2946 1350 2996 neque

263 3007 388 3067 poemata
416 3005 444 3052 el
460 3004 579 3066 picturae
601 3003 754 3053 Nicomachi
774 3016 788 3052 a
826 3007 948 3065 historia,
967 3018 1050 3069 quam
1062 3006 1177 3069 exponit,
1191 3008 1351 3069 nequeima

266 3077 373 3127 Graecis
400 3071 576 3136 αὐτοσχέδια
602 3076 789 3127 dicebantur.»
827 3082 901 3145 gines
913 3082 941 3129 et
953 3081 1178 3143 comparationes,
1195 3080 1295 3143 quibus
1306 3082 1350 3130 uti

264 3151 351 3199 Vicus.
364 3178 392 3186 -
405 3151 502 3200 lucidm
511 3150 581 3214 ordo]
590 3151 639 3200 llic
649 3151 744 3200 transit
755 3150 790 3199 ad
827 3158 881 3215 tur,
901 3168 915 3204 a
928 3153 1026 3205 lectore
1039 3154 1145 3217 intelligi
1157 3158 1283 3218 possent;
1298 3156 1349 3217 pto-

264 3223 401 3285 ordinem,
421 3237 502 3289 quem
519 3224 709 3287 lechnograplri
726 3220 791 3275 διά-
826 3241 908 3290 roque
920 3228 1067 3293 (permulta)
1081 3231 1185 3289 autem,
1205 3242 1276 3291 quae
1289 3229 1349 3280 alim

263 3299 359 3360 deora,
378 3300 595 3364 dispositionem,
613 3302 719 3349 vocant.
732 3300 787 3349 scr.
827 3306 905 3367 poete
924 3304 1010 3353 minus
1027 3304 1144 3366 peritus,
1163 3307 1215 3352 toto
1231 3317 1304 3355 socco
1318 3318 1350 3353 se·
1441 3304 1442 3329 ³

264 3374 508 3436 adlter.t,t,3:
526 3374 662 3436 Dispositio
678 3375 791 3423 estordo
826 3392 895 3437 rests,
923 3378 972 3428 etsi
997 3391 1050 3427 non
1072 3390 1182 3441 prorsus
1201 3380 1348 3431 necessaria
1441 3416 1442 3419 η

264 3450 435 3501 etdtstrtlmtio
443 3463 542 3511 rerum,
556 3450 789 3511 comtempserat,
828 3454 881 3501 ianr
898 3452 941 3502 hic
959 3451 1130 3512 inculcasset,
1151 3451 1260 3503 dilserat
1277 3456 1303 3504 in
1317 3452 1350 3501 lc

264 3525 325 3587 quid
336 3525 423 3588 οιοᾷὁω
434 3525 494 3574 loeis
503 3526 535 3574 sit
544 3524 725 3575 mammeam.
740 3525 791 3585 Op·
827 3539 890 3577 cum
907 3526 991 3589 magis
1003 3528 1184 3589 opportunum
1196 3530 1280 3589 atque
1292 3540 1348 3592 pro-

264 3600 372 3662 ponitur
382 3597 417 3669 τῇ
430 3593 553 3669 εὑρέσει,
571 3598 723 3650 inventioni.
743 3600 791 3649 lae
827 3604 919 3665 pterea
931 3600 1119 3664 inpraesentia
1131 3601 1252 3662 omittat,
1271 3602 1348 3663 magis

264 3674 334 3722 cidrss
350 3675 439 3723 autem
456 3674 518 3723 ordo
534 3673 643 3734 dicitur,
663 3674 723 3736 quia
742 3687 791 3738 per
827 3675 969 3725 artificioso
982 3677 1009 3725 et
1020 3674 1220 3739 poeticoordini
1232 3676 1347 3729 studens,

265 3761 295 3797 se
308 3748 366 3809 ipse
377 3746 541 3810 permultum
553 3749 699 3799 conlertad
711 3762 791 3811 argu·
827 3754 857 3800 nt
873 3762 1033 3813 suspensum
1051 3750 1141 3799 teneat
1157 3747 1301 3808 lectorem;
1325 3750 1347 3797 et

265 3822 388 3871 mentum
405 3821 545 3883 ipsamque
563 3825 710 3874 orationem
727 3836 791 3887 per·
828 3823 937 3887 quidem
956 3823 1005 3883 ita,
1032 3824 1061 3873 ut
1078 3823 1255 3887 persentiscat
1271 3822 1348 3873 lector

265 3894 386 3957 spicuam
403 3893 577 3945 reddendam.
601 3896 665 3945 Vide
678 3899 751 3946 Poet.
765 3897 789 3956 3,
828 3899 934 3957 ocutus,
948 3910 996 3947 cur
1008 3898 1079 3947 hunc
1088 3894 1195 3961 μῦθον,
1208 3897 1279 3947 hanc
1289 3908 1347 3947 sen-

263 3969 312 4018 20:
339 3969 382 4018 llls
404 3980 452 4032 spo
466 3969 528 4029 nm,
555 3972 597 4020 eui
612 3972 719 4022 Pisrtdes
735 3972 792 4021 dart
829 3971 936 4021 tentiam
949 3968 990 4021 vel
1008 3970 1076 4021 hanc
1093 3970 1236 4032 imaginem
1248 3968 1345 4026 mnam,

264 4043 380 4091 emino
403 4043 492 4092 llusae
513 4044 617 4093 tamine
641 4046 714 4096 eluro
736 4058 789 4107 suo,
828 4058 860 4095 aa
877 4044 998 4097 consulto
1010 4046 1038 4095 et
1049 4056 1110 4095 cum
1122 4042 1222 4094 dilectu
1234 4042 1344 4108 quodam

264 4121 383 4167 οοιονοοο
397 4117 461 4166 silit
477 4117 566 4181 indlpo
581 4119 660 4169 lucis!
828 4120 883 4183 (oon
898 4120 993 4183 cmm)
1011 4132 1075 4171 usus
1093 4119 1140 4181 sit,
1159 4116 1238 4182 elias,
1257 4120 1282 4168 in
1295 4116 1346 4179 qui-
