2925 4892
268 345 331 413 att
658 343 987 398 uomnrsannnaun

313 503 393 569 Cum
417 502 527 589 rapies
547 501 581 565 in
603 500 654 566 ius
675 498 768 566 malis
790 497 948 566 ridentem
971 499 1097 578 olienis,

265 632 270 636 ’
311 624 479 710 Fietaper.
495 620 592 688 modo
607 622 685 697 avis,
701 619 799 687 modo
813 641 927 686 saxum
942 631 982 696 et,
999 641 1073 688 cum
1084 621 1177 701 volet,
1193 623 1297 690 arbor.

312 744 345 811 Si
368 743 452 810 male
475 764 543 810 rem
566 763 682 830 gerere
704 742 809 808 insani
831 751 895 819 est,
920 752 1032 808 contra
1053 742 1153 820 bene,
1177 745 1263 820 sani,

311 863 457 932 Putidius
480 863 580 930 multo
602 862 774 930 cerebrum
796 871 859 938 est,
883 861 1095 940 mihicrede,
1120 863 1238 942 Perilli,
1318 867 1359 930 75

311 986 480 1060 Dictantis,
504 983 594 1072 quod
616 995 650 1049 tn
673 1003 837 1070 nunquam
859 983 1042 1050 rescribere
1067 985 1182 1071 possis.

336 1193 376 1243 m.
395 1195 455 1242 toro
471 1191 506 1241 bc
523 1194 551 1240 et
567 1191 683 1240 Pottierli
700 1193 808 1254 praeter
824 1201 908 1238 unum
925 1201 1035 1250 omnes,
1056 1189 1175 1243 Aldinae.
1212 1194 1251 1256 (Ut
1264 1206 1322 1254 nos,

303 1271 338 1334 Sp
356 1270 469 1318 elanus
487 1265 607 1316 Pottierii
624 1267 653 1314 N.
673 1265 708 1326 6.)
738 1289 764 1300 -
792 1263 831 1314 74.
860 1265 956 1326 imant,
983 1271 1072 1316 contro
1089 1267 1148 1318 bero
1168 1269 1224 1318 scol
1240 1275 1276 1319 est
1293 1282 1326 1320 ex

270 1445 418 1511 proderunt
429 1439 615 1494 cautionesvel
628 1438 796 1490 callidissime
833 1452 916 1491 necao
929 1438 1013 1491 Clem.
1028 1442 1055 1502 4,
1070 1443 1115 1492 ⁴2:
1135 1445 1265 1494 tooumre
1280 1445 1307 1493 in
1314 1457 1359 1506 pe-

205 1561 208 1566 .
270 1520 447 1582 excogitatam
474 1514 545 1566 millo
570 1515 666 1577 effugia
688 1515 716 1564 el
737 1511 796 1563 lali·
831 1513 914 1563 riculo
935 1515 1046 1564 lovetot
1066 1515 1151 1567 olicoo
1167 1519 1257 1568 animo
1272 1517 1356 1580 oboli,

269 1593 334 1645 bula
353 1593 471 1642 inveniet
493 1589 548 1640 ille:
576 1592 604 1639 tu
620 1588 720 1652 perdes
737 1601 795 1640 rem
833 1588 929 1639 «vium
961 1589 1103 1652 prodigere
1135 1593 1275 1655 umquam
1304 1605 1359 1642 non

271 1671 360 1728 tnam;
379 1666 501 1728 adeoque
518 1664 652 1723 insanisti,
671 1675 734 1714 cum
751 1662 796 1713 tali
831 1675 940 1722 suumn
958 1664 1038 1715 Cone.
1052 1664 1087 1714 ad
1104 1663 1177 1715 Helu.
1191 1666 1219 1716 3:
1245 1667 1359 1716 coeant

270 1743 371 1794 bomini
383 1753 508 1791 nummos
520 1737 720 1789 credidisti»-
735 1738 796 1788 Οανι
831 1738 945 1798 patpmvis
969 1737 1074 1800 confossi
1097 1740 1223 1800 patienter
1250 1753 1282 1790 oo
1305 1741 1359 1790 doe

269 1818 355 1879 raptos
364 1816 391 1865 in
402 1813 450 1877 tata]
462 1815 564 1878 Rapere
577 1814 604 1863 in
615 1813 656 1862 ius
668 1811 735 1862 collo
745 1811 796 1862 ob·
830 1813 925 1875 penita
938 1812 1005 1864 vetut
1015 1813 1105 1882 alicam
1121 1827 1230 1876 corporo
1243 1816 1360 1864 comem

270 1893 340 1941 torto
351 1888 450 1940 licebat
464 1888 491 1937 in
506 1886 619 1950 publicis
629 1887 678 1936 viis
689 1885 796 1936 debito-
829 1887 978 1948 potiuntur:
1004 1885 1078 1950 quo'd
1101 1888 1214 1952 praeivit
1235 1890 1356 1952 Thucyd.

270 1977 343 2025 rem,
362 1964 408 2027 qui
417 1962 546 2012 indicium
556 1960 712 2021 deserebat,
730 1973 796 2010 cau·
832 1961 860 2022 4,
879 1961 927 2010 7οι
957 1964 1020 2024 τοῖς
1043 1961 1097 2026 μὲν
1115 1959 1250 2027 σώμασιν
1267 1958 1358 2014 ἄλλο·

270 2041 372 2090 tionem
383 2037 474 2087 datam
490 2035 695 2099 subterlugiens.
727 2033 794 2086 uate
831 2031 998 2107 τριωτάτοις
1009 2031 1080 2106 ὑπὲρ
1089 2035 1141 2103 τῆς
1149 2033 1260 2100 πόλεως
1268 2036 1359 2109 χρῶν-

271 2113 336 2164 olim
349 2110 500 2174 legebatur:
523 2112 551 2159 to
568 2110 629 2158 iuro
649 2107 700 2172 (de)
720 2109 796 2158 molis
831 2123 891 2168 ται,
903 2107 938 2181 τῇ
949 2106 1050 2182 γνώμῃ
1061 2109 1093 2162 ot
1106 2109 1269 2184 οἰκειοτάτῃ
1281 2111 1354 2174 κτλ,

269 2189 392 2237 mean
402 2185 500 2243 olianta
520 2197 585 2233 vera
596 2182 675 2233 lectio
685 2183 796 2232 restilu-
831 2185 877 2236 ubi
887 2185 1268 2238 Goellerusconsulendusesl.
1280 2188 1356 2239 Conl.

270 2263 298 2313 ta
320 2262 362 2310 est
382 2272 416 2309 ex
432 2260 536 2310 Comm.
560 2258 641 2320 Cruq.
664 2259 691 2307 et
708 2255 793 2307 codd.
832 2262 912 2311 laocr.
931 2263 1027 2323 Paneg.
1040 2261 1064 2324 3.
1078 2262 1124 2312 86:
1143 2255 1240 2333 ὥσπερ
1258 2260 1289 2313 ἐν
1306 2257 1358 2312 ἀλ-

270 2330 797 2396 Bland.;nunquamdicitortotororo-
830 2333 956 2407 λοτρίαις
980 2340 1095 2400 ψυχαῖς
1118 2334 1270 2400 μέλλοντες
1296 2352 1358 2386 κιν-

266 2423 342 2473 pere,
361 2420 470 2471 semper
486 2407 513 2455 ln
528 2407 577 2455 iata.
596 2406 636 2456 Ci.
654 2407 706 2454 Sat.
726 2405 751 2465 4,
769 2407 793 2465 9,
830 2407 966 2462 dovao'atv.
986 2411 1020 2461 de
1047 2423 1112 2475 pace
1138 2412 1162 2476 5.
1182 2413 1230 2462 li:
1260 2403 1358 2482 ὥσπερ

270 2484 312 2534 77.
332 2509 360 2520 -
375 2481 472 2531 molta·
482 2480 578 2544 oltenia]
596 2480 733 2532 llanilesto
745 2492 795 2544 pe·
830 2484 861 2536 dv
878 2479 1014 2557 ἀλλοτρίᾳ
1030 2483 1065 2557 τῇ
1083 2484 1165 2536 πόλει
1176 2483 1358 2538 κινδυνεύον-

270 2558 348 2608 litum
365 2559 456 2607 estex
473 2554 568 2618 Odyas.
587 2570 616 2616 o,
636 2554 701 2605 als:
719 2569 795 2619 μνη-
830 2574 884 2622 τες.
919 2561 1010 2623 ltaque
1027 2560 1102 2610 molis
1116 2561 1200 2611 ridere
1216 2561 1305 2611 diceb
1316 2563 1357 2612 cst

269 2629 376 2703 στῆρσι
391 2627 423 2680 δὲ
441 2626 558 2690 Παλλὰς
571 2623 678 2694 Ἀθήνη
692 2623 795 2690 “Acce
831 2635 882 2685 «ita
898 2633 1000 2694 ridere,
1019 2647 1051 2684 ac
1063 2635 1156 2697 siquis
1168 2635 1201 2684 ad
1213 2634 1356 2686 ridendum

269 2721 341 2758 mov
357 2704 430 2772 γέλω
444 2696 533 2774 ὦρσε,
553 2700 748 2776 παρέπλαγξεν
763 2701 794 2754 δὲ
830 2711 951 2758 uteretur
963 2707 1048 2759 bucca
1067 2722 1120 2760 noo
1136 2723 1198 2770 sua,
1220 2709 1269 2760 sed
1290 2708 1356 2760 alie·

268 2777 376 2847 νόημα,
411 2781 448 2830 0t
462 2777 486 2830 δ’
499 2773 555 2845 ἤδη
571 2779 731 2845 γναθμοῖσι
747 2793 795 2845 ye-
829 2796 894 2843 napa
922 2782 1002 2846 idque
1019 2783 1150 2846 significat
1165 2798 1217 2835 non
1235 2787 1306 2844 lam,
1327 2787 1358 2834 ut

269 2854 357 2906 λοίων
381 2849 659 2925 ἀλλοτρίοισιν,--
673 2849 747 2904 ὅσσα
770 2852 794 2905 δ’
830 2869 924 2908 rursus
941 2855 982 2906 clii
1006 2855 1112 2918 volunt,
1141 2872 1202 2909 aore
1227 2871 1259 2909 ac
1283 2857 1356 2908 voltu

268 2923 328 3000 ἄρα
343 2930 443 2990 σφέων
462 2924 629 2997 Δακρνόφιν
650 2927 795 2992 πὶμπλαν-
831 2931 980 2981 deformato
997 2931 1117 2992 ridere.»
1144 2947 1195 2982 nec
1214 2934 1284 2984 oolla
1304 2932 1357 2995 fol-

268 3017 319 3064 το,
345 3001 417 3069 γόον
440 3000 465 3051 δ’
485 2997 570 3052 ὠΐετο
593 2998 698 3066 θυμός.
747 3003 794 3055 Ubi
829 3019 886 3055 aum
909 3007 1022 3056 roaldem
1049 3006 1120 3067 (Tac.
1141 3011 1208 3058 Ano.
1230 3007 1261 3069 4,
1288 3008 1355 3070 60.),

268 3077 432 3129 Eustatbius:
465 3069 571 3126 Ἰστέον
593 3069 639 3126 ὅτι
660 3072 695 3127 τὸ
716 3092 795 3142 yvo·
831 3092 912 3144 quam
939 3079 1040 3130 «effuse
1064 3080 1186 3142 riderent
1212 3083 1356 3146 prepterea

268 3151 378 3218 opotg
399 3149 503 3219 γελᾷν
523 3147 725 3223 ἀλλοτρίαις
745 3153 794 3203 καὶ
830 3152 903 3216 quod
921 3155 1009 3204 certus
1023 3157 1065 3205 est
1081 3155 1265 3206 adversarium
1281 3154 1357 3206 litem

268 3223 491 3290 νῦνέπιπολάζει
499 3224 634 3292 λέγεσθαι
642 3239 795 3296 παροιμια-
829 3226 996 3291 perditurum
1021 3241 1092 3278 esse.
1127 3230 1190 3279 Mire
1214 3227 1357 3293 explicavit

268 3298 336 3365 κῶς.
382 3302 483 3352 Verum
508 3301 632 3352 Horatius
658 3300 793 3353 diversam
830 3304 911 3353 etiam
928 3303 1090 3367 Lannepius:
1111 3317 1178 3354 onon
1196 3306 1252 3356 suis
1268 3303 1355 3364 malis,

267 3376 412 3441 proverbio
436 3375 656 3439 significationem
684 3374 792 3437 tribuit;
829 3378 879 3428 sed
896 3377 1030 3439 animalis,
1050 3377 1126 3428 onius
1144 3376 1199 3440 ille,
1222 3378 1288 3428 dum
1305 3377 1356 3429 abs

267 3451 340 3516 apud
361 3452 509 3502 Homerum
531 3451 603 3500 enim
620 3449 678 3499 est:
705 3445 794 3518 «πρὸς
829 3455 855 3502 te
873 3453 899 3501 in
916 3451 1088 3515 insumitur,
1107 3451 1224 3504 lormam
1240 3451 1355 3511 indute»

266 3523 349 3586 βίαν,
374 3525 448 3576 inviti
470 3526 499 3574 et
517 3537 532 3573 a
550 3522 602 3574 deo
618 3523 703 3572 coacti
719 3525 793 3574 ride·
829 3527 896 3576 mire
914 3525 995 3575 etiam
1013 3527 1109 3576 Graser
1129 3527 1214 3577 Serm.
1232 3527 1308 3576 Soer.
1326 3539 1355 3591 p.

266 3598 335 3648 bant
348 3599 436 3660 proci.
455 3597 520 3649 dum
532 3597 628 3648 animis
638 3601 792 3648 maerente
829 3601 856 3650 94
867 3613 873 3648 :
893 3598 1083 3650 «crassitudine
1096 3597 1171 3650 elatis
1182 3603 1209 3649 ot
1220 3599 1356 3660 tumidis»

267 3673 297 3722 ut
309 3670 376 3734 (coll.
389 3671 438 3721 0d.
452 3671 482 3732 3,
496 3672 539 3732 44,
557 3672 603 3721 2⁴:
623 3671 691 3720 voltu
706 3671 792 3732 imile)
829 3675 940 3737 propter
961 3672 1076 3724 Platonis
1099 3671 1162 3725 illud
1183 3673 1217 3724 do
1242 3675 1309 3738 Hep.
1329 3674 1355 3725 8.

267 3745 390 3809 exposuit
412 3743 569 3805 bandinus,
595 3746 687 3808 uthuc
704 3747 793 3797 minus
829 3760 854 3810 p.
868 3747 925 3797 556.
942 3747 980 3796 D:
1006 3742 1114 3810 πολλὰς
1129 3741 1227 3806 ’ἔχοντι
1244 3743 1357 3819 σάρκας

267 3819 401 3882 apposite;
427 3818 573 3868 nonenim
598 3819 649 3869 boc
670 3819 742 3870 cadit
766 3821 792 3870 in
828 3815 991 3892 ἀλλοτρίας,
1019 3821 1046 3871 id
1067 3824 1121 3883 est,
1149 3823 1274 3886 «propter
1293 3823 1357 3888 pin·

266 3891 418 3943 debitorem
438 3894 493 3942 tam
513 3890 674 3944 malitiosum
691 3908 723 3945 ac
744 3909 792 3944 ve·
828 3893 972 3958 goedinem
989 3907 1228 3960 supervacaneos.»

265 3967 421 4017 teratorem.
456 3966 503 4017 Est
519 3966 634 4029 igitnrb.
647 3965 663 4017 l.
679 3967 790 4031 dictum,
861 3969 950 4019 73-76.
980 3969 1034 4020 Fiet
1057 3983 1120 4032 oper
1144 3969 1208 4034 cet]
1232 3969 1356 4033 Virgilius

266 4037 378 4090 utillud
394 4039 489 4103 Lysiae
506 4041 533 4089 in
549 4040 688 4104 Epitaphio
705 4041 730 4104 g.
744 4042 790 4094 at:
830 4043 976 4093 Homerum
993 4044 1110 4095 imitatus
1127 4046 1222 4107 Georg.
1241 4043 1270 4104 l,
1289 4043 1356 4096 tor:

266 4109 792 4186 Καλτὰςμὲνψαχὰςάλλοτρλαςδιὰ
828 4117 1117 4169 Ftetanioaobttoms
1140 4119 1357 4170 λοαλλααινα-
1456 4107 1457 4114 '

266 4184 319 4240 τὸν
335 4186 464 4241 θάνατον
480 4185 641 4256 κεκτῆσθαι
657 4188 728 4251 xvdc
747 4193 793 4242 se·
828 4205 876 4253 que
902 4193 976 4258 tiprt's
1003 4194 1205 4258 spumamque
1228 4195 1308 4246 droco
1332 4201 1358 4247 ot
