2925 4892
289 332 352 397 720
770 330 898 383 ttondit!

331 492 397 556 Nec
413 489 460 556 sic
475 488 624 575 incipies,
647 495 683 553 nt
704 487 841 573 scriptor
863 484 1006 575 cyclicus
1028 484 1118 553 olim:

335 613 530 704 «Fortunam
552 608 669 675 Priami
691 606 828 675 cantabo
850 616 883 673 et
905 605 1013 673 nobile
1034 604 1179 673 bollum.'’

356 780 413 831 436.
430 779 537 842 mmmm
556 778 641 838 bSTc,
660 777 733 839 ltogil
749 788 834 840 prope
855 788 964 835 omues,
989 776 1055 825 bct:
1082 774 1175 836 evetius
1192 774 1247 833 BE,
1263 788 1301 839 pr.
1318 790 1332 823 κ

324 859 352 905 et
368 866 437 905 corr.
456 856 483 917 ζ,
501 853 573 916 liegii
590 851 657 911 duo,
674 849 824 909 Bentleius,
844 844 896 900 ru.
917 876 944 885 -
964 848 1020 899 434.
1039 854 1159 899 emrtorat
1174 848 1255 899 nobile
1269 848 1297 898 li.

325 994 380 1044 iao.
399 994 450 1043 Noc
460 989 676 1054 rbindpimcctd
689 990 746 1039 lloc
755 988 813 1039 loco
851 990 987 1052 pararent;
1001 989 1098 1039 Arctini
1108 987 1223 1052 (olymp.
1236 989 1313 1045 4-4.)
1324 988 1361 1037 Ai-

292 1071 343 1131 (vv.
356 1065 487 1127 436-454.)
505 1078 520 1114 a
537 1076 637 1127 genere
654 1064 754 1126 tragico
772 1062 814 1112 di·
850 1060 962 1124 διοτίς,
988 1075 1058 1125 quae
1076 1062 1251 1113 continuabat
1267 1060 1360 1111 iliadem

291 1141 365 1205 gredi
382 1140 487 1189 videtur
497 1136 692 1194 tantummodo.
709 1150 738 1187 re
751 1148 813 1187 vera
851 1138 923 1187 corte
941 1148 1027 1200 caque
1039 1136 1073 1187 ad
1085 1148 1224 1187 armorum
1236 1134 1359 1193 iodicium

291 1228 344 1265 non
356 1212 513 1277 digreditur,
526 1210 575 1261 aed
587 1208 708 1274 exempla
721 1214 750 1260 et
760 1210 814 1260 vir·
848 1205 931 1272 Ἰλιὰς
947 1207 1051 1279 μικρά,
1077 1210 1154 1261 cuius
1171 1210 1287 1274 scriptor
1302 1210 1361 1259 tere-

291 1286 545 1339 tutumetvittornm
556 1283 731 1347 politicorum,
745 1296 814 1346 qnae
850 1283 930 1335 batur
945 1284 1062 1335 Leaobes
1079 1282 1195 1347 (olymp.
1212 1284 1272 1345 ab),
1288 1294 1361 1345 nique

290 1363 386 1413 attente
397 1358 512 1418 volebat,
528 1356 606 1420 longe
618 1356 719 1407 taciliua
730 1360 814 1421 repeti
850 1358 884 1409 ad
902 1353 953 1407 τὸν
969 1355 1100 1428 δοδρειον
1117 1354 1208 1406 ἵππον
1231 1359 1255 1407 in
1271 1358 1360 1406 troiam

290 1436 413 1500 poterant
429 1446 461 1481 en
479 1432 566 1495 politia
582 1432 666 1495 epicis
682 1442 764 1494 quam
782 1444 814 1479 er
850 1430 1043 1491 introductum
1073 1432 1172 1482 trctini
1200 1426 1282 1481 ’mon
1306 1430 1361 1499 rip

291 1506 552 1572 tragoediiaGraecis
568 1506 719 1568 horumque
736 1517 814 1554 oxor—
851 1520 910 1567 σις,
928 1501 1037 1556 Νόοτοι
1054 1506 1168 1555 heroum
1181 1504 1290 1569 abigia
1305 1506 1361 1569 locat
1431 1490 1432 1559 Ῑ

290 1583 350 1633 dlia.
376 1583 522 1644 Praecepta
539 1583 630 1631 autem
647 1581 703 1643 ipaa
720 1591 770 1642 per
784 1590 814 1629 aa
850 1577 954 1643 Olymp.
968 1580 1020 1639 444.)
1038 1580 1192 1643 compositi,
1213 1584 1305 1644 poema
1320 1592 1362 1627 zu·

290 1657 409 1722 spectata
434 1653 503 1705 taciti
523 1667 605 1717 opera
627 1654 662 1703 ad
685 1654 814 1715 tragicum
850 1650 992 1724 ράλληλου
1000 1652 1147 1716 Odysseae
1160 1652 1362 1719 lipiayortuliu·
1431 1662 1432 1671 ¹

290 1742 374 1795 genua
390 1728 525 1778 tmnaterri
542 1730 644 1791 queunt
660 1738 748 1791 neque
763 1726 815 1775 mi·
850 1728 998 1790 pemmonis
1011 1725 1123 1790 (olymp.
1135 1727 1201 1789 dd),
1216 1728 1361 1779 continuatio

290 1818 342 1855 nna
359 1801 393 1852 ad
409 1802 461 1851 boc
472 1802 607 1865 pertinent
616 1813 698 1864 quam
709 1800 744 1850 ad
757 1801 815 1864 epi·
851 1800 987 1863 Odysseae
1006 1813 1092 1863 usque
1109 1800 1144 1851 ad
1165 1800 1229 1853 Ulixi
1246 1804 1361 1855 morienti

290 1891 362 1929 cum.
389 1876 428 1926 Ad
446 1874 610 1938 tragoediam
627 1878 717 1924 autem
728 1872 814 1923 solam
851 1875 884 1924 da
897 1874 994 1937 quibua
1007 1874 1132 1925 omnibus
1143 1878 1221 1926 recte
1233 1874 1362 1925 Scholiasta

291 1951 430 2003 maniteato
447 1949 518 1999 redit
533 1962 557 1997 v.
572 1948 629 1997 4443.
650 1972 678 1983 -
697 1946 813 2010 κάρδον]
851 1947 995 1999 Clementis
1012 1946 1085 1998 Alex.
1105 1947 1151 1998 Ed.
1172 1950 1245 2013 Llps.
1264 1951 1291 1999 T.
1304 1947 1326 1998 4.
1339 1960 1361 2009 p.

290 2027 320 2075 ln
345 2026 396 2074 boc
419 2020 550 2073 vocabulo
574 2034 627 2071 non
643 2023 709 2085 puto
725 2022 814 2071 inaaae
851 2016 1245 2073 4ολι14υκλυκοικολοῡντω
1259 2020 1363 2085 nuptui

290 2099 416 2157 ironiam,
436 2108 519 2159 quam
537 2096 563 2145 ln
580 2108 613 2146 eo
629 2094 757 2145 odoratus
774 2097 816 2144 eat
850 2096 881 2145 ot
904 2092 939 2145 τὰ
963 2092 1059 2162 κύκλῳ
1084 2093 1137 2161 τῆς
1154 2090 1275 2159 Ἰλιάδος
1296 2094 1362 2158 (adde
1431 2134 1432 2179 ,

289 2170 447 2220 walctrerua
464 2170 517 2218 der
527 2170 649 2231 epirotia
660 2168 771 2229 Cucios
784 2181 812 2232 p.
850 2171 1006 2233 Odysseam)
1025 2164 1046 2235 ἢ
1061 2166 1097 2221 τὰ
1115 2164 1216 2240 πρῶτα
1235 2166 1305 2236 vird
1319 2184 1362 2232 με·

291 2244 347 2293 itt.
367 2242 407 2293 Cl.
421 2246 451 2291 ll.
465 2245 491 2292 P.
506 2243 563 2291 lio.
576 2242 650 2302 235..
669 2243 733 2291 item
748 2242 812 2305 Epp.
849 2245 1036 2315 ταγονέστερα
1054 2240 1085 2307 ἐξ
1101 2238 1200 2295 αὐτῶν
1220 2244 1276 2295 τῶν
1288 2240 1362 2307 Ὁμη-

290 2318 316 2379 2,
330 2319 354 2376 l,
367 2316 407 2367 36.
423 2316 583 2387 qvotiens]
602 2317 675 2365 Hanc
690 2316 812 2375 formam,
850 2315 938 2389 ρικῶυ
954 2314 1187 2389 συγγράψαντες.
1216 2321 1313 2369 llorum
1323 2318 1363 2379 igi-

290 2392 382 2455 utpote
399 2401 452 2452 qua
468 2390 634 2452 grammatici
654 2388 813 2453 plerumque
850 2396 893 2443 tur·
909 2396 1062 2457 poetarum,
1089 2393 1134 2455 qui
1155 2390 1259 2457 aliquot
1276 2389 1360 2443 mcclii

290 2465 332 2515 nai
343 2464 405 2524 aint,
417 2464 550 2513 munaum
561 2466 701 2527 praeterea
712 2477 728 2513 n
740 2466 815 2527 quat·
849 2470 909 2531 poat
926 2467 1065 2517 llomarica
1081 2468 1202 2517 carmina
1214 2468 1247 2517 et
1258 2466 1310 2517 iere
1321 2465 1362 2515 loc

291 2542 353 2589 tuor
362 2538 431 2588 meis
442 2536 538 2598 cndu,
555 2550 619 2588 cum
633 2536 774 2587 Welctiem
786 2548 812 2599 p.
849 2542 906 2601 md,
931 2552 983 2603 qun
1002 2538 1036 2589 ad
1053 2552 1103 2591 noa
1120 2552 1284 2603 pervenere,
1307 2550 1362 2588 con-

291 2613 349 2663 ttl.
360 2610 482 2676 praefero
491 2610 567 2661 alteri
574 2611 676 2672 ονοδλω,
686 2612 736 2661 otai
745 2612 814 2661 banc
847 2615 936 2665 atltuta
953 2612 1113 2676 ssornenmt,
1130 2610 1301 2679 φιλολογίας
1310 2624 1361 2662 ma·
1431 2638 1432 2659 ;

289 2686 404 2750 praebet
419 2685 499 2735 etiam
516 2684 581 2735 cod.
594 2685 614 2734 B
628 2685 749 2735 omnium
765 2698 814 2735 on·
847 2689 895 2751 gis,
909 2700 991 2751 qnam
1001 2688 1122 2751 poeticae
1134 2687 1269 2751 dignitatis
1279 2699 1358 2745 canan.
1431 2710 1432 2723 .

291 2760 455 2823 uqmmimm
466 2762 494 2809 et
504 2757 635 2809 Polllnnuo
642 2756 748 2809 Antbol.
759 2758 812 2809 Pal.
849 2758 1000 2828 σύνταγμα
1016 2762 1209 2813 constituerant
1219 2760 1363 2814 Alexandri·

290 2836 321 2885 ll.
335 2848 361 2898 p.
375 2834 436 2884 δῦθι
456 2830 531 2895 roo<
546 2832 682 2896 κυκλίους
692 2829 813 2897 τούτους
849 2838 884 2896 nl,
897 2837 953 2887 suia
964 2834 1029 2886 locta
1041 2836 1146 2887 insertis
1157 2834 1239 2887 iliade
1251 2835 1363 2901 poale·

290 2902 359 2969 τοδς
369 2902 480 2977 αὐτὰρ
491 2902 610 2957 ἔπειτα
617 2906 752 2974 λέγοντας
761 2908 814 2959 Μι-
849 2912 915 2975 prin,
925 2910 1045 2972 odyssea
1055 2906 1264 2975 postNdctocffi
1276 2910 1309 2960 de
1317 2920 1362 2971 quo

289 2977 332 3031 οῶ
350 2977 425 3040 κτλ,
444 2980 489 3041 qui
512 2982 601 3031 tamon
618 2985 698 3045 poeta
714 2982 750 3032 de
767 2994 814 3032 ae-
849 2984 1080 3048 corporel‘hotiua
1089 2982 1154 3035 ch.
1168 2984 1232 3035 239:
1247 2977 1362 3035 σπουδά-

289 3052 414 3117 qualibus
429 3054 498 3115 alda,
517 3066 570 3104 non
587 3054 623 3105 de
639 3054 748 3118 cyclicis
764 3070 813 3107 an·
849 3065 923 3125 ζετω
939 3062 1001 3121 τοῖς
1019 3056 1150 3121 πολλοῖς,
1169 3053 1227 3119 οὐχ
1239 3050 1361 3110 οὕτωδιὰ

288 3128 369 3190 tiqnla
390 3125 462 3191 loqui
485 3140 586 3192 ooaqrm
611 3128 756 3193 intelligere
773 3131 814 3180 vi·
849 3126 1023 3205 τὴνάροτήυ,
1035 3128 1187 3199 ὠςδιὰτὴν
1196 3127 1361 3183 damnarem

289 3202 382 3265 detur,
409 3202 469 3267 qui,
495 3205 525 3254 ut
547 3205 589 3253 eat
603 3216 630 3252 v.
649 3202 718 3263 ⁴32..
744 3204 814 3255 οτύοο
848 3205 905 3258 τῶν
927 3206 958 3259 δυ
974 3202 1052 3273 αὐτῷ
1069 3203 1255 3278 πραγμάτων.
1280 3204 1360 3257 omnin

288 3278 362 3328 nilon
375 3277 540 3340 potldtnrcoc
552 3276 720 3327 niorabuntur
729 3277 814 3329 orbem
850 3284 922 3333 enim
931 3282 999 3333 baec
1008 3282 1126 3333 carmina
1136 3280 1237 3345 cyclica
1247 3279 1360 3333 carebam

290 3352 437 3403 Homerum
448 3352 541 3416 putide
549 3352 651 3404 imitati.
670 3354 813 3403 Poetamm
850 3356 1006 3407 oeconomia
1031 3354 1073 3406 illa
1101 3358 1206 3420 poetica
1233 3354 1360 3420 (erponi-

289 3428 381 3478 nutem
393 3424 815 3489 cycllcommnomineommmn-
849 3432 916 3481 sciro
932 3430 1088 3495 Einboit),
1107 3444 1160 3495 qua
1171 3430 1301 3481 excellunt
1311 3426 1359 3477 lliaa

289 3501 333 3551 tici
349 3498 519 3551 Alexandrini
535 3503 564 3550 et
578 3500 677 3551 lloratii
687 3498 814 3563 aequales
849 3508 876 3555 et
887 3503 1022 3566 Odyssea3
1042 3517 1074 3554 ac
1092 3503 1252 3569 plemmquo
1268 3516 1309 3554 rea
1323 3512 1359 3564 ge-

290 3587 338 3625 aoa
362 3575 531 3638 poosaimum
556 3573 812 3639 complectebantur,
848 3580 903 3629 siaa
920 3576 1065 3629 multorum
1079 3590 1161 3643 saepe
1172 3591 1301 3629 annorum
1311 3577 1358 3625 aine

290 3658 358 3710 quoa
379 3648 498 3697 nominat
516 3647 625 3699 Proclua
642 3650 668 3699 lo
685 3647 813 3699 Chresto·
849 3652 925 3715 copia
950 3649 992 3701 illa
1018 3650 1096 3703 beata
1118 3653 1234 3703 tenuiter
1249 3654 1277 3703 et
1291 3648 1358 3701 nimia

289 3719 405 3769 mathiae
422 3722 560 3784 Excerptin
575 3722 647 3785 apud
664 3723 693 3771 C.
707 3723 737 3771 G.
750 3719 813 3771 itiit-
849 3737 911 3775 cum
924 3724 1090 3789 simplicitate
1102 3725 1253 3777 clamabant.
1272 3725 1309 3776 ct.
1320 3724 1358 3772 im·

290 3790 375 3842 lemm
392 3791 427 3842 de
445 3793 528 3857 cyclo
539 3808 565 3858 p.
578 3794 619 3844 39.
638 3790 750 3845 8οο4τὰ
758 3792 813 3845 Kal·
848 3798 940 3861 primis
958 3800 986 3848 C.
1006 3800 1035 3849 0.
1055 3800 1192 3851 ltdllerum
1210 3802 1236 3851 in
1252 3801 1357 3850 censura

289 3878 359 3935 xpm
374 3866 469 3916 Staaini
486 3864 528 3916 vel
553 3868 689 3931 Hegesini,
715 3866 812 3933 quibua
847 3869 908 3920 libri
924 3870 1102 3923 Welcierianl
1117 3874 1254 3937 latiam
1272 3874 1314 3937 [tir
1326 3868 1357 3917 dia

289 3938 351 3989 inde
367 3937 403 3989 ab
420 3937 537 3991 llelanao
554 3945 632 4007 raptu
643 3942 812 4007 exponebam
846 3945 1062 3996 Aucrvimnawiaa.
1077 3947 1150 3998 4835.
1163 3950 1194 3998 N.
1206 3948 1272 4005 itt..
1284 3942 1357 4006 etqui

288 4015 333 4064 tur
357 4026 402 4063 reo
426 4012 461 4062 ad
486 4015 592 4066 Troiam
619 4018 680 4066 ante
705 4016 811 4067 Achillia
847 4022 931 4071 totam
948 4031 1007 4070 rem
1022 4019 1094 4071 clare
1104 4020 1273 4086 breviterque
1284 4014 1356 4081 expli·

289 4088 357 4138 iram
379 4090 485 4151 gastae,
509 4091 544 4140 lta
561 4093 592 4140 ot
606 4090 715 4141 lliadem
732 4104 812 4156 proo-
847 4095 931 4155 cavit,
958 4094 1060 4159 chbly
1081 4096 1108 4146 in
1126 4096 1210 4160 Bergi
1227 4098 1253 4147 et
1268 4095 1356 4145 Caesar

289 4160 728 4227 cederenteiuaqneargumentum
736 4178 812 4231 prae·
845 4167 960 4219 Zoitrctir.
972 4168 991 4229 f.
1001 4168 1031 4218 A.
1046 4168 1117 4221 4843.
1130 4183 1157 4233 p.
1169 4171 1225 4220 4444.
1243 4170 1354 4220 Ceterum
