2925 4892
524 361 583 410 ΗΒ.
603 361 622 411 l.
658 359 756 410 erist.
775 359 805 409 Il.
1151 353 1214 422 395

164 519 232 586 Cur
256 518 299 583 ita
321 515 532 594 crediderim,
557 513 618 582 nisi
640 514 720 604 quid
742 523 774 582 te
796 514 932 590 detinet,
955 513 1041 580 audi.
1194 515 1215 577 5

164 637 306 714 Fabula,
330 657 396 726 qua
418 636 545 704 Paridis
567 645 699 724 prepter
720 644 870 703 narratur
890 655 1036 703 amorem

164 760 304 828 Graecia
325 758 501 826 Barbariae
521 757 608 826 lento
631 755 741 826 collisa
766 757 893 835 duello,

165 880 345 948 Stultorum
367 902 481 968 regum
503 890 535 949 et
556 879 751 969 populorum
773 880 915 950 eontinet
934 890 1055 948 aestus.

188 1063 213 1112 e.
233 1062 333 1112 detinet
349 1059 394 1111 eIl.
415 1087 442 1096 —
463 1061 487 1112 8.
506 1065 602 1112 σιεινσι
618 1061 646 1111 Ε,

120 1243 165 1280 me
184 1229 319 1280 obscurus
330 1230 410 1293 atque
427 1225 598 1280 diffleiIIimus
609 1229 651 1280 in·
687 1245 750 1282 σοιν
765 1241 828 1282 ωσι
838 1232 913 1294 peine
927 1233 1020 1283 rendra
1030 1231 1048 1282 b
1057 1237 1130 1284 notra
1141 1237 1216 1297 poete

120 1304 239 1356 tellectu.
263 1304 348 1369 Epiet.
369 1304 477 1356 linehlr.
498 1303 544 1355 ta:
566 1297 651 1354 ’Όιαν
688 1307 787 1357 Heraea
808 1318 838 1355 su
862 1305 970 1370 leemps
994 1306 1126 1358 turonen
1153 1310 1213 1371 qui,

118 1393 161 1442 τις
184 1377 232 1428 ἐπὶ
252 1374 293 1446 τῷ
314 1382 393 1428 νοεῖν
412 1377 463 1428 καὶ
484 1373 651 1444 ἐξηγεῖσθαι
689 1380 754 1444 quid
776 1380 811 1430 slt
831 1382 883 1430 eet.
911 1381 988 1432 Iunas
1008 1381 1082 1431 lauru
1099 1383 1216 1435 haltrat

119 1450 267 1504 ὄννασθσι
291 1447 328 1502 τὰ
352 1451 528 1523 Χρυσίππου
550 1449 652 1513 βιβλία
687 1455 739 1506 IIr.
753 1455 850 1517 Gom.
863 1467 891 1519 p.
904 1453 1024 1519 XLVIII.)

119 1523 313 1592 σεμνύνηται,
329 1524 393 1593 Ityr
404 1519 493 1589 αὐτὸς
504 1521 577 1598 πρὸς
588 1525 652 1578 ἑαν-
720 1528 776 1579 ts.
799 1529 898 1593 menet]
915 1530 946 1579 V.
959 1529 1069 1580 datm
1083 1530 1216 1594 signiecat

117 1599 187 1663 τόν,
211 1594 259 1652 ὅτι
275 1601 312 1652 Εἰ
326 1598 369 1668 μὴ
386 1598 560 1674 Χρύσιππος
576 1595 652 1652 dua-
688 1599 806 1666 aliquem
823 1601 926 1666 longius
942 1602 1021 1654 solito
1038 1606 1130 1656 tenere
1142 1603 1214 1669 apud

117 1676 185 1741 φῶς
206 1672 375 1748 ἐγεγράφει,
403 1670 488 1727 οὐδὲν
512 1670 549 1726 ἂν
574 1672 651 1736 εἶχεν
688 1689 732 1738 ee,
751 1677 882 1737 urent,
900 1676 947 1739 33,
966 1678 1010 1728 te:
1033 1679 1216 1740 haeum·-

118 1743 224 1816 οὗτος,
244 1740 326 1818 ἐφ’«ῤ
343 1747 525 1817 ἐσεμνύνετο.
555 1751 652 1804 simin·
688 1752 771 1802 σνιιι
782 1753 1216 1815 praesentissimam

119 1832 160 1878 ter
171 1829 279 1879 hrrIan.
293 1825 378 1892 Epiet.
393 1823 501 1889 t,t,e.
516 1825 550 1877 de
562 1827 651 1878 Stoico
689 1827 853 1877 tradidinm‘
865 1826 1003 1888 dicuntur,
1021 1825 1214 1893 quiahaliqua

119 1900 235 1954 ridicule
256 1901 390 1966 superbo:
419 1889 522 1963 οὗτος,
547 1902 650 1966 φησιν,
687 1915 717 1952 ra
744 1903 917 1966 separantur,
943 1904 973 1952 ut
997 1903 1045 1953 0d,
1066 1901 1096 1964 t,
1119 1903 1147 1965 t,
1167 1903 1213 1953 tt:

119 1973 177 2044 ἤδη
199 1977 252 2028 καὶ
273 1973 309 2026 δι’
326 1970 418 2027 αὐτοῦ
433 1973 553 2026 δύναται
569 1970 651 2046 xpe.
688 1977 852 2027 θιιιισισιιιιηι
869 1977 1002 2040 (iuvenem
1024 1978 1116 2042 Notus)
1133 1979 1216 2041 spatio

118 2065 231 2105 emor
242 2046 459 2118 ἀναγινώσκειν.
478 2052 585 2102 hueian.
600 2053 651 2103 ha·
688 2052 787 2116 Ionpius
801 2065 889 2102 σινινο
903 2052 978 2102 Dulet
993 2053 1093 2104 dhtbret
1103 2067 1121 2103 a
1131 2055 1213 2105 domo.

118 2129 187 2193 pith.
208 2127 256 2178 30:
286 2121 407 2176 τοιαῦτα
431 2121 608 2196 ἐξεργάζεται
633 2120 650 2176 b
691 2153 718 2164 —
738 2125 843 2190 Fabula]
862 2130 892 2177 ut
909 2121 1019 2192 μῦθος,
1046 2129 1132 2179 tetum
1147 2133 1216 2193 pet·

118 2198 212 2264 καλὸς
237 2197 410 2290 Χρύσιππος
435 2203 485 2252 νισι
509 2198 611 2266 Ζήνων
633 2195 651 2251 ὁ
689 2202 768 2252 matis
784 2201 899 2263 heroici,
927 2202 953 2251 h.
972 2200 988 2253 l.
1005 2200 1108 2268 Illadls,
1134 2217 1216 2267 argu·

118 2279 296 2344 θανμσσπς
315 2277 365 2327 καὶ
381 2272 540 2342 Κλεάνθης,
559 2272 653 2348 ρημά-
689 2277 819 2328 mentum.
840 2301 868 2312 -
891 2277 1043 2343 Βσιὸσνισο]
1068 2279 1213 2343 Phrygiae,

118 2369 166 2404 τια
183 2349 317 2418 δύστηνα
332 2351 383 2402 καὶ
393 2349 547 2424 ἐρωτήσεις
556 2348 652 2417 μόνον
689 2353 718 2403 ut
728 2365 819 2417 saepe.
838 2353 939 2404 Ennius
949 2355 976 2404 in
987 2354 1175 2406 Andromacha
1185 2367 1214 2420 p.

118 2431 169 2481 nat
187 2424 331 2494 σχήματα
347 2423 530 2490 φιλοσόφων.
566 2427 651 2478 Ellam
689 2426 729 2478 bb.
743 2428 831 2479 Both:
850 2429 1175 2493 ahmeopoburbeea,
1188 2427 1216 2480 ld

120 2505 231 2555 llieron.
257 2503 338 2567 Epist.
368 2503 409 2552 bl.
439 2504 512 2553 notat
535 2507 652 2553 eontom
689 2504 744 2564 est,
761 2503 883 2566 Phrygia.
897 2504 944 2555 ed.
957 2505 983 2566 Ξ,
996 2503 1064 2566 I,9:
1081 2505 1216 2556 Barbarae

119 2578 392 2640 aseystppiwmttnu.
418 2575 485 2628 nihil
497 2579 587 2627 autem
600 2577 651 2628 hae
685 2582 822 2640 postquam
837 2568 1064 2629 memmae.
1093 2579 1216 2643 eaquae

120 2653 279 2704 contusione
298 2653 368 2703 inter
384 2664 426 2701 vv.
442 2651 520 2713 plana
537 2653 564 2702 et
576 2652 651 2714 plena
689 2651 878 2703 adnotavimus
889 2653 924 2702 ad
936 2653 1019 2716 Epod.
1032 2653 1057 2713 tl,
1070 2654 1095 2703 b.
1111 2679 1138 2689 -
1151 2654 1217 2703 tento

9 2717 10 2784 Ϊ
121 2729 300 2792 trequeutius.
320 2728 363 2777 Sic
372 2725 444 2790 apud
461 2727 516 2777 Cic.
529 2726 564 2776 ad
576 2727 648 2778 Fam.
688 2725 777 2776 cubitu
790 2726 879 2791 dudio]
892 2725 1218 2789 «lengehelloeontlieta

120 2803 151 2862 t,
171 2803 213 2852 49.
239 2800 331 2852 codex
349 2801 484 2854 Itedieeus
496 2801 652 2865 pensione,
689 2804 725 2861 ta,
738 2797 1051 2852 nolentercommnsa.»
1069 2802 1134 2865 epp.
1145 2802 1177 2862 2,
1189 2802 1215 2861 2,

121 2875 168 2926 uhi
189 2879 266 2926 reete
289 2888 432 2926 correxere
446 2877 600 2938 pluniutme.
621 2903 650 2914 -
689 2874 1215 2937 98:1,0ntosumntesuetentnaprtma

120 2951 217 3015 matius]
230 2951 283 3001 «ad
294 2963 387 3001 veram
402 2951 517 3002 hominis
529 2955 651 3002 naturam
689 2949 778 3000 duodo.
807 2950 872 2999 stat.
890 2949 973 3000 I'heh.
990 2951 1021 3012 b,
1039 2949 1103 3002 tae:
1128 2948 1217 3000 Amu-

122 3025 353 3077 aoeemmodatius
365 3027 445 3090 atque
458 3023 493 3076 ad
503 3025 653 3076 emendan—
689 3025 754 3074 tiosu
766 3023 825 3087 ptos
834 3025 929 3076 collidit
938 3025 1134 3090 plantabatur.
1157 3025 1218 3075 ilie·

9 3073 10 3118 ἶ
123 3103 171 3155 dos
188 3117 282 3154 meres
301 3102 435 3154 efficacius
453 3116 535 3167 quam
552 3103 653 3170 fltphi-
689 3112 748 3150 ren.
763 3099 844 3164 Epist.
864 3100 909 3151 lb:
936 3105 1031 3150 sehero
1048 3101 1136 3150 Oriens
1152 3099 1219 3149 buter

123 3177 299 3244 losephorum
320 3177 394 3229 tricis
414 3179 442 3228 et
467 3176 652 3241 amhagibus.»
689 3187 714 3225 re
736 3176 889 3238 poputum
911 3175 1000 3240 neore
1023 3176 1130 3226 rubium
1174 3175 1217 3226 Sic

127 3279 153 3290 -
166 3251 315 3317 Chi-pnppe]
334 3251 373 3304 CI.
388 3252 485 3314 Sati,
504 3252 530 3313 3,
550 3252 651 3316 Iibsq.
690 3245 870 3321 empurias.
904 3251 998 3303 Utrum
1019 3251 1088 3301 haee
1102 3263 1146 3301 vv.
1165 3249 1219 3300 sint

126 3353 152 3364 ·-
171 3327 305 3389 brumum]
324 3328 449 3389 Crantor,
476 3327 506 3376 ut
523 3327 654 3391 Chrysip-
690 3327 776 3378 exitus
792 3339 888 3377 versus
904 3326 1016 3376 Enniani
1032 3337 1134 3386 neone,
1152 3323 1218 3374 detl-

125 3413 183 3466 pus,
196 3401 330 3462 Solensis,
349 3400 504 3452 Xenocratis
516 3401 565 3452 tuit
576 3401 654 3454 dieei-
690 3401 742 3451 niri
757 3401 800 3450 vix
817 3401 921 3465 potest,
943 3411 1007 3449 eum
1028 3398 1152 3448 Horatius
1168 3395 1218 3446 ali-

126 3475 200 3539 pulus
212 3479 241 3527 et
253 3476 367 3528 Platonis
376 3476 489 3527 auditor.
506 3475 561 3526 Cle.
573 3477 650 3527 Tuse.
690 3475 796 3540 quoties
829 3476 919 3524 utatur
952 3472 1038 3523 torma
1065 3470 1216 3534 antiquiore

127 3549 194 3614 ab,
214 3552 261 3603 ta:
280 3551 390 3602 Οισιιιοι
400 3551 454 3614 tile,
473 3551 653 3614 puilnnoatra
689 3551 806 3601 duetus.
838 3547 964 3600 Consulto
988 3547 1079 3596 autem
1102 3557 1217 3609 praeoe-

127 3625 261 3677 Ieudemiu
275 3627 316 3676 oet
337 3626 463 3689 imprianir
482 3627 532 3690 brit
554 3627 650 3678 nobilis.
688 3623 816 3676 dentibus
838 3622 1005 3674 tenuioribus
1030 3621 1140 3686 epponIt
1155 3632 1219 3670 ven-

129 3701 205 3751 head.
225 3702 256 3762 Ξ,
275 3699 322 3762 tt,
342 3700 403 3752 tet:
430 3701 547 3765 Ieptmru
569 3713 653 3752 omme
689 3713 750 3751 sum
766 3711 831 3748 vere
848 3697 995 3748 heroicum.
1020 3722 1048 3731 -
1067 3694 1216 3759 Stultorum]

129 3773 650 3837 emouoatoruamuomteuonuu.
688 3775 800 3840 propter
824 3772 1044 3838 perversilatem,
1075 3783 1146 3835 quae
1171 3781 1218 3820 eos

129 3848 168 3898 Itrt
182 3851 441 3914 ertmnonesupnua,
458 3863 547 3901 venun
558 3864 652 3901 aureo-
689 3852 857 3900 transversos
878 3847 941 3910 θεὴ.
962 3873 990 3883 -
1009 3846 1101 3908 uestras]
1119 3844 1217 3895 «animi

130 3922 164 3974 lus
178 3931 214 3986 et,
236 3930 265 3976 ut
284 3925 404 3976 liberent
420 3926 556 3976 Ρσσσιιὲνν
572 3939 652 3989 prae-
689 3921 906 3988 perturbatioues
922 3920 1164 3971 vehementiores.»
1176 3916 1216 3969 ct,

129 3999 649 4062 ctpb,auvorbumebtoeanbuttbattm;
689 4001 742 4049 Sat.
765 4000 794 4060 t,
815 3998 845 4059 2,
867 3995 924 4046 tro.
954 3997 1022 4048 Max.
1043 3997 1105 4059 Tyr.
1127 3993 1155 4056 t,
1183 3991 1216 4042 t:

131 4083 206 4135 quem
223 4077 333 4126 secutus
345 4079 387 4126 est
398 4076 493 4126 Cicero
506 4076 532 4124 in
543 4074 650 4126 Tuscul.
689 4069 741 4123 τὸν
757 4066 810 4139 τῆς
826 4066 930 4137 ψυχῆς
946 4065 1047 4122 σάλον.
1076 4070 1148 4132 virg.
1164 4065 1217 4117 Cir.

131 4143 191 4199 llbro
208 4151 297 4215 primo
314 4153 342 4201 et
362 4149 517 4201 Plutarchus
535 4150 562 4200 iu
580 4150 651 4200 con·
689 4147 751 4200 ate:
775 4147 893 4199 mittebas
908 4144 989 4198 uomit
1003 4145 1162 4196 relwuvsrut
1177 4151 1218 4190 ue·

131 4222 252 4277 suhtiona
266 4225 301 4276 ad
311 4223 487 4292 Apollonium.
502 4223 650 4290 (Nouapou-
688 4228 748 4274 stru.
