2925 4892
234 297 297 360 456
600 296 729 346 nonani
747 295 968 347 nonromauu

277 455 343 519 Nec
365 471 513 518 somnum
535 450 640 537 plebis
662 449 761 517 leudo
783 461 873 516 satur
895 449 1043 525 altilium,
1071 469 1133 516 nec
1286 451 1329 514 35

278 573 351 640 Otia
374 573 492 640 divitiis
514 571 655 674 Arabum
676 571 841 638 liberrima
862 581 961 638 mutu.

279 695 385 782 Saepe
408 692 631 761 verecundum
653 675 806 770 laudasti,
830 713 954 781 rexque
977 703 1134 781 paterque

277 815 401 882 Audisti
425 837 550 891 coram,
575 837 637 883 nec
659 815 761 882 verbo
783 814 913 903 parcius
934 812 1068 882 absens:

185 1015 191 1028 Ι
277 938 420 1025 Inspice,
445 938 472 1003 si
494 958 630 1024 possum
653 937 773 1003 donata
794 957 955 1024 reponere
977 936 1090 1003 laetus.

268 1058 371 1125 -Haud
395 1058 477 1124 male
501 1056 725 1134 Telemachus,
750 1055 859 1144 proles
881 1057 1031 1144 patientis
1052 1055 1171 1126 Ulixei:
1285 1058 1328 1122 ll)

268 1246 308 1297 io.
322 1248 390 1298 Haut
405 1247 468 1298 bSd.
486 1275 511 1283 -
525 1248 645 1310 sapientis
656 1246 741 1298 Codd.
752 1244 825 1310 aliq,
844 1249 874 1296 ut
889 1244 997 1296 volebat
1008 1245 1152 1296 Markland.
1168 1272 1195 1280 -
1212 1246 1295 1295 lll'aoei

232 1405 346 1456 tiooeob
363 1406 692 1468 inimiclscompelloboter.
717 1407 760 1456 Sic
797 1406 861 1457 Coo
885 1406 909 1454 li
933 1405 1005 1454 suoi
1032 1405 1123 1466 doni,
1151 1418 1215 1453 noo
1241 1405 1284 1454 oei
1312 1404 1328 1454 ὁ

232 1479 430 1542 compellationes
450 1477 565 1530 leniores
586 1483 648 1531 sunt
667 1479 760 1530 obiur-
797 1478 909 1529 acerbo
926 1479 961 1529 ed
977 1492 1053 1528 oero
1069 1479 1228 1539 ileaderli,
1245 1492 1260 1528 e
1275 1484 1328 1528 tor

233 1556 352 1619 gationes
370 1555 492 1605 Ciceroni
510 1555 544 1606 ad
561 1556 634 1606 Fam.
649 1557 694 1617 ⁴2,
712 1557 758 1617 25,
796 1555 829 1604 lo
852 1553 966 1604 liberte
986 1553 1048 1602 mio
1064 1553 1176 1615 primo.
1211 1554 1327 1604 Omnino

231 1631 257 1681 2.
287 1629 344 1680 Noli
369 1632 458 1679 aulem
481 1629 592 1679 credere
619 1629 759 1681 Gruebelio
796 1628 877 1679 nimis
893 1626 966 1677 obliti
982 1629 1045 1678 sunl
1067 1628 1227 1690 interpretes
1243 1640 1328 1692 prae-

232 1704 343 1767 aliisque
362 1703 567 1766 Interprelibus,
587 1704 724 1754 Horatium
744 1717 760 1754 a
796 1707 838 1754 ter
854 1702 1005 1754 lacobsium
1022 1699 1145 1766 plerique
1161 1699 1247 1750 medlo
1258 1699 1326 1752 libo-

232 1781 386 1830 Maecenate
404 1777 557 1828 huiusmodi
574 1779 761 1841 compellatione
795 1779 896 1828 riorem
923 1777 1005 1826 luisse
1034 1775 1106 1840 apud
1133 1773 1202 1825 illius
1230 1776 1327 1827 aetatis
1451 1808 1452 1845 3

232 1855 288 1905 sive
306 1851 491 1914 obiurgatione
508 1865 629 1916 unquam
645 1853 761 1915 castiga·
795 1853 930 1902 Romanos
952 1852 1033 1912 atque
1055 1849 1135 1902 Italos
1155 1851 1215 1900 Sec.
1235 1850 1325 1900 XIV·
1354 1868 1358 1872 ’
1451 1872 1452 1883 ¹

232 1931 290 1978 tum
308 1939 381 1987 esse,
402 1927 528 1989 quocirca
540 1927 618 1977 huius
631 1926 759 1991 epistolae
796 1926 860 1974 XVI.
878 1923 1006 1987 loquendi
1023 1925 1104 1974 etiam
1121 1937 1185 1975 cum
1206 1925 1327 1988 potenti-

232 1999 392 2053 scribendae
419 1998 559 2050 consilium
588 2002 698 2064 ceperit.
729 2027 757 2036 —
795 1997 848 2048 bus
872 1999 966 2049 amicis
991 1998 1215 2050 cousuetudinem
1242 2011 1327 2063 quam

232 2073 339 2138 resipno]
352 2072 419 2122 Vide
431 2073 479 2124 Od.
494 2075 523 2135 3,
536 2075 582 2136 29,
595 2074 636 2126 lt.
651 2075 758 2125 «emnia
796 2075 915 2122 nostram
936 2071 1063 2123 servilem
1083 2085 1117 2122 ec
1139 2071 1243 2124 falsam.
1274 2075 1327 2136 (sie

232 2147 345 2198 reddo.»
374 2147 431 2196 Hoc
448 2148 526 2210 igilur
542 2148 620 2198 dicit:
644 2148 759 2208 «Quodsi
796 2147 852 2196 iere
864 2150 986 2197 senserat
1003 2147 1057 2197 iam
1068 2147 1239 2198 schiracbius
1250 2147 1324 2198 Clau.

232 2235 262 2272 re
274 2234 339 2272 vera
351 2220 378 2270 in
390 2233 434 2270 me
446 2234 554 2286 quoque
566 2221 680 2285 quadrat
690 2223 760 2272 ima·
796 2221 885 2270 Horat.
898 2234 924 2285 p.
935 2221 1005 2284 325.)
1030 2219 1085 2271 Tali
1097 2223 1188 2270 autem
1199 2220 1326 2272 libertale

233 2311 267 2359 go
289 2295 445 2360 vulpeculae
469 2295 537 2346 illius
561 2297 654 2346 avidae
678 2299 759 2359 atque
797 2295 833 2357 (in
856 2307 910 2359 qua
930 2294 1052 2360 pruieelo
1073 2293 1136 2345 nihil
1157 2295 1229 2345 inest
1249 2297 1326 2347 inur-

233 2369 411 2432 inconsultae,
439 2383 527 2434 neque
554 2371 629 2421 aliter
649 2369 758 2421 liberta-
795 2368 859 2418 bani
876 2371 923 2419 aut
938 2370 1017 2420 nimis
1034 2368 1111 2420 calidi
1128 2372 1174 2419 eut
1194 2370 1325 2432 iracundi)

234 2448 289 2496 tem
306 2458 468 2510 recuperare
485 2457 596 2510 possum
614 2447 664 2496 nisi
675 2447 760 2497 omni-
796 2444 906 2493 miuime
919 2443 1019 2493 offendi
1035 2457 1116 2508 posee
1128 2445 1324 2506 Maecenatem,

231 2521 297 2583 bus,
316 2533 386 2584 quae
399 2520 469 2570 dono
482 2521 589 2585 accepi,
608 2521 760 2571 renuntian-
796 2520 904 2568 ceteros
920 2517 1049 2580 lectores,
1068 2519 1115 2582 qui
1131 2515 1327 2589 παραδοξοτεὲ

232 2598 280 2660 do,
300 2596 352 2647 hoc
368 2594 437 2646 ultro
455 2595 563 2655 laciam;
583 2609 633 2646 nec
650 2596 701 2645 hoc
717 2596 759 2645 ni·
795 2609 852 2663 ρως
869 2594 951 2643 etiam
967 2591 1034 2643 tales
1050 2592 1124 2643 locos
1135 2606 1150 2642 a
1161 2595 1257 2645 stoicis
1268 2599 1326 2646 lra-

233 2673 284 2722 mis
301 2671 406 2722 difficile
426 2671 489 2736 mibi
513 2672 575 2731 eril;
603 2684 680 2721 nam·
704 2672 757 2720 cet.
796 2669 861 2717 clari
873 2680 955 2731 saepe
968 2669 1070 2731 experti
1081 2670 1171 2729 erent,
1190 2667 1269 2719 valde
1280 2669 1326 2721 his

234 2771 262 2782 —
289 2747 340 2796 Nec
364 2759 478 2796 emonem
503 2746 565 2810 cet]
593 2747 680 2795 «Nam
705 2757 758 2795 non
796 2740 959 2792 delectatum
976 2742 1008 2790 iri
1025 2742 1216 2806 optimenorat
1232 2746 1323 2806 poeta.

232 2823 290 2868 tum
308 2819 432 2881 demum,
457 2833 519 2870 cum
536 2823 611 2869 satur
627 2832 688 2869 sum
709 2817 759 2882 gli·
798 2845 825 2853 -
844 2817 937 2867 divitiis
951 2816 1073 2880 bobun]
1091 2817 1139 2867 0d.
1162 2819 1190 2878 t,
1217 2818 1263 2879 29,
1292 2820 1323 2867 t:

234 2893 316 2954 rium,
335 2891 471 2956 leporum,
490 2893 647 2954 turdorum,
660 2897 759 2957 attage-
795 2891 1022 2942 omae-Arabon
1041 2891 1123 2954 posia.
1154 2891 1203 2942 ud.
1220 2891 1250 2952 3,
1272 2892 1323 2954 24,

233 2977 312 3026 num,
343 2965 409 3017 dicis
437 2979 518 3018 causa
546 2966 656 3018 laudare
684 2968 758 3019 soleo
797 2965 1325 3028 ⁴:1ntoettsopoletoterrlesourtrdro-

233 3038 382 3102 simplicem
404 3041 565 3092 rusticorum
588 3044 683 3106 vium,
709 3043 759 3094 sed
796 3041 863 3092 burn

233 3111 335 3163 deliciis
347 3112 523 3176 illisquutidie
533 3128 626 3166 carere
637 3130 757 3181 possum,
828 3116 917 3167 37-39.
945 3116 1121 3182 maon]
1139 3117 1194 3166 Cic.
1208 3115 1322 3182 Philipp.

233 3199 371 3250 nunquam
395 3200 441 3238 eas
462 3188 687 3242 desideraturus.»
717 3194 759 3243 Sic
796 3192 841 3253 42,
859 3193 887 3252 t,
907 3193 952 3241 tt:
982 3192 1219 3242 Vereoaetdloremee
1234 3205 1325 3242 eorm

233 3262 306 3312 enim
323 3260 393 3313 malo
411 3261 544 3326 explicare
566 3269 675 3330 propter
694 3280 759 3319 sen·
792 3269 912 3327 potem
926 3265 954 3314 io
967 3265 1119 3326 postulondo
1133 3265 1209 3329 sore?
1228 3265 1277 3315 Od.
1291 3267 1322 3326 2,

232 3338 377 3388 tentierum
387 3336 511 3388 ordinem
523 3352 604 3403 quam
615 3354 678 3392 cum
690 3341 756 3393 aliis:
795 3339 841 3399 t8,
862 3340 903 3388 ⁴2:
927 3353 972 3389 nee
984 3345 1111 3402 ροεωιαη
1127 3341 1238 3391 maioma
1254 3342 1323 3391 bor·

233 3414 296 3468 uUbi
319 3413 387 3464 cibis
408 3412 486 3465 lautis
507 3415 627 3477 turgidus
647 3421 758 3481 propter
792 3415 868 3478 ploro
883 3414 984 3477 popito,
1002 3415 1072 3464 Satis
1082 3415 1168 3466 emtor
1182 3417 1265 3466 entes
1276 3417 1324 3466 So·

232 3489 391 3541 cruditatem
409 3489 526 3539 dormire
547 3503 666 3552 nequeo,
691 3493 758 3555 vigi-
793 3489 865 3538 binis.
880 3513 909 3524 —
921 3488 978 3553 ree]
996 3491 1082 3552 Reges
1099 3502 1163 3540 suas
1180 3491 1323 3541 nominare

231 3563 272 3614 liis
290 3565 422 3614 exercitus
439 3561 530 3615 felices
551 3563 677 3628 praedico
699 3566 757 3630 ple·
794 3559 948 3613 humiliores
960 3561 1083 3614 solebant
1098 3565 1200 3614 amicos
1216 3563 1323 3616 nobiles

233 3637 309 3686 beios
337 3636 477 3699 tranquille
506 3638 696 3690 dormientes.»
728 3667 755 3675 -
794 3651 826 3688 ac
848 3636 1004 3702 locupletes.
1037 3641 1102 3704 Epp.
1122 3642 1150 3701 t,
1170 3641 1215 3701 ll,
1233 3641 1278 3690 20.
1296 3642 1325 3691 et

231 3710 347 3774 oltilimn]
374 3712 478 3761 navium
503 3712 598 3763 alendo
624 3715 757 3777 saginata·
794 3711 840 3763 te:
867 3714 961 3763 θοναηι
982 3728 1041 3778 repe
1060 3728 1106 3764 suo
1122 3716 1153 3764 de
1170 3720 1324 3777 merloto

232 3797 319 3834 rum.»
348 3785 544 3846 Athonem:
563 3785 650 3852 χῆνες
662 3803 758 3840 ocrea·
794 3793 909 3838 meeum.
939 3779 1194 3850 Martial.'2,l8,8:
1214 3790 1324 3851 (lutrae

232 3860 323 3908 rol.-
336 3859 568 3911 Otio--liberrimo
579 3863 657 3926 muto]
668 3865 757 3927 Longe
793 3869 845 3922 est,
873 3876 975 3926 repeto,
1006 3865 1121 3914 Morene
1144 3878 1196 3913 aon
1219 3863 1321 3914 habeat

231 3933 356 3984 acerbius
368 3934 583 3987 etiemAreoslus
594 3936 610 3986 1.
622 3936 638 3987 l.
650 3938 684 3988 de
696 3939 758 4002 Hip
794 3937 837 3986 Sic
862 3935 955 3988 itidem
977 3937 1012 3988 de
1035 3940 1149 4002 patrono
1172 3935 1323 4007 ζηλοτόιῳ

231 4006 335 4073 polytu,
355 4007 457 4059 iaulore
482 4022 543 4060 suo:
571 4011 612 4059 Or
633 4014 757 4062 conele-
795 4012 900 4061 Lucian.
922 4011 957 4062 de
978 4025 1063 4063 merc.
1085 4011 1164 4062 cond.
1185 4012 1230 4063 29:
1262 4003 1324 4062 olea

231 4085 327 4136 dendo
344 4085 420 4142 dico,
439 4085 490 4134 clio
507 4085 557 4134 se'l
573 4099 667 4136 sacro
685 4089 757 4137 Cor·
794 4087 843 4136 καὶ
861 4079 1013 4152 ὀφθαλμοὶ
1029 4085 1201 4149 βασιλέως
1218 4085 1323 4138 πολλοὶ

232 4159 340 4210 diocle
356 4163 514 4222 compecto
532 4161 647 4210 ooermi
666 4161 756 4211 elimo
794 4159 853 4211 κτλ.
875 4187 901 4198 -
918 4162 1002 4227 poter]
1021 4164 1063 4215 Sic
1074 4164 1132 4214 sine
1144 4161 1249 4214 ridictdi
1260 4177 1323 4228 spe-
