2925 4892
268 368 309 432 ts
371 348 375 353 ’
648 368 778 419 uomrn
795 368 976 421 sinnnuuu

268 524 408 605 Quidam
429 524 484 600 ait,
508 524 636 611 ignoras
658 524 713 589 te?
736 544 777 589 an
798 532 835 588 ut
855 524 998 609 ignotum
1020 521 1100 587 dare
1121 520 1215 587 nolris

268 644 372 711 Verba
394 646 509 732 putas?
531 645 665 731 Egomet
685 645 729 708 mi
752 645 900 730 ignosco,
924 643 1069 708 Maenius
1092 643 1203 729 inquit.

268 765 389 832 Stultus
412 776 444 832 et
466 763 633 851 improbus
654 764 707 831 hic
729 785 821 831 amor
841 773 892 831 est
913 763 1096 851 dignusque
1119 763 1237 829 notari·

269 888 350 955 Cum
370 896 425 955 tua
446 886 618 975 pervideas
641 885 743 952 oculis
764 884 849 951 mala
869 884 978 971 lippus
999 884 1154 961 inunctis,
1287 886 1361 949 aa

332 1086 374 1135 ti.
393 1090 438 1135 aot
453 1086 566 1148 tpnohen
582 1095 718 1146 superscr.
737 1087 766 1132 ut
781 1081 809 1132 b.
825 1110 852 1119 -
866 1083 907 1132 ²5.
921 1083 984 1133 Gran
999 1088 1045 1132 tua
1061 1087 1089 1131 ta
1101 1081 1187 1132 uideas
1202 1080 1324 1132 malebat

298 1157 447 1220 Bentleius,
472 1156 555 1208 edidit
576 1158 638 1207 Gran
660 1161 705 1206 tera
722 1158 874 1218 praevideas
891 1170 906 1206 e
924 1156 990 1207 Cod.
1009 1157 1105 1219 Regiae
1124 1156 1184 1207 Soc.
1205 1154 1237 1219 (λ)
1255 1158 1324 1206 liut-

300 1234 379 1297 gersii
392 1233 460 1282 coni.
474 1232 605 1281 firmante.
637 1231 676 1292 (Ut
687 1244 749 1288 nos.
769 1243 863 1282 omnes
875 1232 928 1280 mei
941 1234 968 1281 et
984 1231 1100 1281 Pottierii
1117 1233 1225 1293 practer
1235 1242 1323 1280 unum

301 1307 353 1367 tt..
372 1306 397 1356 in
415 1319 469 1369 quo
487 1307 528 1355 est
541 1304 713 1367 praevideas.)
731 1332 759 1340 —
777 1306 843 1356 mate
859 1306 972 1357 Bentle
990 1306 1098 1368 Cruquii
1116 1303 1216 1368 aliquot
1233 1304 1319 1355 codd.

302 1385 342 1445 lut
358 1394 420 1442 nos,
440 1394 534 1432 omues
553 1382 607 1431 mei
625 1382 652 1432 ct
669 1381 805 1443 Pottierii.)

268 1562 342 1612 nium
361 1558 434 1609 illum
460 1560 597 1620 novimus,
627 1559 657 1609 ut
681 1568 792 1622 carpam
828 1556 859 1621 te]
878 1556 995 1617 «nescis,
1022 1554 1119 1620 quibus
1136 1555 1205 1605 uitiis
1225 1558 1253 1605 tu
1275 1554 1361 1605 labo-

267 1634 393 1685 absentes
418 1635 535 1694 amicoS,
564 1632 630 1683 mihi
655 1632 791 1695 ignoscam
828 1644 889 1691 res,
918 1643 1000 1693 quam
1027 1630 1265 1694 reprehensionem
1293 1642 1361 1679 me-

268 1710 336 1759 oet.»
355 1706 557 1771 Longediversa
568 1705 789 1756 rationeilircho.
829 1705 944 1754 rearet»
965 1730 992 1740 -
1015 1706 1077 1753 dare
1093 1730 1108 1740 -
1126 1702 1214 1766 Verba]
1236 1714 1285 1765 pro
1308 1717 1361 1752 re-

268 1784 385 1842 Quacstt.
403 1782 492 1831 Horat.
511 1794 538 1845 p.
556 1780 597 1829 56.
616 1780 792 1829 haecomnia
828 1778 895 1839 bus,
914 1777 1011 1836 idest,
1030 1776 1187 1840 «decipere,
1205 1778 1363 1827 circumve-

266 1870 309 1906 vv.
331 1855 437 1904 rii-37.
465 1853 646 1904 interlocutori
673 1853 789 1912 cuidam.
829 1853 913 1901 nire.»
933 1851 1082 1914 -ipaorcoJ
1100 1852 1166 1901 Nota
1184 1849 1273 1901 iusum
1289 1857 1362 1915 poe-

267 1929 367 1979 iioratii
385 1928 563 1977 narrationem
580 1926 614 1976 de
632 1924 739 1988 Tigellio
750 1926 793 1975 in·
829 1928 872 1975 tae
884 1926 910 1975 in
919 1923 1010 1974 verbis
1022 1925 1142 1987 cognatis
1153 1926 1270 1987 imarus,
1283 1926 1363 1987 igno-

268 1999 415 2064 terpellanti
428 2002 456 2050 et
466 1998 501 2049 ad
511 2001 617 2063 propria
629 2001 690 2049 vitia
704 2000 791 2063 ipsum
828 2004 895 2059 tran,
921 1999 1022 2061 ignosco
1038 1997 1199 2049 brevissimo
1215 1997 1360 2048 intervallo

266 2074 414 2135 revocanti,
434 2073 537 2132 tribuit,
561 2085 642 2136 quam
665 2072 707 2122 his
729 2084 792 2121 ver·
829 2085 859 2122 se
876 2070 1078 2135 excipientibus.
1099 2096 1126 2107 -
1143 2071 1277 2134 inprobae]
1296 2073 1361 2121 «ni—

266 2148 308 2199 bis
330 2148 428 2196 acriter
449 2149 475 2196 in
497 2159 560 2197 eum
583 2146 672 2195 invehi
696 2145 790 2207 fingat:
829 2148 916 2206 mius,
952 2146 1062 2196 modum
1095 2145 1173 2209 longe
1201 2145 1357 2206 excedens.

269 2221 352 2281 «Quid
381 2222 429 2270 tut
464 2219 568 2270 nullane
597 2219 682 2269 habes
709 2219 791 2268 vitiat
828 2220 943 2282 ideoque
966 2232 1138 2282 perversus.»
1166 2219 1225 2268 Vrd.
1245 2219 1280 2269 ad
1302 2219 1356 2269 Od.

266 2297 351 2345 immo
369 2292 418 2343 alia
436 2294 532 2349 hahes;
560 2295 588 2343 et
605 2293 717 2343 tortasse
739 2293 792 2341 mi·
829 2293 858 2353 3,
876 2292 921 2354 tl,
940 2293 981 2342 62.

267 2381 332 2418 nora
345 2368 419 2418 dices
431 2370 457 2417 te
471 2366 585 2427 habere,
605 2379 638 2416 ex
650 2378 724 2415 more
737 2364 793 2414 illo-

267 2454 339 2502 rum,
358 2441 403 2504 qut
420 2453 450 2491 se
465 2440 538 2505 ipsos
549 2440 627 2489 unice
640 2442 744 2499 amant,
763 2439 792 2487 ut
861 2441 951 2491 ae-aa.
974 2441 1114 2506 pervideas]
1137 2441 1267 2491 Perutdere
1286 2454 1360 2493 sane

267 2516 385 2567 Maeuius
402 2513 443 2564 ille
462 2516 513 2563 cet.
548 2512 648 2563 Stultus
669 2513 791 2577 protecto
829 2504 972 2577 significat,
991 2518 1022 2564 ut
1036 2516 1073 2565 ait
1089 2514 1235 2575 Bentleiue,
1258 2520 1359 2569 «acute

267 2592 294 2639 et
310 2588 450 2653 improbus
468 2588 510 2638 hic
522 2600 599 2637 amor
611 2589 666 2639 esti
686 2590 739 2637 cet.
751 2612 791 2624 -·
829 2591 857 2637 et
883 2590 1025 2653 perspicue
1051 2592 1079 2639 et
1104 2591 1211 2654 penitus
1230 2602 1288 2639 rem
1312 2592 1360 2640 m·-

264 2664 322 2727 titia
332 2664 472 2713 innascitur
482 2663 578 2727 agric»
596 2661 648 2711 Sed
660 2664 715 2711 tres
727 2674 792 2725 pro-
828 2662 921 2723 dere·;
939 2663 997 2723 sed,
1015 2665 1045 2712 ut
1055 2664 1113 2727 ipse
1125 2664 1262 2727 significat,
1281 2676 1358 2726 quo-

265 2740 327 2803 pter
337 2750 431 2788 causas
448 2737 510 2787 huic
522 2737 732 2801 interpretationi
744 2747 791 2785 ac-
828 2735 910 2787 modo
928 2735 983 2797 ille,
1001 2749 1119 2800 quocum
1134 2737 1250 2801 loquitur
1261 2738 1356 2800 poeta,

266 2812 363 2863 cadere
389 2824 507 2875 nequeo:
536 2812 558 2872 t)
581 2824 631 2874 per
655 2822 686 2860 se
711 2810 790 2859 nimis
827 2823 877 2861 sua
894 2811 957 2860 vitia
970 2811 1102 2872 peoraoir
1119 2812 1250 2860 Nimirum
1265 2809 1360 2875 lippus

265 2885 342 2947 longa
355 2887 396 2935 est
413 2882 608 2933 interlocutoria
619 2884 715 2941 oratio,
734 2882 790 2932 sive
828 2886 857 2934 et
877 2886 1020 2948 propterea
1041 2881 1125 2933 oculis
1141 2882 1251 2946 collyrio
1274 2884 1361 2935 iuun-

265 2960 353 3023 potius
370 2955 528 3007 declamatio
546 2957 603 3006 sine
621 2954 734 3017 dialogo.
763 2956 789 3018 ἰ)
828 2958 891 3017 ctis;
918 2958 945 3008 id
962 2957 1035 3021 quod
1059 2958 1112 3007 huc
1130 2957 1214 3008 redit:
1240 2970 1360 3020 «parum

265 3032 314 3081 Vr.
336 3031 398 3079 lttuc
419 3034 615 3092 promereamur
639 3030 696 3078 tum
717 3027 789 3078 nullo
827 3032 974 3097 pervidet·
1004 3032 1077 3081 «Non
1093 3032 1182 3081 minus
1198 3032 1299 3081 uonice
1312 3030 1360 3083 to-

266 3104 347 3153 modo
372 3104 518 3153 cohaerent
543 3114 605 3151 cum
632 3102 788 3165 praecedd.,
827 3108 906 3156 cutus
930 3106 973 3154 est
997 3118 1078 3167 quarn
1102 3105 1125 3155 si
1151 3105 1211 3167 quia
1233 3103 1357 3155 decret:

266 3178 315 3228 uisi
331 3190 396 3228 vero
413 3178 535 3227 dicemus
551 3177 615 3227 satis
631 3176 788 3226 inconcinne
827 3180 879 3241 Tu,
898 3180 943 3243 qui
960 3182 1014 3229 tam
1032 3180 1135 3229 fortiter
1149 3178 1277 3242 plumbeo
1294 3178 1360 3241 gla-

266 3252 403 3303 llorattum
430 3250 503 3301 velut
530 3250 712 3313 obiurgatione
738 3252 789 3301 ista
827 3252 871 3303 dio
880 3254 973 3304 hostes
982 3256 1042 3304 tuos
1054 3253 1182 3304 invadis·
1196 3255 1357 3305 sumanus.

265 3326 365 3376 lassum
381 3323 510 3376 adullam
526 3326 790 3376 sententiamtrans—
827 3327 881 3377 Cir.
899 3327 947 3378 0d.
967 3328 996 3388 3,
1015 3328 1043 3387 7,
1060 3328 1107 3377 tt:
1126 3328 1235 3389 scopata
1249 3327 1360 3376 surdior

265 3402 313 3451 ire.
340 3401 363 3463 3)
382 3400 458 3461 Quod
474 3414 540 3451 vero
554 3400 635 3463 caput
651 3400 707 3449 est:
725 3399 789 3458 Quis
825 3402 893 3451 Icari
919 3402 993 3452 Vaces
1015 3402 1095 3451 dudd.
1130 3403 1185 3451 Sat.
1205 3402 1233 3458 t.
1250 3401 1280 3459 2,
1299 3400 1355 3451 9t:

264 3475 388 3537 taudem,
414 3488 531 3539 quaeso,
559 3476 702 3525 satirarum
719 3474 789 3524 scri·
825 3476 1212 3537 praaeaoaector--rpectes
1230 3473 1357 3525 Verbum

263 3552 325 3614 ptor
344 3562 463 3613 unquam
484 3562 514 3601 se
538 3551 595 3614 ipse
619 3546 674 3598 tain
691 3548 789 3598 acriter
823 3550 971 3611 praecidere
988 3562 1038 3615 pro
1054 3550 1241 3611 praeteruidem
1256 3551 1358 3599 aucto-

264 3624 401 3686 castigavit
423 3627 535 3687 propter
553 3624 628 3683 vitia,
657 3620 788 3684 aquibus
824 3623 901 3672 ritate
927 3626 1014 3681 caret3
1039 3623 1112 3672 mata
1136 3622 1260 3686 praetera
1285 3634 1355 3673 cum

263 3708 374 3759 prorsus
391 3696 493 3747 alienus
511 3698 581 3756 erat,
599 3697 700 3744 utnon
717 3693 787 3744 salse
825 3696 909 3748 Godd.
927 3699 1010 3759 meis,
1037 3711 1100 3748 cum
1122 3700 1150 3747 et
1171 3698 1254 3759 lippae
1273 3698 1359 3747 aaut&

263 3782 296 3819 ac
314 3770 399 3820 tacete
417 3770 479 3820 ticto
496 3769 657 3831 obiurgatori
674 3780 788 3831 respou-
823 3771 932 3820 teanctts
943 3771 998 3833 (cir.
1011 3772 1078 3835 Epp.
1091 3772 1122 3833 t,
1141 3773 1170 3832 t,
1188 3772 1239 3833 aa.)
1256 3782 1307 3834 per
1320 3782 1354 3820 ee

264 3842 588 3905 deret‚quemadmodum
597 3842 787 3905 Horatiusipee
823 3844 951 3904 sufficiat,
980 3858 1031 3895 nec
1056 3857 1221 3909 magnopere
1245 3842 1359 3907 placeat

263 3916 424 3979 Damasippo
443 3918 469 3965 et
485 3916 576 3966 Dauo?
593 3916 650 3965 Hoc
661 3917 734 3965 euim
745 3915 788 3965 di-
825 3918 941 3969 eandem
957 3916 1099 3969 tormuiam
1114 3919 1209 3982 paucis
1224 3916 1356 3969 versibus

264 3991 339 4039 ceret
355 3988 545 4051 reprehensor:
566 3986 654 4038 «Alter
669 4000 699 4039 es
718 3990 788 4040 llae-
825 3994 921 4056 quater
942 3992 1042 4056 repeti,
1067 3992 1136 4042 mate
1157 3993 1249 4055 lippae,
1276 3991 1360 4055 {mab

264 4064 333 4126 nius,
351 4064 455 4125 Horati,
475 4062 569 4115 stultus
588 4066 615 4114 et
631 4064 785 4129 improbum
823 4065 925 4130 taxum}
949 4066 1015 4115 mate
1037 4078 1148 4127 paruae,
1173 4066 1266 4129 tudima
1284 4066 1361 4117 euro

263 4136 379 4201 denique
397 4139 509 4188 concute
526 4140 551 4188 te
569 4140 691 4202 ipsumt»
718 4140 786 4201 Quid
823 4140 888 4189 tattr.
934 4139 1008 4189 itata
1034 4141 1126 4190 autem
1154 4139 1357 4201 homonymum

263 4212 323 4261 hic‘t
339 4211 412 4275 Silet,
430 4216 508 4274 tacet,
525 4219 627 4264 mineat.
641 4240 668 4250 -
679 4214 785 4277 ignoras
824 4226 885 4264 esse
903 4213 1042 4272 vitiorum,
1061 4212 1167 4275 quade
1185 4225 1215 4262 re
1233 4212 1360 4263 nonnulli
