2925 4892
251 391 315 461 776
737 389 866 442 ιιοιιτιι

293 553 442 637 Occupet
462 557 642 614 extremum
665 544 809 624 scabies;
833 543 910 610 mihi
932 551 1025 629 turpe
1048 540 1186 627 relinqui
1210 551 1262 607 est

213 665 217 672 ’
292 672 345 746 Et,
369 668 459 756 quod
482 689 546 734 non
568 666 682 742 didici,
706 685 785 746 sanc
809 665 935 732 nescire
958 664 1058 730 lateri.

292 792 331 860 Ut
352 810 486 878 praeco,
510 787 552 854 ad
575 807 701 853 merces
722 786 851 852 turbam
873 785 928 871 qui
952 785 1037 871 cogit
1058 781 1232 857 emendas,

292 913 515 977 assentatores
539 908 628 974 iubet
647 905 689 973 ad
711 905 837 974 lucrum
860 906 908 972 ire
930 913 1026 993 poeta

291 1031 389 1097 Dives
415 1029 516 1117 agris.
540 1028 632 1095 dives
654 1028 768 1115 positis
792 1028 823 1092 in
845 1026 956 1094 lenore
978 1027 1125 1092 nummis.

292 1153 327 1218 Si
349 1172 426 1218 vero
450 1159 515 1226 est,
539 1159 672 1215 unctum
694 1148 750 1236 qui
773 1157 860 1214 recte
882 1167 1006 1235 ponere
1028 1147 1131 1234 possit

291 1273 330 1338 Et
350 1269 513 1358 spondere
534 1269 597 1336 levi
620 1291 679 1357 pro
701 1289 846 1357 paupere
867 1278 900 1335 et
921 1269 1048 1356 eripere
1071 1267 1149 1334 atris

315 1468 373 1519 447.
390 1467 499 1529 relinqui
515 1466 617 1516 omisso
634 1471 669 1516 044
684 1464 751 1516 BSd.
779 1466 819 1528 (ln
837 1465 857 1515 E
874 1477 1001 1514 versuum
1019 1463 1063 1514 444
1076 1461 1159 1515 -434,
1174 1467 1309 1528 posterior

283 1554 346 1607 pars
361 1542 447 1591 recisa
465 1541 526 1603 est.)
540 1565 568 1576 -
588 1539 646 1591 449.
667 1539 705 1603 414]
722 1540 756 1590 Et
771 1540 809 1590 BS
827 1540 889 1602 (non
906 1539 1019 1601 ETbcdl.
1035 1566 1062 1575 —
1080 1538 1137 1589 iao.
1156 1541 1191 1588 od
1207 1540 1308 1589 44404νο

283 1615 439 1666 4040414404
457 1616 519 1677 (non
536 1615 592 1678 ST).
612 1641 640 1652 -
658 1614 716 1666 444.
736 1615 794 1677 apri
810 1614 829 1664 Β
848 1615 910 1676 (ιιοιι
925 1613 1055 1675 EsTbcdl.
1071 1639 1098 1649 -
1117 1613 1176 1665 424.
1194 1615 1307 1664 mecm

283 1692 313 1741 B.
334 1717 362 1728 -
380 1694 446 1740 recte
461 1690 506 1750 qul
522 1701 592 1738 nnus
604 1689 726 1752 cruquii‚
747 1687 920 1751 Coningham.
936 1713 963 1724 ·-
982 1689 1055 1737 4ιιιι44
1071 1689 1100 1738 Β.
1116 1711 1144 1724 -
1165 1687 1223 1739 las.
1243 1689 1308 1738 04044

255 1857 419 1921 geisbergeri
436 1858 527 1907 autem
544 1857 572 1904 et
590 1853 694 1905 schellii
711 1855 779 1904 Nom
814 1859 872 1914 cta,
897 1865 977 1905 asena
995 1865 1040 1904 me
1057 1853 1162 1904 nescire
1180 1853 1295 1916 iateor,·
1313 1855 1341 1904 in

252 1931 482 1995 languidisslmum
505 1929 587 1980 elficit
610 1923 777 1988 ἀσύνδετον,
814 1925 952 1990 obliquam
969 1927 1112 1978 deflexum.

253 2017 335 2068 quam
346 2007 457 2069 propter
466 2003 597 2054 rationem
606 2003 779 2052 reiiciendom
847 2000 969 2052 449-444,
999 2001 1106 2066 444004]
1129 2001 1244 2051 avenam
1260 2015 1342 2066 prae-

253 2078 369 2128 arbitror
394 2079 475 2128 etiam
500 2077 642 2127 lectionem
666 2077 778 2125 veritate
815 2078 856 2125 ter
876 2073 1071 2139 permultorum
1093 2073 1228 2125 levitatem
1246 2079 1274 2125 et
1295 2089 1342 2126 so-

253 2154 360 2202 nostrae
382 2152 503 2215 proxime
526 2150 702 2200 accedentem
721 2151 779 2198 Non
815 2149 934 2199 cordiam
952 2149 978 2199 ln
996 2149 1089 2198 studiis
1102 2149 1213 2212 poeticis
1225 2147 1341 2200 alterum

254 2227 304 2275 cet.
334 2225 459 2274 Ceterum
477 2225 584 2273 inanem
600 2224 779 2286 arrogantiam
815 2236 922 2286 quoque
940 2221 1087 2286 periculum
1107 2223 1263 2272 minitantur
1278 2229 1342 2288 poe·

253 2296 399 2349 multorum
424 2293 513 2357 04404,
540 2297 585 2360 qni
602 2299 690 2346 semet
705 2297 779 2360 ipsos
814 2299 847 2346 tls
867 2295 998 2360 imprimis
1018 2295 1195 2360 locupletibus
1218 2299 1341 2348 assenta-

253 2384 303 2438 pro
320 2371 424 2421 eximiis
439 2373 526 2435 poetis
537 2369 667 2432 habeant,
685 2381 780 2434 quem
815 2371 991 2433 iorumatque
1002 2369 1169 2420 adulatorum
1179 2383 1285 2434 greges,
1295 2373 1340 2435 qni

252 2447 294 2496 vis
311 2446 398 2498 ortem
416 2446 525 2495 minime
537 2445 691 2502 didicerint;
710 2456 779 2493 neu·
814 2447 940 2508 patronos
958 2457 1022 2495 suos
1039 2443 1109 2494 iulsis
1127 2442 1250 2496 leudibus
1266 2447 1342 2496 deci-

254 2520 356 2584 tiquam
371 2533 438 2570 vero
455 2523 558 2569 certum
579 2517 696 2582 aliquem
713 2531 778 2568 suae
814 2519 898 2583 piunt.
924 2521 943 2568 Α
962 2517 1058 2569 talibus
1076 2522 1116 2578 tu,
1136 2519 1209 2580 Piso,
1230 2519 1277 2572 tibi
1294 2533 1343 2570 ca-

254 2595 348 2644 eetatis
364 2591 597 2658 poetamvellicat.
619 2593 671 2643 Cir.
685 2591 778 2642 lecohs
814 2594 913 2642 vetoi»
928 2619 955 2628 -
973 2593 1008 2642 an
1023 2592 1191 2656 marcescet]
1210 2595 1273 2657 «qui
1286 2607 1342 2644 me

254 2669 337 2718 Lecti.
359 2667 458 2718 Venus.
477 2680 537 2731 pag.
551 2667 592 2719 is.
614 2694 641 2703 -
657 2670 780 2730 00444040
815 2679 866 2728 gno
883 2663 999 2716 clamore
1011 2677 1117 2716 merces
1129 2679 1192 2718 suas
1203 2679 1343 2718 commen-

251 2743 346 2805 ponqo]
364 2741 403 2792 ci.
417 2743 482 2805 Epp.
498 2743 521 2802 4,
537 2742 577 2802 is,
590 2740 631 2792 40.
652 2769 680 2778 -
699 2741 779 2790 occo-
815 2741 903 2790 dendo
926 2743 1061 2805 emptores
1078 2744 1223 2804 congreget
1240 2746 1267 2792 et
1283 2741 1342 2793 alli-

251 2822 294 2880 004
318 2815 380 2879 cet]
409 2817 551 2870 Poetneum
573 2813 779 2865 aemulationem
815 2815 864 2874 cit,
890 2827 1034 2864 sumnam
1051 2813 1149 2864 traici..
1170 2842 1197 2851 -
1224 2815 1291 2866 aanor
1307 2817 1343 2866 aa

255 2903 317 2940 cum
342 2901 437 2939 cursus
463 2890 609 2939 certamine
632 2891 778 2953 comparet.
815 2889 913 2939 lucrm
928 2888 974 2952 ire]
993 2887 1051 2938 «vel
1067 2889 1163 2939 tacitus
1180 2889 1273 2940 invitat
1289 2891 1342 2940 ho-

255 2965 318 3013 ·Est
333 2964 489 3026 imprecatio
507 2963 623 3022 tractae
641 2961 780 3027 ludopue-
816 2965 902 3014 mines
923 2961 1003 3022 viles,
1030 2964 1059 3011 ut
1080 2963 1151 3026 apud
1170 2963 1273 3027 ipsum,
1301 2965 1341 3013 vi-

253 3036 309 3095 rili;
335 3037 379 3098 qui
397 3039 469 3085 enim
485 3039 594 3100 praeest
609 3037 779 3087 currentibus
815 3049 876 3086 rum
893 3035 1067 3100 locupletem,
1089 3035 1215 3087 lucellum
1232 3035 1341 3101 aliquod

254 3110 287 3159 ud
299 3113 399 3158 metum
410 3111 514 3172 pueris,
531 3109 621 3159 dicere
633 3109 714 3160 solet:
729 3111 778 3170 Qui
816 3115 958 3176 quaerant,
977 3111 1071 3162 saltem
1089 3125 1211 3164 mensum
1229 3115 1340 3178 opipare

252 3185 356 3249 primus
372 3183 407 3232 ad
425 3185 525 3232 metam
536 3185 653 3244 venerit,
673 3185 694 3233 is
705 3185 779 3233 vice-
816 3190 944 3252 paratam,
957 3188 1007 3236 etsi
1016 3186 1134 3237 nondum
1143 3190 1239 3249 sciunt
1250 3191 1338 3238 utrum

253 3259 287 3308 rit
307 3269 423 3320 eumque
445 3258 471 3307 in
494 3255 571 3307 ulnas
588 3270 663 3314 meas
679 3259 780 3322 accipi·
815 3261 903 3325 largus
914 3260 956 3309 ille
969 3261 1003 3310 sit
1013 3273 1124 3310 necne.»
1137 3289 1163 3298 -
1176 3263 1254 3311 mm
1261 3263 1339 3327 apris]

253 3345 311 3391 am;
338 3333 383 3395 qni
399 3345 465 3382 vero
483 3332 534 3382 erit
549 3331 671 3393 ultimus,
696 3345 779 3382 occu-
816 3337 929 3386 Versum
946 3333 996 3384 sibi
1014 3336 1066 3384 iem
1084 3333 1146 3384 oiim
1165 3335 1291 3398 placitum
1303 3337 1338 3387 ie·

253 3409 300 3472 pet
317 3417 380 3457 eum
397 3406 518 3467 scabies,
536 3419 599 3456 eum
611 3419 738 3470 respuam
751 3409 780 3456 ut
815 3410 882 3460 stive
905 3409 1001 3473 repetit
1022 3421 1054 3458 ex
1072 3410 1125 3458 sat.
1141 3410 1168 3469 4,
1187 3411 1216 3471 2,
1237 3411 1292 3471 44,
1312 3413 1337 3460 04

253 3482 434 3533 scabiosum.»
453 3481 537 3531 Cosa.
552 3481 630 3537 Cane.
661 3482 780 3532 «Scabies
815 3486 867 3532 set.
882 3484 910 3543 4,
929 3482 957 3542 4,
976 3483 1017 3532 92.
1036 3497 1070 3532 ex
1087 3485 1139 3532 Set.
1158 3485 1188 3544 4,
1206 3485 1235 3546 Ξ,
1253 3486 1293 3534 27.
1312 3487 1336 3534 ei

252 3554 332 3605 ludus
354 3568 501 3619 puerorum
524 3558 578 3615 est,
604 3557 635 3604 ut
650 3555 735 3606 habes
753 3557 777 3606 in
814 3559 880 3621 Epp.
901 3558 924 3617 4,
944 3559 968 3616 4,
987 3557 1028 3606 46.
1042 3569 1074 3606 ex
1092 3559 1145 3606 Sat.
1160 3559 1184 3617 4,
1202 3558 1229 3618 6,
1248 3555 1288 3609 ll.
1309 3585 1332 3594 —

252 3630 377 3679 Suetonio
388 3629 564 3693 Tranquillo.»
581 3633 659 3679 Aeno.
677 3631 720 3679 Sic
732 3631 780 3679 eti·
814 3633 842 3681 Sl
857 3645 917 3680 cero
934 3630 995 3694 cet]
1017 3633 1087 3681 «lam
1105 3633 1128 3680 si
1146 3633 1278 3682 noverunt
1293 3645 1334 3680 as-

253 3715 297 3752 am
309 3705 417 3752 Graeci:
431 3703 597 3765 Phrynichus
609 3705 720 3754 Meinelr.
737 3705 776 3754 Fr.
814 3708 963 3756 sentatores
980 3703 1088 3755 diuitem
1101 3703 1174 3755 illum
1187 3707 1266 3756 etiam
1278 3717 1333 3755 ruu-

252 3777 328 3826 Com.
342 3777 372 3824 ll.
391 3789 417 3838 p.
436 3777 499 3826 ooo:
526 3774 601 3846 peip*
617 3771 667 3836 ἔχε
683 3777 777 3848 Sopa-
814 3779 921 3829 uilicum
939 3791 1015 3840 esse,
1034 3777 1115 3828 veluti
1132 3778 1212 3842 giobo
1224 3779 1291 3829 iacto
1302 3775 1331 3827 ad

251 3845 363 3899 κόσιον.
398 3848 532 3900 Puerilem
556 3849 611 3900 ludi
635 3852 775 3902 termulam
813 3866 876 3903 eum
893 3855 1082 3904 concurrum.-
1102 3879 1131 3889 -
1149 3853 1261 3916 onem]
1278 3852 1331 3901 «ci-

250 3921 376 3988 singolari
394 3926 534 3974 venustate
551 3927 734 3984 sectatusest,
747 3931 778 3977 ut
812 3927 895 3988 bum,
925 3926 1026 3977 lautum
1051 3927 1205 3976 convivium
1232 3929 1259 3976 ei
1282 3928 1330 3974 ter-

251 3997 466 4064 Epp.t,l‚59:
494 3999 548 4048 lion
562 4001 626 4061 eris,
645 4001 730 4062 044444,
749 4001 776 4050 Si
811 4003 989 4052 somniem.
1005 4000 1124 4050 Eandem
1137 3999 1163 4049 4.
1177 3998 1194 4049 l.
1210 3997 1330 4064 signifiea-

250 4073 408 4136 0004400400.
421 4100 448 4109 -
461 4073 529 4137 scae]
541 4076 599 4123 Non
611 4077 666 4125 est:
684 4087 774 4125 «more
812 4076 912 4124 lionam
924 4075 1120 4134 hebetemus,
1139 4087 1220 4138 quam
1233 4075 1294 4136 Epp.
1307 4072 1326 4128 l.

250 4149 308 4198 sani
325 4148 439 4198 hominis
456 4150 483 4196 et
500 4147 652 4208 modeste,·
678 4151 708 4198 ut
724 4163 775 4200 vo·
812 4151 856 4212 44,
875 4149 915 4200 44.
949 4148 1015 4200 liele
1038 4146 1158 4200 nonnulli
1173 4153 1327 4206 4440440000-

247 4220 319 4282 lnnt;
338 4223 388 4274 sed
405 4223 528 4286 «utique-
546 4235 578 4272 οι
596 4223 715 4273 oratione
732 4237 775 4274 re-
810 4235 869 4274 nere
880 4222 1026 4288 explicant:
1046 4223 1211 4286 «convivam,
1233 4217 1327 4284 quibe-
