2925 4892
292 366 354 432 tito
670 362 997 415 aoasrusnrrmauu

334 526 381 590 De
405 543 439 589 re
462 522 624 588 communi
646 520 774 587 scribae
795 540 911 606 magna
931 528 1030 605 atque
1051 536 1135 583 nova
1156 525 1188 581 te

334 643 478 712 Orabant
499 642 595 709 hodie
619 640 837 716 meminisses,
861 628 1144 720 Quinte,'reverti.

333 766 498 854 imprimat
519 764 586 839 his,
610 783 700 837 cura,
728 764 898 829 Maecenas
920 762 1012 849 signa
1033 758 1168 827 tabellis.

333 888 474 965 Dixeris,
499 886 667 974 Experiar:
692 885 811 959 Siris,
835 894 942 971 potes,
966 882 1056 948 addit
1076 892 1108 948 et
1130 882 1233 947 instat.

333 1010 495 1098 Septimus
517 1018 631 1075 octavo
654 1006 787 1094 propior
809 1006 872 1071 iarn
895 1004 1011 1091 ingerit
1032 1023 1147 1074 annus,
1332 1002 1371 1070 io

290 1247 377 1311 ipsum
403 1241 494 1293 Puteal
520 1244 605 1307 posita
631 1244 701 1303 erat,
728 1241 813 1291 torma
850 1240 902 1291 hoe
919 1240 1006 1304 ipsum
1027 1238 1194 1289 editioribus
1213 1242 1243 1289 ut
1263 1240 1372 1291 tthertlm

291 1318 438 1371 exhibetur.
460 1316 604 1367 Dicebatur
615 1320 705 1367 antem
716 1315 811 1375 Meet,
847 1321 924 1379 patre
947 1320 1023 1365 nmio
1046 1316 1074 1364 et
1097 1314 1180 1365 scribe
1207 1314 1373 1366 derideretur

291 1394 351 1457 quie
377 1393 433 1442 veri
458 1390 571 1456 putealis
597 1391 812 1461 (κεριστομίου,
851 1403 948 1441 necne.
983 1389 1121 1440 Verbisde
1135 1392 1301 1440 recmnmum'
1316 1395 1373 1443 ule·

288 1465 578 1530 anoenetnsasutogl,
614 1466 699 1530 saepti
731 1467 813 1529 puteo
851 1466 951 1517 bantur
975 1463 1042 1515 alter
1067 1464 1180 1515 alterum
1204 1467 1373 1516 attentiorem

290 1540 461 1600 circumdati,
479 1539 597 1590 habebat
608 1541 720 1590 iormam
732 1542 813 1602 atque
851 1540 990 1591 reddituri.
1025 1541 1068 1589 Sic
1077 1539 1159 1590 Plaut.
1174 1539 1231 1592 Aul.
1245 1542 1275 1602 2,
1288 1542 1316 1603 2,
1328 1544 1371 1591 22:

289 1616 324 1666 ad
342 1628 403 1665 eam
420 1628 479 1665 rem
496 1614 656 1665 destinatum
681 1617 753 1675 erat,
780 1628 813 1663 ne
851 1622 887 1665 est
904 1616 970 1677 qnod
986 1620 1010 1663 te
1025 1614 1081 1663 voto
1097 1616 1272 1666 Decornmcat
1287 1630 1373 1678 reop-

289 1690 365 1741 locus
382 1703 473 1751 secer,
495 1691 522 1739 in
540 1702 593 1753 quo
610 1688 731 1752 fulgurita
749 1702 815 1739 con-
848 1692 946 1753 pallore
960 1703 1018 1739 osee
1034 1695 1057 1738 et
1077 1694 1131 1738 tua.
1153 1715 1180 1725 -
1199 1691 1310 1753 scribae]
1335 1692 1372 1741 De

291 1765 344 1815 dita
356 1768 458 1827 essent,
477 1765 615 1815 hominum
627 1778 740 1815 accessu
751 1777 815 1828 pro-
852 1764 947 1815 scribis
964 1776 1112 1825 eorumqne
1130 1763 1247 1815 decuriis
1258 1765 1306 1815 cir.
1319 1766 1372 1816 Cio.

290 1840 434 1889 iannrelur.
469 1840 537 1889 Fecit
558 1841 647 1889 sulem
671 1840 815 1888 Scribonius
851 1841 927 1890 Verr.
940 1840 1003 1889 hcc.
1017 1838 1047 1896 3,
1061 1838 1102 1887 43.
1125 1839 1259 1903 inscripti.
1273 1842 1371 1890 mint.

290 1914 354 1965 Libo
366 1913 472 1976 aliquis,
491 1915 532 1963 cut
548 1915 674 1977 negotium
690 1915 778 1963 dotum
797 1927 815 1963 a
850 1916 878 1964 in
903 1914 1001 1963 indice.
1040 1911 1142 1962 Weber
1166 1914 1192 1962 in
1218 1915 1284 1965 lahn
1309 1916 1374 1965 Neue

289 1993 378 2037 senato
393 1988 491 2050 litarat,
509 1993 538 2037 ot
554 1989 711 2049 conquireret
721 1988 814 2037 sacello
850 1988 936 2038 Jahrb.
957 1988 999 2037 IX.
1018 1987 1137 2049 simplos.
1156 2001 1182 2052 p.
1196 1990 1238 2039 78.
1260 2018 1288 2027 —
1308 1992 1373 2041 Orc-

289 2063 713 2125 altueto;·-sempcrsorcmtnetlt
725 2068 813 2125 aperto
851 2062 918 2126 bont]
942 2062 1027 2113 Etiam
1048 2062 1100 2112 hoe
1120 2061 1235 2112 verbum
1257 2067 1323 2115 satis
1337 2067 1375 2116 si·

289 2137 386 2187 coelum
399 2141 478 2199 peter.
515 2138 606 2186 Fssrus
624 2134 692 2186 llliill.
712 2150 738 2200 p.
755 2135 811 2185 333.
851 2138 958 2201 gnificat
974 2138 1111 2188 Horatium
1128 2152 1181 2188 non
1193 2138 1247 2189 iam
1259 2140 1373 2190 scribam

290 2212 316 2262 in
334 2224 359 2259 v.
372 2210 572 2260 Scribonianum.
608 2210 719 2271 «mnu,
739 2210 813 2260 locus
852 2214 943 2263 luisse.
979 2214 1059 2262 Recte
1071 2212 1143 2262 enim
1154 2214 1274 2263 Dilntzer
1285 2218 1375 2265 monet

290 2288 404 2347 Rornae,
423 2286 457 2335 sd
475 2298 557 2349 quem
570 2284 766 2335 conveniebant
776 2284 814 2334 ie-
852 2288 951 2348 omnia,
971 2299 1039 2350 quae
1056 2300 1106 2349 per
1122 2286 1149 2336 h.
1163 2286 1179 2336 l.
1190 2293 1373 2339 memorentur

291 2364 436 2413 necatores.
466 2360 514 2412 Alii
531 2361 635 2422 dicunt,
654 2361 680 2409 ln
699 2372 752 2423 quo
770 2361 815 2409 tri-
852 2363 936 2413 misna
951 2362 1066 2425 segode,
1096 2361 1175 2411 olficii
1198 2363 1295 2423 inisse,
1323 2377 1373 2414 non

289 2435 372 2488 bunal
383 2436 487 2488 solebat
498 2450 558 2487 esse
571 2437 728 2500 praetoris.»
750 2437 812 2486 Aca.
850 2437 950 2501 proprii
967 2437 1048 2498 atque
1066 2437 1131 2485 certi
1154 2440 1286 2489 muneris.
1316 2440 1373 2502 (Ge-

290 2512 348 2562 vid.
368 2512 493 2574 Dezobry
514 2512 671 2573 Descriptloo
691 2512 720 2561 de
739 2513 815 2561 horne
849 2511 1061 2576 fdlliplseiten.)-
1074 2512 1171 2577 Qatnu]
1183 2514 1372 2580 semetipsum

290 2586 325 2635 n⁰.
340 2586 396 2637 tas.
414 2612 442 2623 -
459 2586 563 2651 educes]
580 2585 615 2635 ad
633 2586 812 2636 testimoninm
851 2584 984 2651 appellare
1000 2584 1107 2634 videtur
1122 2586 1258 2647 lloratius,
1278 2590 1304 2638 in
1317 2602 1373 2639 me·

290 2660 443 2711 dicendum.
463 2661 515 2711 Cir.
527 2662 580 2711 Cic.
595 2674 644 2725 pro
656 2660 778 2720 Quinctio
787 2660 811 2709 6.
851 2660 965 2711 moriam
987 2658 1039 2711 sibi
1058 2672 1190 2711 revocans
1211 2660 1373 2727 collegarum

322 2735 363 2786 36.
376 2734 416 2785 37.
437 2738 474 2786 De
490 2735 654 2786 recommuni
671 2735 733 2799 cet]
751 2736 814 2784 Post
851 2735 994 2798 negotium.
1030 2732 1153 2796 Plerique
1169 2736 1224 2795 hic,
1247 2740 1373 2801 utsupra

290 2810 376 2860 aciem
393 2810 589 2875 Philippensem
606 2811 740 2871 Horatius,
760 2821 813 2872 quc
850 2810 884 2860 de
901 2809 986 2860 ltoscii
997 2821 1091 2869 servo,
1109 2808 1145 2859 de
1157 2809 1310 2861 scribarum
1320 2824 1374 2861 ser

290 2898 319 2935 se
344 2885 503 2947 patrimonio
528 2885 642 2934 manime
673 2897 707 2933 ex
736 2886 812 2947 parte
850 2897 884 2934 vo
905 2884 1034 2946 cogitant,
1062 2884 1105 2933 cui
1129 2897 1225 2948 pamm
1251 2887 1374 2936 convenit

290 2952 432 3021 spoliatum
465 2961 639 3019 sustentaret,
683 2959 812 3023 scriptum
850 2958 1030 3023 praenominis
1051 2959 1197 3023 usurpatio.
1223 2987 1251 2996 -
1274 2960 1372 3023 reverti]

290 3034 472 3095 quaestorium
501 3034 682 3095 compararat;
716 3044 812 3081 verum
850 3046 958 3083 «rursus
974 3032 1072 3083 adesse
1088 3034 1116 3083 in
1133 3031 1258 3097 collegio,
1277 3035 1324 3085 ubi
1340 3034 1372 3084 de

290 3104 324 3155 ab
353 3107 405 3157 boc
430 3104 609 3169 quaesticulo,
638 3107 668 3155 ut
691 3105 811 3165 videtur,
849 3121 879 3157 re
897 3108 970 3169 gravi
987 3110 1067 3170 atque
1080 3108 1277 3173 inexspectata·
1291 3108 1373 3174 (ride-

290 3182 396 3233 circiter
412 3195 437 3232 a.
456 3195 483 3230 u.
501 3194 524 3230 c.
541 3180 597 3230 ili.
615 3182 668 3231 iam
688 3192 750 3231 sese
767 3194 812 3230 re·
849 3180 911 3232 licet
926 3180 1036 3242 scribis,
1062 3194 1125 3231 cum
1150 3184 1272 3245 libratio,
1298 3186 1328 3233 nt
1344 3196 1371 3233 re

288 3257 422 3318 moverat,
442 3268 504 3305 cum
521 3255 733 3321 scriptumhunc
746 3255 810 3319 (sic),
848 3270 914 3308 vera
931 3259 1001 3318 erat,
1026 3254 1094 3308 levis
1115 3259 1197 3321 atque
1219 3259 1313 3322 exigua
1333 3259 1373 3307 ri-

289 3334 319 3381 ut
334 3330 473 3395 probabile
491 3332 545 3391 est,
564 3330 737 3382 vendidisset.
757 3332 810 3383 Cir.
850 3332 968 3391 deretur,
981 3330 1032 3381 sibi
1044 3333 1134 3381 tamen
1145 3330 1267 3395 molesta)
1278 3345 1373 3395 «quae-

287 3405 375 3457 Schcl.
397 3408 487 3456 iuven.
512 3408 542 3467 a,
570 3405 594 3455 3.
637 3406 811 3457 Nihilominus
850 3420 903 3471 que
920 3408 954 3457 ad
972 3408 1062 3471 ipsum
1078 3418 1187 3469 qaoque
1202 3408 1371 3456 cnmceteris

289 3481 393 3533 scribae
414 3483 522 3545 poetam
540 3479 656 3543 collegas
680 3480 739 3531 loeo
762 3482 812 3530 ha·
849 3483 1008 3546 pertineret,
1038 3478 1244 3530 consultandum
1272 3482 1371 3531 esset.»

288 3556 354 3607 bere
371 3558 513 3620 pergentes
531 3568 594 3605 aum
611 3555 744 3607 interdum
761 3554 812 3605 ad·
877 3554 1373 3619 38.39.lmprtmotcet.]llocrogntter·

288 3630 433 3692 vocabant,
453 3629 500 3680 ubi
516 3630 550 3680 de
568 3628 695 3681 rebusad
707 3644 736 3681 sc
748 3643 812 3694 per·
849 3632 900 3681 tius
912 3629 1006 3693 aliquis
1022 3630 1105 3679 homo
1121 3629 1283 3691 negotiosus.
1305 3629 1372 3679 line·

289 3704 432 3755 tinentibus
445 3703 638 3766 consultarent,
657 3719 709 3770 quo
720 3707 812 3770 postu·
849 3718 930 3755 cenas
948 3706 1038 3754 antem
1055 3705 1125 3754 circa
1143 3706 1252 3773 tempus
1267 3715 1371 3767 pugnae

288 3777 338 3828 lats
365 3792 428 3839 sna,
457 3777 500 3829 illo
528 3780 599 3844 apud
629 3782 810 3831 Maecenatem
848 3780 971 3830 Actiacae
982 3792 1008 3828 a.
1021 3792 1047 3828 u.
1062 3792 1085 3828 e.
1099 3778 1156 3828 723.
1186 3776 1276 3827 ltaliae
1293 3788 1372 3841 prae·

289 3852 488 3914 intercedente,
518 3852 620 3905 facilius
648 3852 809 3904 obtinerent.
848 3854 933 3904 iectus
955 3854 1078 3904 Caesaris
1103 3852 1239 3903 Octaviani
1263 3850 1370 3901 anulum

289 3927 390 3977 Festive
402 3928 493 3977 autom
507 3928 558 3997 hoc
570 3927 675 3979 scribae
688 3940 809 3985 munere,
848 3930 1020 3993 signatorium
1030 3926 1131 3978 habult.
1159 3929 1250 3979 llense
1261 3926 1371 3977 demum

288 4000 361 4063 quod
382 4002 451 4051 inter
468 4002 586 4052 tenuiore
604 4006 673 4064 erat,
700 4001 763 4053 clim
780 4015 811 4053 se
848 4003 992 4054 Decembri
1010 4004 1124 4067 Agrippa
1137 4002 1162 4052 ei
1179 4002 1319 4053 adiunctus
1330 4000 1371 4051 est

288 4077 408 4127 iunctum
420 4088 480 4127 esse
493 4079 573 4141 atque
585 4079 737 4129 etiamnunc
748 4077 810 4129 inde
848 4081 929 4142 atque
948 4076 1040 4127 itidem
1056 4074 1165 4127 anulum
1182 4076 1294 4139 accepit.
1324 4076 1370 4125 Dio

287 4166 317 4203 ss
346 4150 496 4203 molestiam
529 4152 634 4203 trahere
663 4153 809 4217 significat,
849 4154 983 4212 cesebi,
1003 4152 1027 4202 3.
1045 4180 1072 4189 -
1086 4150 1189 4215 tnhelth]
1207 4149 1304 4211 Quales
1319 4149 1370 4198 hae

287 4240 397 4292 prorsus
422 4240 548 4288 securus,
582 4230 670 4279 utrum
699 4230 811 4292 propter
848 4227 959 4289 luerim,
989 4226 1108 4277 divinare
1133 4238 1185 4277 non
1211 4234 1367 4290 pessume:
