2925 4892
234 329 296 396 422
542 297 550 316 “
601 323 730 376 nomen
746 318 969 374 seumulnuu

277 485 339 565 Qui
362 502 478 570 sapere
501 489 534 548 et
554 479 613 546 lari
635 477 845 566 possitquae
867 474 999 548 sentiat,
1022 481 1056 540 et
1078 473 1132 538 cui

279 605 400 682 Gratia,
425 604 524 679 lama,
549 598 700 668 valetudo
722 598 885 684 contingat
906 593 1036 661 abunde
1289 591 1330 656 44)

276 727 316 792 Et
336 723 476 792 mundus
497 723 689 826 victusonon
711 716 882 786 deficiente
904 713 1084 782 crumena?

279 848 365 913 luter
386 865 479 933 spem
502 859 697 928 curamque,
722 840 854 904 timores
876 837 960 903 inter
980 843 1014 902 et
1034 835 1115 911 iras,

303 1035 327 1084 9.
347 1033 403 1098 Qus]
421 1032 468 1083 θιιι·
484 1043 554 1082 corr.
567 1030 588 1080 Ε
601 1029 672 1092 [oum
683 1025 784 1091 glossa:
801 1023 874 1090 pito),
893 1025 978 1086 ουαιιι
994 1022 1041 1087 dp,
1060 1025 1144 1086 οιαιιι
1159 1033 1297 1088 superser.

272 1106 329 1158 «vel
347 1107 423 1170 poto»
442 1106 471 1166 S,
491 1106 573 1166 Qucum
590 1104 617 1152 et
639 1101 667 1151 in
684 1113 738 1164 mg.
758 1101 840 1162 osam
855 1104 885 1149 ol
906 1099 973 1150 cod.
992 1099 1120 1162 Freneq„
1140 1098 1206 1161 Quin
1223 1110 1248 1147 c.
1269 1125 1297 1134 -

271 1185 295 1230 el
313 1180 361 1245 ool]
379 1183 408 1229 ul
424 1177 465 1228 eui
480 1189 551 1227 unus
569 1174 635 1226 Cod.
654 1171 776 1224 Lambini
793 1176 821 1223 et
840 1175 952 1235 Freneq.
980 1173 1072 1235 (ouem
1091 1184 1181 1234 sapere
1200 1175 1224 1222 et
1245 1171 1300 1235 soti

271 1255 404 1317 ulpossit,
423 1251 603 1316 quaesenliot,
621 1253 698 1310 moue
714 1249 749 1309 L,
769 1249 852 1309 Quoto
867 1259 956 1309 sopore
972 1251 995 1296 et
1010 1245 1064 1310 [as-i
1079 1246 1215 1307 utpossit,
1233 1257 1300 1306 quae

273 1330 377 1390 sunici,
396 1333 419 1379 et
435 1329 475 1377 eui
494 1327 527 1388 C,
548 1327 631 1388 Quom
647 1336 737 1386 sapere
752 1327 776 1371 el
791 1323 845 1386 sari
858 1323 951 1384 possit,
978 1334 1043 1382 quoe
1059 1320 1164 1380 untia,
1181 1323 1206 1369 et
1220 1321 1263 1368 ero
1278 1320 1298 1367 t.

275 1405 306 1456 ot
323 1415 387 1465 nos,
406 1401 425 1453 b
443 1404 470 1452 et
487 1414 528 1466 pr.
541 1401 580 1464 Ε.)
601 1427 629 1436 -
648 1399 688 1449 44.
707 1397 740 1447 lii
756 1399 845 1447 domm
860 1401 884 1447 et
899 1396 980 1447 votos
997 1393 1132 1447 Bentleius
1144 1395 1299 1445 coniectum

241 1571 392 1636 exprimere
409 1567 515 1630 meluil;
536 1580 647 1633 prorsus
665 1566 768 1630 impro-
804 1557 922 1630 θάμος,
931 1558 1262 1630 pompetiosmtiupoc.
1275 1558 1334 1611 Cle-

241 1643 359 1696 babilem
371 1655 432 1694 esse
444 1641 571 1694 sobmidii
586 1641 769 1706 suspicionem
806 1650 885 1688 mens
896 1635 935 1688 Al.
948 1636 1063 1700 Paedag.
1075 1636 1104 1696 3,
1116 1636 1147 1686 2:
1165 1629 1184 1700 ἦ
1196 1630 1335 1705 καθαριό-

242 1719 350 1770 ductam
362 1731 394 1768 en
404 1731 495 1768 errore
507 1719 586 1768 unius
596 1715 660 1767 cod.
672 1713 767 1765 Lamb.
805 1727 858 1777 της
882 1703 941 1776 ἕξις
967 1711 1046 1763 ἐστὶν
1075 1704 1333 1780 παρασκευαστικὴ

243 1796 271 1844 et
288 1795 399 1856 Freneq.
412 1793 504 1842 mmet:
529 1789 604 1856 quod
621 1788 768 1853 explicent:
806 1785 918 1852 διαίτης
949 1783 1082 1858 καθαρᾶς
1113 1785 1164 1835 καὶ
1196 1779 1332 1851 ἀμγοῦς.

243 1869 345 1928 «Quem
370 1879 467 1932 sapere
492 1868 520 1916 el
544 1865 594 1916 lari
618 1866 648 1914 ul
670 1864 769 1928 possit,
806 1865 941 1926 Perqusm
957 1864 1048 1912 autem
1071 1858 1213 1926 probabile
1229 1863 1272 1910 est
1294 1857 1336 1909 le-

244 1953 314 2005 quee
331 1941 441 2001 sentim,
460 1943 544 2003 utque
557 1940 581 1988 ei
594 1939 676 2001 gralia
689 1939 770 1998 cel.,»
807 1937 924 1988 ctionem
940 1947 1098 2001 perversam
1115 1936 1148 1984 El
1163 1933 1337 1984 mustei-

244 2027 295 2064 nec
317 2015 360 2076 oui
382 2027 471 2076 sopore
491 2025 554 2063 cum
571 2011 627 2063 aliis
645 2010 772 2076 explicari
807 2017 877 2073 eleo,
900 2025 933 2062 ex
951 2022 1005 2073 qua
1020 2007 1103 2060 veluti
1125 2022 1159 2058 ex
1174 2021 1226 2057 oro
1243 2007 1338 2058 exclu-

244 2100 339 2153 posse:
360 2087 398 2138 «si
416 2087 453 2138 isi
471 2085 513 2136 vel
532 2099 610 2136 «oum
631 2088 653 2136 is
674 2099 771 2150 sapere
808 2099 870 2138 sum
887 2088 929 2137 est
945 2083 1129 2137 Bentleienum
1145 2082 1209 2134 illud
1226 2086 1255 2133 et
1270 2085 1336 2134 Pot-

245 2163 360 2228 possitp»
378 2175 429 2212 uec
447 2166 470 2212 et
486 2162 528 2211 eui
547 2165 589 2212 sel
606 2163 627 2212 si
645 2163 701 2222 ei‚»
720 2175 772 2212 nec
809 2163 963 2211 lierionum:
989 2161 1126 2210 Eteonos
1142 2164 1166 2208 et
1183 2159 1277 2217 uictus.
1304 2159 1338 2208 iis

245 2249 310 2288 vero
327 2249 421 2286 mrsus
432 2248 494 2286 oum
507 2234 578 2287 aliis:
598 2237 643 2285 «ul
658 2237 681 2286 is
692 2263 707 2273 -
718 2239 774 2286 -et
809 2235 917 2298 deberi,
935 2236 982 2298 qul
997 2232 1121 2284 vocabuli
1134 2234 1243 2282 mee
1253 2245 1338 2283 unam

246 2314 277 2362 ut
293 2311 348 2361 ei:»
374 2311 501 2374 quoniam
523 2311 562 2360 sio
584 2323 692 2374 quoque
711 2313 775 2376 post
809 2309 881 2361 illam
896 2309 1118 2374 significetiouem
1134 2303 1250 2371 κόσμου
1262 2309 1339 2358 teue-

247 2397 274 2434 v.
302 2384 404 2434 elusone
431 2385 554 2448 precario
580 2385 774 2436 assumendum
810 2385 879 2434 reni.
904 2411 933 2420 -
956 2384 1084 2445 mmm]
1110 2380 1233 2432 tsacculo
1256 2393 1339 2432 num-

248 2461 334 2510 esset:
354 2470 451 2521 «quam
469 2457 521 2508 hoo
538 2459 639 2522 ipsum,
658 2461 687 2508 ut
702 2461 773 2509 cet.»
812 2458 922 2508 mario.-
952 2459 1045 2507 soson.
1075 2456 1220 2507 cllum.
1235 2453 1336 2515 44,38;

249 2534 318 2594 Quid
329 2531 430 2584 mulla‘l
448 2535 517 2584 Cum
529 2535 625 2584 mutari
634 2533 690 2585 sine
700 2534 775 2597 grum
813 2533 873 2593 ouis
894 2533 961 2581 enin
982 2536 1007 2581 te
1028 2532 1154 2594 deficiente
1167 2543 1291 2580 menate
1305 2530 1340 2580 444

248 2611 344 2673 poetae
362 2606 460 2658 domno
478 2621 513 2658 ne
533 2606 647 2659 litterula
665 2607 775 2672 quidem
811 2610 933 2656 crescone
952 2606 1015 2669 puls
1029 2610 1116 2656 monet
1137 2603 1241 2655 amm?
1268 2604 1337 2655 Cru-

248 2683 348 2748 possit‚
378 2684 496 2732 sermoni
525 2681 696 2747 quotidiano,
725 2681 775 2733 sed
811 2681 896 2739 mino,
922 2680 954 2728 ut
973 2682 1015 2730 est
1036 2681 1064 2729 in
1084 2677 1150 2730 cod.
1164 2679 1199 2740 E,
1225 2691 1256 2728 re
1272 2691 1340 2728 vere

250 2755 460 2820 elegantissimo,
488 2759 515 2806 et
540 2756 668 2807 Lambiuo
693 2757 776 2807 Bent-
812 2753 923 2819 quidum
950 2754 1096 2818 antiquitus
1119 2752 1240 2804 scribere
1266 2750 1340 2804 sole-

249 2828 356 2892 leioque
369 2843 417 2881 nos
426 2830 585 2894 adaptemus
593 2843 705 2882 necesse
715 2832 774 2881 erit.
812 2829 886 2880 bunt.
914 2831 1061 2892 Ineptaest
1076 2828 1177 2878 Boiviui
1192 2828 1261 2878 conl
1288 2827 1341 2878 Go-

282 2906 354 2955 9-ll.
381 2917 468 2966 supere
491 2909 514 2953 et
534 2905 588 2966 fosi
604 2905 667 2969 cel]
687 2908 775 2955 erecte
812 2917 910 2954 moeno.

251 2979 368 3042 cogitare
399 2977 537 3040 (quocirca
569 2977 649 3026 etiam
681 2980 777 3028 rationi
846 2977 934 3028 ta-lt.
948 2979 1095 3040 increpes
1105 2979 1169 3039 oet]
1180 2973 1342 3043 Addityvoi-

251 3051 443 3104 convenienter
450 3051 530 3110 rivel)
541 3049 709 3113 iucundeque
716 3064 777 3102 sen·
812 3067 872 3117 μην
882 3065 905 3101 s.
918 3050 1007 3102 locum
1024 3063 1211 3113 communem,
1228 3064 1283 3116 quo
1295 3055 1340 3102 ts-

251 3138 298 3176 sus
315 3137 379 3174 euos
397 3122 529 3186 explicare
547 3126 627 3187 alque
645 3137 707 3174 oum
719 3124 776 3175 eliis
813 3138 877 3176 men
893 3137 1067 3189 nequaquem
1082 3125 1256 3191 reprehendit
1269 3127 1342 3178 emi-

250 3197 476 3250 communicares
496 3195 778 3261 Obboriusoomparet
814 3212 890 3259 cum,
915 3201 945 3250 ut
968 3201 1067 3263 opinati
1093 3204 1156 3250 sunt
1178 3201 1341 3264 interpretes

250 3269 358 3325 Periclis
370 3271 454 3322 verbe
465 3271 537 3337 apud
550 3271 671 3334 Thucyd.
685 3273 714 3334 2,
727 3273 777 3322 60:
814 3272 986 3325 morosiores.
1000 3275 1046 3324 Est
1055 3273 1198 3337 descriptio
1209 3275 1281 3325 vitoe
1293 3273 1343 3324 bu-

251 3339 369 3408 οὗδενὸς
386 3337 488 3412 ἥσσων
505 3341 605 3410 οἴομαι
622 3341 695 3398 εἶναι
708 3344 775 3413 γνῶ
813 3359 919 3408 monae,
930 3360 999 3410 quae
1011 3361 1045 3398 ex
1056 3350 1151 3398 natura
1161 3349 1342 3400 miseseriis

250 3423 299 3474 ναί
321 3436 351 3472 τε
366 3413 403 3472 τὰ
420 3418 523 3472 δέοντα
539 3419 778 3493 saulmerium
814 3419 953 3472 affectibus
975 3435 1086 3486 semper
1107 3423 1233 3486 agitetur.
1261 3424 1293 3472 ul
1313 3424 1342 3473 in

250 3494 350 3548 ταῦτα.
375 3524 402 3532 -
426 3496 526 3558 Gratia]
548 3496 680 3560 imprimis
705 3496 778 3560 opud
813 3493 971 3546 mortalibus
979 3494 1114 3558 omuibus,
1124 3497 1253 3546 sicetiem
1265 3497 1343 3548 iuli-

250 3569 401 3622 Messallam
411 3571 565 3621 Corvinum.
577 3570 691 3634 -somal
700 3571 776 3621 Ouid.
813 3566 900 3630 bullo,
923 3570 1032 3621 homine
1055 3571 1178 3634 quamvis
1198 3569 1343 3634 uunquulo

250 3647 309 3695 Am.
325 3646 352 3706 4,
373 3647 416 3704 iu,
436 3646 482 3694 27:
510 3646 594 3696 Donec
616 3651 689 3694 eunt
707 3646 779 3708 ipses
814 3643 1343 3710 nequesupervaeeneaeopulentieecu-

250 3731 375 3779 arcusque
391 3719 521 3780 Cupidinis
536 3733 627 3780 orote,
644 3719 779 3770 Ducuntur
814 3717 886 3782 pido.
904 3717 966 3781 Spes
976 3721 1019 3770 est
1035 3720 1186 3772 futurorum
1195 3719 1341 3780 bonorum.

250 3793 363 3853 umeri,
388 3793 453 3842 colle
479 3791 585 3853 Tibulle,
615 3793 660 3842 lui.
690 3822 717 3831 -
745 3795 778 3843 lit
812 3795 1085 3856 curopruesentium3
1103 3794 1342 3846 timeriumrorum

250 3867 358 3916 mondus-r
373 3865 461 3928 obito]
481 3867 533 3916 Cir.
553 3868 606 3917 Set.
625 3869 655 3928 i,
679 3869 709 3929 2,
734 3868 775 3919 443.
815 3867 960 3929 mulorum,
984 3868 1028 3918 iro
1049 3881 1098 3918 seu
1114 3867 1192 3918 dolor
1212 3881 1344 3933 praeseu-

251 3943 279 3993 el
296 3942 336 3992 65.
367 3941 421 3991 Cic.
443 3941 478 3990 de
501 3942 575 3993 ollio.
596 3944 624 4004 4,
648 3942 692 4004 36,
719 3943 775 3994 430,
816 3943 1343 4007 tiumllonsupervaceueemessebane

251 4015 331 4066 Corn.
349 4016 415 4079 Nep.
435 4015 486 4064 All.
507 4016 552 4078 43,
571 4017 601 4066 5:
629 4015 701 4066 Onmi
718 4017 778 4066 44444-
815 4015 1019 4081 explicationem
1036 4016 1243 4067 dooetsclrlitzii
1256 4020 1344 4083 suspi-

249 4090 335 4154 penlio
357 4089 522 4150 inuolutam,
549 4104 599 4140 ooo
619 4091 778 4154 affluentium
815 4093 871 4152 cio,
889 4089 1033 4154 legendum
1050 4103 1111 4142 esse
1129 4091 1342 4142 summeium

251 4164 394 4228 affectabat.
429 4163 532 4216 Adiect.
545 4167 653 4216 mondus
671 4167 712 4218 esi
723 4182 778 4216 κα-
813 4179 857 4217 vv.
872 4166 960 4218 ta-ii.
973 4165 1226 4231 transponendosin
1240 4167 1344 4230 Episto-
