2925 4892
268 350 311 414 78
651 347 781 398 nouauit
799 346 979 399 saululuuu

312 508 417 573 Suave
440 506 531 571 locus
553 504 624 569 voci
649 511 780 569 resonat
802 500 985 569 conclusus.
1033 502 1149 567 lnnnes

313 630 381 695 Hoc
404 628 505 701 iuvat,
530 624 616 691 lraud
639 623 717 690 illud
740 634 944 711 quaerentes,
968 644 1045 687 num
1069 623 1138 688 sine
1162 642 1271 697 sensu,

312 750 469 836 Tempore
492 768 569 813 nuru
591 746 707 813 l'aoiant
729 743 844 810 alieno.
890 743 1035 809 Laedere
1059 742 1203 828 gaudes,

313 870 432 957 lnquit,
456 878 489 934 et
510 869 572 934 hoc
594 865 701 933 studio
724 886 844 954 pravus
867 864 953 930 lacis.
1001 864 1089 931 Unde
1112 864 1248 951 petitum

313 992 382 1058 Hoc
406 991 436 1055 in
461 1011 514 1056 me
536 989 638 1055 iacis‘l
660 989 716 1053 Est
738 996 851 1053 auctor
872 986 946 1073 quis
969 985 1112 1073 denique
1134 1006 1262 1059 eorum,
1320 987 1365 1049 80

313 1112 381 1179 lliri
403 1132 478 1178 oum
499 1109 641 1197 quibus?
663 1108 837 1175 Absentem
860 1108 916 1195 qui
939 1106 1024 1173 rodit
1046 1106 1200 1183 amicum,

312 1233 375 1313 Qui
397 1252 461 1297 non
483 1231 627 1297 defendit
649 1229 712 1295 alio
735 1229 902 1317 culpante,
927 1228 1050 1295 solutos

313 1354 375 1433 Qui
398 1362 506 1440 captat
527 1352 611 1417 risus
633 1350 798 1417 hominum
822 1350 1003 1437 famamque
1027 1348 1165 1425 dicacis,

313 1474 448 1561 Fingere
470 1474 526 1560 qui
551 1493 615 1537 non
637 1473 705 1539 visa
728 1481 852 1559 potest,
876 1471 1050 1538 commissa
1073 1480 1180 1536 tacere

336 1672 377 1721 ili.
396 1671 479 1721 inanis
495 1684 519 1720 c.
541 1697 568 1707 -
587 1670 628 1719 79.
655 1670 741 1731 loquis
757 1668 808 1732 cdp
827 1671 854 1718 el
871 1681 940 1718 corr.
960 1667 995 1728 b,
1025 1669 1090 1717 ilem
1117 1666 1209 1717 LClFJ.
1237 1666 1332 1731 (lnquit

302 1746 383 1796 etiem
400 1740 417 1808 ξ
434 1757 497 1794 cum
514 1742 622 1795 duobus
641 1743 791 1805 Torrentil.)

270 1908 318 1944 arto
334 1895 361 1943 in
380 1893 573 1954 bnlneoploeet.
594 1914 621 1927 -
640 1891 709 1941 houd
724 1889 796 1954 illud]
833 1891 904 1951 dius,
928 1890 969 1939 cui
992 1903 1082 1939 nonen
1103 1895 1139 1939 est
1161 1888 1291 1946 Piomrio.
1319 1904 1368 1940 nec

272 1968 397 2018 «Gravior
408 1966 512 2028 negatio
524 1967 550 2015 in
562 1966 594 2015 iis
605 1968 732 2029 apparel,
752 1963 798 2014 ubi
835 1966 919 2014 minere
946 1964 1019 2029 nipar
1045 1977 1090 2013 nec
1114 1964 1197 2013 minui
1220 1966 1365 2027 confidens,

271 2054 354 2092 unum
371 2038 531 2089 vocabulum
543 2052 592 2089 sua
603 2039 744 2102 negatione
757 2039 799 2088 in·
835 2052 912 2101 quom
936 2039 977 2089 ille
1001 2039 1161 2089 Terentianus
1177 2044 1212 2088 est
1236 2040 1363 2089 Plrormio.

273 2114 389 2165 tenditur
405 2115 485 2176 atque
503 2125 556 2161 una
573 2125 617 2163 ree
632 2110 741 2175 reliquis
752 2124 800 2175 op-
837 2136 864 2148 —
876 2112 994 2177 Ronmne]
1005 2112 1162 2176 «virprohe,
1172 2112 1290 2163 uldecet
1301 2126 1367 2163 esse

275 2189 408 2253 ponitur.»
440 2188 513 2236 ilum
535 2187 612 2237 Turs.
634 2188 676 2235 lll.
706 2199 733 2249 p.
756 2185 797 2235 32.
835 2189 1009 2238 Romanum.»
1029 2187 1155 2237 —tribus
1178 2187 1254 2251 ιεειιε]
1273 2188 1367 2237 inuo-

274 2290 302 2299 -
320 2260 401 2324 mrsu]
419 2262 564 2311 communi.
583 2261 636 2310 Sat.
655 2260 685 2316 4,
704 2259 732 2319 3,
755 2260 796 2309 66.
835 2260 923 2312 decim
946 2261 1067 2311 homines
1093 2262 1119 2311 in
1146 2260 1269 2320 triclinio;
1300 2274 1367 2311 nam

275 2364 301 2372 -
329 2335 420 2398 lnquit]
445 2334 616 2385 adversarius
644 2332 753 2397 aliquis,
781 2326 799 2382 ὁ
836 2335 896 2386 inde
916 2334 1057 2386 triclinium
1075 2336 1176 2386 dictum
1194 2338 1249 2395 eet,
1268 2334 1326 2386 scil.
1348 2350 1365 2385 a

272 2407 376 2470 τυχών.
411 2410 483 2459 ilaec
508 2406 621 2460 lormula
646 2422 661 2457 a
685 2406 798 2458 librariis
835 2410 920 2462 tribus
945 2409 1046 2460 lectis.»
1077 2411 1160 2460 Coun.
1188 2412 1232 2461 Cr.
1264 2411 1365 2461 Lectus

271 2484 430 2549 plerumque
448 2484 587 2534 immutata
604 2485 646 2533 est
663 2484 689 2532 in
705 2482 797 2543 iocum
836 2486 918 2545 imus,
938 2484 1058 2545 medius,
1072 2497 1204 2535 summus.
1234 2484 1299 2533 Virlc
1312 2484 1367 2535 Ex·

274 2584 301 2595 -
329 2560 375 2609 loc
398 2560 479 2607 studio
501 2571 599 2619 pravus
623 2556 695 2620 sucis]
720 2570 799 2607 «cum
836 2571 945 2609 cursum
963 2558 995 2607 ad
1018 2560 1070 2607 Sal.
1089 2560 1119 2619 ι,
1138 2558 1167 2617 8,
1186 2559 1227 2607 2⁰.
1249 2584 1276 2594 -
1295 2572 1366 2619 quo-

271 2645 371 2698 pravus
388 2632 440 2693 sis,
467 2632 493 2682 id
513 2634 567 2692 est,
594 2634 704 2695 propter
721 2630 799 2681 mali·
835 2633 926 2694 uiuos]
948 2634 1074 2683 Summus
1095 2632 1138 2681 lric
1156 2644 1283 2681 numerus
1303 2634 1367 2681 erat

271 2710 350 2767 tiam,
378 2706 468 2757 dedita
492 2707 672 2771 operiuntque
690 2704 798 2755 assidue
835 2704 906 2770 apud
932 2705 1054 2755 homines
1073 2704 1257 2767 elegantiores.
1294 2706 1365 2755 ilinc

272 2783 324 2833 hoe
348 2782 437 2832 iecere
462 2778 535 2831 soles
561 2793 648 2844 eoque
671 2779 798 2843 gaudes.»
836 2779 890 2830 Cic.
913 2779 941 2828 in
966 2779 1017 2829 Pis.
1040 2779 1087 2839 ut,
1115 2780 1155 2829 67.
1181 2780 1220 2829 sie
1245 2780 1271 2829 iu
1297 2791 1366 2828 eum

273 2858 330 2907 Hoc
350 2857 423 2906 enim
443 2857 514 2904 inest
532 2856 559 2904 iu
577 2868 602 2903 v.
620 2855 715 2913 studio,
742 2854 800 2903 mit
835 2852 981 2903 invehitur:
1010 2854 1101 2903 Grnc'ei
1122 2854 1221 2915 stipati,
1245 2852 1314 2915 quini
1337 2853 1367 2901 in

272 2932 347 2978 Luat
370 2930 430 2978 und
453 2927 555 2984 tiata.
583 2930 613 2975 ut
630 2927 685 2977 Cic.
704 2938 753 2989 pro
771 2927 797 2975 S.
835 2927 943 2987 laetatu,
961 2940 1035 2989 saepe
1047 2928 1146 2989 plurem
1165 2928 1217 2989 ipre
1231 2927 1364 2977 solureel.

217 2989 224 3002 '
273 3001 367 3051 lloseio
384 3001 432 3061 32,
450 3001 495 3049 st:
513 3004 542 3049 ut
557 3013 641 3051 omnes
657 3000 799 3061 tnreuiaant
838 3028 865 3039 -
895 3002 973 3065 nuru]
1004 3002 1047 3053 «si
1075 3014 1128 3053 non
1156 3000 1260 3065 plures,
1292 3013 1366 3051 unus

272 3088 312 3124 me
327 3087 378 3123 non
393 3074 475 3123 studio
496 3087 631 3135 aceruum,
654 3075 697 3124 red
716 3074 798 3137 officio
835 3074 930 3126 saltem
953 3088 1061 3137 scurra,
1086 3088 1169 3139 quem
1192 3075 1266 3126 clives
1287 3088 1368 3125 men-

273 3148 409 3211 det'endere.
439 3172 466 3181 -
494 3148 546 3196 Hoc
570 3148 598 3197 in
621 3161 661 3197 nte
680 3147 752 3212 iacis]
770 3150 799 3197 ul
835 3163 881 3200 sae
913 3149 1042 3200 adhibere
1072 3150 1157 3211 solet,
1190 3154 1219 3199 ul
1249 3150 1366 3212 habeat,

273 3220 371 3273 crebro
397 3220 493 3270 dicitur
515 3220 614 3282 probra
637 3222 665 3271 in
690 3221 800 3283 aliquem
836 3225 911 3275 cuius
938 3225 1002 3275 iocis
1028 3238 1057 3275 se
1084 3226 1263 3287 convivasque
1286 3223 1369 3275 dele-

273 3298 363 3346 iccere.
384 3322 409 3333 -
430 3296 475 3345 list
490 3300 581 3346 auctor
596 3296 660 3361 quir]
682 3308 751 3355 uon,
770 3298 800 3345 ul
836 3300 914 3349 ciel.»
950 3300 1130 3363 Speciosaest
1149 3298 1314 3359 leoncianus,
1336 3304 1370 3350 ut

273 3369 374 3432 schol,
403 3370 483 3434 «quis
507 3373 550 3421 est
574 3373 706 3421 auctori»
734 3370 797 3420 sed:
835 3374 888 3421 Sat.
907 3374 937 3433 i,
955 3374 983 3433 8,
1009 3373 1054 3423 to:
1081 3375 1126 3423 imi
1149 3373 1272 3424 Conuiuae
1295 3373 1365 3423 lecti.

274 3448 365 3496 «estne
381 3448 475 3495 auctor
491 3443 586 3509 uliquis
604 3458 698 3495 eorum
715 3446 798 3493 ceti»
836 3446 901 3510 Epp.
922 3448 949 3509 4,
969 3448 1014 3508 48,
1038 3448 1084 3498 tu:
1112 3448 1157 3496 imi
1173 3448 1277 3497 Doisor
1297 3447 1366 3498 loeti.

305 3521 394 3571 tta-uu
421 3522 514 3570 solumi
539 3520 588 3582 (lui
611 3524 700 3583 captat
723 3517 798 3581 rure]
835 3521 948 3581 Verum¹
976 3522 1006 3569 ul
1021 3522 1096 3571 recte
1114 3520 1218 3570 dicatur
1234 3522 1300 3569 imus
1318 3522 1367 3571 imi

272 3590 480 3661 γελωτοποιός,
516 3596 561 3658 qui
589 3594 730 3644 hominum
754 3606 800 3643 ca-
836 3594 892 3643 tecti
908 3595 1014 3644 conviva
1031 3595 1145 3657 (Peirou.
1165 3595 1210 3645 38:
1243 3595 1313 3644 Vides
1332 3596 1368 3644 ii-

273 3669 385 3718 ehinnos
401 3680 510 3718 movere
522 3667 621 3718 studet.
637 3696 665 3707 -
677 3666 801 3728 iicuiper
835 3669 902 3729 turn,
927 3669 1014 3730 quiin
1036 3669 1088 3717 imo
1107 3669 1173 3719 imus
1188 3668 1361 3733 recreabili),

272 3741 319 3804 ert]
344 3741 403 3791 «hic
420 3744 461 3792 est
483 3740 613 3804 improbis
635 3739 755 3791 moribus
773 3740 800 3788 et
835 3735 945 3813 ἄκυρον
962 3745 1053 3793 temen
1069 3743 1176 3793 videtur
1192 3755 1276 3793 unum
1295 3744 1367 3794 iuter

272 3812 376 3877 perlido
401 3814 532 3875 ingenio.»
569 3813 657 3864 Alexis
682 3814 708 3862 in
732 3814 799 3863 Mei·
836 3819 890 3867 tres
908 3817 986 3866 trium
1004 3815 1135 3867 lectorum
1154 3818 1222 3867 imos
1239 3815 1369 3881 simplici-

273 3887 342 3936 nelrii
368 3887 409 3936 Fr.
434 3888 509 3936 Com.
537 3888 579 3936 lll.
602 3900 629 3951 p.
653 3886 719 3937 lii:
749 3882 799 3936 Ait*
836 3893 877 3940 ter
898 3891 977 3939 imum
994 3891 1054 3940 dici.
1075 3916 1104 3927 —
1123 3891 1197 3953 aaut]
1220 3904 1274 3941 non
1291 3898 1365 3951 ενοι,

272 3958 347 4019 ἐστι,
359 3959 527 4020 Ναυσίνικε,
540 3962 706 4031 παρασίτων
717 3961 796 4027 γένη·
836 3964 979 4027 requiritur
997 3978 1011 4014 a
1029 3966 1109 4015 totius
1134 3963 1269 4016 clausulae
1296 3978 1365 4017 con-

266 4027 318 4083 Ἓν
338 4032 393 4099 μιν
413 4029 448 4083 τὸ
468 4030 569 4085 κοινὸν
591 4036 639 4087 και
660 4050 799 4101 κεκωμῳ-
835 4038 994 4099 structione,
1038 4052 1087 4089 nec
1123 4037 1244 4091 subsistit
1281 4040 1366 4089 homo

272 4104 411 4174 δημένον,
437 4107 474 4157 04
496 4106 618 4173 μέλανες
643 4104 736 4174 ἡμεῖς.
758 4110 800 4159 Ci-
835 4112 946 4161 mordax
964 4110 1057 4162 insola
1070 4112 1368 4177 cupiditalealioscar-

273 4196 336 4233 cero
354 4194 403 4247 pro
425 4183 503 4233 Caco.
523 4184 570 4243 40,
588 4184 633 4233 27:
659 4186 719 4234 Ser.
742 4184 800 4234 Clo-
836 4186 925 4248 penui,
939 4186 1010 4249 quod
1024 4200 1107 4237 unum
1119 4189 1188 4237 inest
1200 4188 1225 4237 in
1237 4201 1263 4236 v.
1277 4200 1363 4237 overe.
