<?xml version="1.0" encoding="UTF-8"?>
<!DOCTYPE html PUBLIC "-//W3C//DTD XHTML 1.0 Transitional//EN"
    "http://www.w3.org/TR/xhtml1/DTD/xhtml1-transitional.dtd">
<html xmlns="http://www.w3.org/1999/xhtml" xml:lang="en" lang="en">
 <head>
  <title>
</title>
<meta http-equiv="Content-Type" content="text/html;charset=utf-8" />
  <meta name='ocr-system' content='tesseract 3.04.00' />
  <meta name='ocr-capabilities' content='ocr_page ocr_carea ocr_par ocr_line ocrx_word'/>
</head>
<body>
  <div class='ocr_page' id='page_1' title='image "./qhoratiusflaccu03baitgoog/qhoratiusflaccu03baitgoog_0130.png"; bbox 0 0 2925 4892; ppageno 0'>
   <div class='ocr_carea' id='block_1_1' title="bbox 255 335 962 401">
    <p class='ocr_par' dir='ltr' id='par_1_1' title="bbox 255 335 962 401">
     <span class='ocr_line' id='line_1_1' title="bbox 255 335 962 401; baseline -0.01 -7"><span class='ocrx_word' id='word_1_1' title='bbox 255 335 317 401; x_wconf 65' lang='lat' dir='ltr'>ild</span> <span class='ocrx_word' id='word_1_2' title='bbox 634 336 763 386; x_wconf 77' lang='lat' dir='ltr'>llOltA&#39;l&#39;ll</span> <span class='ocrx_word' id='word_1_3' title='bbox 781 336 962 389; x_wconf 73' lang='lat' dir='ltr'>stitutuhhi</span> 
     </span>
    </p>
   </div>
   <div class='ocr_carea' id='block_1_2' title="bbox 293 490 1347 1542">
    <p class='ocr_par' dir='ltr' id='par_1_2' title="bbox 297 490 1106 579">
     <span class='ocr_line' id='line_1_2' title="bbox 297 490 1106 579; baseline -0.002 -23"><span class='ocrx_word' id='word_1_4' title='bbox 297 493 348 558; x_wconf 81' lang='lat' dir='ltr'>ile</span> <span class='ocrx_word' id='word_1_5' title='bbox 370 492 507 578; x_wconf 91' lang='lat' dir='ltr'>possim,</span> <span class='ocrx_word' id='word_1_6' title='bbox 531 510 608 557; x_wconf 81' lang='lat' dir='ltr'>casu</span> <span class='ocrx_word' id='word_1_7' title='bbox 630 490 720 579; x_wconf 89' lang='lat' dir='ltr'>qnod</span> <span class='ocrx_word' id='word_1_8' title='bbox 743 500 774 555; x_wconf 90' lang='lat' dir='ltr'>te</span> <span class='ocrx_word' id='word_1_9' title='bbox 797 490 928 555; x_wconf 89' lang='lat' dir='ltr'>sortitus</span> <span class='ocrx_word' id='word_1_10' title='bbox 951 490 1106 568; x_wconf 87' lang='lat' dir='ltr'>amicum;</span> 
     </span>
    </p>

    <p class='ocr_par' dir='ltr' id='par_1_3' title="bbox 295 609 1345 938">
     <span class='ocr_line' id='line_1_3' title="bbox 296 609 1182 697; baseline -0.003 -19"><span class='ocrx_word' id='word_1_11' title='bbox 296 611 389 678; x_wconf 89' lang='lat' dir='ltr'>Nulla</span> <span class='ocrx_word' id='word_1_12' title='bbox 410 613 528 678; x_wconf 78' lang='lat' dir='ltr'><strong>etenim</strong></span> <span class='ocrx_word' id='word_1_13' title='bbox 550 610 628 676; x_wconf 83' lang='lat' dir='ltr'>milri</span> <span class='ocrx_word' id='word_1_14' title='bbox 650 622 682 677; x_wconf 89' lang='lat' dir='ltr'>te</span> <span class='ocrx_word' id='word_1_15' title='bbox 703 609 769 675; x_wconf 84' lang='lat' dir='ltr'>fors</span> <span class='ocrx_word' id='word_1_16' title='bbox 791 609 918 676; x_wconf 92' lang='lat' dir='ltr'>obtulit:</span> <span class='ocrx_word' id='word_1_17' title='bbox 943 610 1083 697; x_wconf 88' lang='lat' dir='ltr'>optimus</span> <span class='ocrx_word' id='word_1_18' title='bbox 1106 610 1182 676; x_wconf 91' lang='lat' dir='ltr'>olim</span> 
     </span>
     <span class='ocr_line' id='line_1_4' title="bbox 295 728 1345 819; baseline -0.001 -22"><span class='ocrx_word' id='word_1_19' title='bbox 295 732 458 819; x_wconf 83' lang='lat' dir='ltr'>Virgilius,</span> <span class='ocrx_word' id='word_1_20' title='bbox 482 731 662 818; x_wconf 91' lang='lat' dir='ltr'>posthunc</span> <span class='ocrx_word' id='word_1_21' title='bbox 684 731 798 796; x_wconf 85' lang='lat' dir='ltr'>Varius</span> <span class='ocrx_word' id='word_1_22' title='bbox 820 728 947 804; x_wconf 84' lang='lat' dir='ltr'>dixere,</span> <span class='ocrx_word' id='word_1_23' title='bbox 972 730 1050 817; x_wconf 93' lang='lat' dir='ltr'>quid</span> <span class='ocrx_word' id='word_1_24' title='bbox 1073 752 1191 797; x_wconf 89' lang='lat' dir='ltr'>essem.</span> <span class='ocrx_word' id='word_1_25' title='bbox 1301 735 1345 796; x_wconf 80' lang='lat'>55</span> 
     </span>
     <span class='ocr_line' id='line_1_5' title="bbox 296 849 1053 938; baseline -0.007 -18"><span class='ocrx_word' id='word_1_26' title='bbox 296 854 336 920; x_wconf 92' lang='lat' dir='ltr'>Ut</span> <span class='ocrx_word' id='word_1_27' title='bbox 356 853 429 919; x_wconf 87' lang='lat' dir='ltr'>veni</span> <span class='ocrx_word' id='word_1_28' title='bbox 451 872 576 929; x_wconf 87' lang='lat' dir='ltr'>coram,</span> <span class='ocrx_word' id='word_1_29' title='bbox 599 850 762 938; x_wconf 79' lang='lat' dir='ltr'>singultim</span> <span class='ocrx_word' id='word_1_30' title='bbox 783 870 885 938; x_wconf 83' lang='lat' dir='ltr'>pauca</span> <span class='ocrx_word' id='word_1_31' title='bbox 909 849 1053 927; x_wconf 90' lang='lat' dir='ltr'>locutus,</span> 
     </span>
    </p>

    <p class='ocr_par' dir='ltr' id='par_1_4' title="bbox 294 970 1174 1059">
     <span class='ocr_line' id='line_1_6' title="bbox 294 970 1174 1059; baseline -0.002 -21"><span class='ocrx_word' id='word_1_32' title='bbox 294 973 400 1039; x_wconf 85' lang='lat' dir='ltr'>infans</span> <span class='ocrx_word' id='word_1_33' title='bbox 422 993 562 1059; x_wconf 87' lang='lat' dir='ltr'>namque</span> <span class='ocrx_word' id='word_1_34' title='bbox 585 970 691 1058; x_wconf 92' lang='lat' dir='ltr'>pudor</span> <span class='ocrx_word' id='word_1_35' title='bbox 712 970 905 1058; x_wconf 88' lang='lat' dir='ltr'>prohibebat</span> <span class='ocrx_word' id='word_1_36' title='bbox 924 970 1017 1058; x_wconf 88' lang='lat' dir='ltr'>plura</span> <span class='ocrx_word' id='word_1_37' title='bbox 1039 970 1174 1057; x_wconf 82' lang='lat' dir='ltr'>profari,</span> 
     </span>
    </p>

    <p class='ocr_par' dir='ltr' id='par_1_5' title="bbox 293 1091 1213 1179">
     <span class='ocr_line' id='line_1_7' title="bbox 293 1091 1213 1179; baseline -0.001 -19"><span class='ocrx_word' id='word_1_38' title='bbox 293 1096 364 1160; x_wconf 93' lang='lat' dir='ltr'>Non</span> <span class='ocrx_word' id='word_1_39' title='bbox 386 1114 449 1179; x_wconf 83' lang='lat' dir='ltr'>ego</span> <span class='ocrx_word' id='word_1_40' title='bbox 471 1112 524 1159; x_wconf 89' lang='lat' dir='ltr'>me</span> <span class='ocrx_word' id='word_1_41' title='bbox 546 1091 635 1159; x_wconf 83' lang='lat' dir='ltr'>claro</span> <span class='ocrx_word' id='word_1_42' title='bbox 657 1102 767 1157; x_wconf 88' lang='lat' dir='ltr'>natum</span> <span class='ocrx_word' id='word_1_43' title='bbox 791 1101 895 1178; x_wconf 84' lang='lat' dir='ltr'>patre,</span> <span class='ocrx_word' id='word_1_44' title='bbox 919 1112 984 1157; x_wconf 93' lang='lat' dir='ltr'>non</span> <span class='ocrx_word' id='word_1_45' title='bbox 1007 1112 1069 1179; x_wconf 85' lang='lat' dir='ltr'>ego</span> <span class='ocrx_word' id='word_1_46' title='bbox 1091 1092 1213 1159; x_wconf 88' lang='lat' dir='ltr'>circum</span> 
     </span>
    </p>

    <p class='ocr_par' dir='ltr' id='par_1_6' title="bbox 293 1212 962 1287">
     <span class='ocr_line' id='line_1_8' title="bbox 293 1212 962 1287; baseline -0.001 -9"><span class='ocrx_word' id='word_1_47' title='bbox 293 1214 343 1279; x_wconf 85' lang='lat' dir='ltr'>hle</span> <span class='ocrx_word' id='word_1_48' title='bbox 366 1213 557 1279; x_wconf 77' lang='lat' dir='ltr'>Satureiano</span> <span class='ocrx_word' id='word_1_49' title='bbox 579 1213 699 1279; x_wconf 84' lang='lat' dir='ltr'>vectari</span> <span class='ocrx_word' id='word_1_50' title='bbox 721 1234 799 1279; x_wconf 83' lang='lat' dir='ltr'>rura</span> <span class='ocrx_word' id='word_1_51' title='bbox 821 1212 962 1287; x_wconf 77' lang='lat' dir='ltr'>caballo,</span> 
     </span>
    </p>

    <p class='ocr_par' dir='ltr' id='par_1_7' title="bbox 293 1332 1347 1542">
     <span class='ocr_line' id='line_1_9' title="bbox 294 1332 1347 1421; baseline 0.002 -22"><span class='ocrx_word' id='word_1_52' title='bbox 294 1333 368 1409; x_wconf 91' lang='lat' dir='ltr'>Sed,</span> <span class='ocrx_word' id='word_1_53' title='bbox 393 1332 482 1421; x_wconf 91' lang='lat' dir='ltr'>quod</span> <span class='ocrx_word' id='word_1_54' title='bbox 498 1354 597 1409; x_wconf 87' lang='lat' dir='ltr'>eram,</span> <span class='ocrx_word' id='word_1_55' title='bbox 621 1354 726 1399; x_wconf 87' lang='lat' dir='ltr'>narro.</span> <span class='ocrx_word' id='word_1_56' title='bbox 751 1332 948 1420; x_wconf 73' lang='lat' dir='ltr'>Respondes</span> <span class='ocrx_word' id='word_1_57' title='bbox 972 1344 1007 1398; x_wconf 91' lang='lat' dir='ltr'>ut</span> <span class='ocrx_word' id='word_1_58' title='bbox 1023 1343 1096 1399; x_wconf 89' lang='lat' dir='ltr'>tuus</span> <span class='ocrx_word' id='word_1_59' title='bbox 1112 1344 1160 1399; x_wconf 90' lang='lat' dir='ltr'>est</span> <span class='ocrx_word' id='word_1_60' title='bbox 1176 1356 1254 1409; x_wconf 88' lang='lat' dir='ltr'>mos,</span> <span class='ocrx_word' id='word_1_61' title='bbox 1301 1339 1347 1401; x_wconf 84' lang='lat'>60</span> 
     </span>
     <span class='ocr_line' id='line_1_10' title="bbox 293 1453 1273 1542; baseline 0.001 -22"><span class='ocrx_word' id='word_1_62' title='bbox 293 1455 417 1520; x_wconf 84' lang='lat' dir='ltr'>Pauca:</span> <span class='ocrx_word' id='word_1_63' title='bbox 441 1453 541 1531; x_wconf 82' lang='lat' dir='ltr'>abeo;</span> <span class='ocrx_word' id='word_1_64' title='bbox 563 1464 597 1519; x_wconf 91' lang='lat' dir='ltr'>et</span> <span class='ocrx_word' id='word_1_65' title='bbox 618 1474 753 1520; x_wconf 81' lang='lat' dir='ltr'>revocas</span> <span class='ocrx_word' id='word_1_66' title='bbox 776 1474 862 1519; x_wconf 92' lang='lat' dir='ltr'>nono</span> <span class='ocrx_word' id='word_1_67' title='bbox 884 1464 958 1541; x_wconf 89' lang='lat' dir='ltr'>post</span> <span class='ocrx_word' id='word_1_68' title='bbox 980 1473 1092 1519; x_wconf 90' lang='lat' dir='ltr'>mense</span> <span class='ocrx_word' id='word_1_69' title='bbox 1115 1454 1273 1542; x_wconf 90' lang='lat' dir='ltr'>iubesque</span> 
     </span>
    </p>
   </div>
   <div class='ocr_carea' id='block_1_3' title="bbox 262 1713 1310 2075">
    <p class='ocr_par' dir='ltr' id='par_1_8' title="bbox 262 1713 1310 2075">
     <span class='ocr_line' id='line_1_11' title="bbox 316 1713 1310 1779; baseline 0.003 -13"><span class='ocrx_word' id='word_1_70' title='bbox 316 1717 356 1766; x_wconf 77' lang='lat'>53.</span> <span class='ocrx_word' id='word_1_71' title='bbox 382 1728 485 1778; x_wconf 72' lang='lat' dir='ltr'>potaron</span> <span class='ocrx_word' id='word_1_72' title='bbox 501 1728 528 1779; x_wconf 92' lang='lat' dir='ltr'>p,</span> <span class='ocrx_word' id='word_1_73' title='bbox 547 1728 617 1765; x_wconf 87' lang='lat' dir='ltr'>corr.</span> <span class='ocrx_word' id='word_1_74' title='bbox 636 1714 673 1764; x_wconf 87' lang='lat' dir='ltr'>bs</span> <span class='ocrx_word' id='word_1_75' title='bbox 691 1719 717 1765; x_wconf 90' lang='lat' dir='ltr'>et</span> <span class='ocrx_word' id='word_1_76' title='bbox 735 1716 851 1765; x_wconf 87' lang='lat' dir='ltr'>Pottierii</span> <span class='ocrx_word' id='word_1_77' title='bbox 869 1713 1003 1779; x_wconf 85' lang='lat' dir='ltr'>plerique,</span> <span class='ocrx_word' id='word_1_78' title='bbox 1023 1716 1102 1775; x_wconf 82' lang='lat' dir='ltr'>LCtF,</span> <span class='ocrx_word' id='word_1_79' title='bbox 1119 1722 1220 1777; x_wconf 81' lang='lat' dir='ltr'>possunt</span> <span class='ocrx_word' id='word_1_80' title='bbox 1237 1719 1310 1769; x_wconf 88' lang='lat' dir='ltr'>duce</span> 
     </span>
     <span class='ocr_line' id='line_1_12' title="bbox 262 1789 1308 1855; baseline -0.001 -12"><span class='ocrx_word' id='word_1_81' title='bbox 262 1794 390 1843; x_wconf 89' lang='lat' dir='ltr'>·C0mm.</span> <span class='ocrx_word' id='word_1_82' title='bbox 411 1790 492 1853; x_wconf 84' lang='lat' dir='ltr'>Cmq.</span> <span class='ocrx_word' id='word_1_83' title='bbox 512 1789 645 1839; x_wconf 83' lang='lat' dir='ltr'>Bentleius</span> <span class='ocrx_word' id='word_1_84' title='bbox 662 1791 745 1839; x_wconf 88' lang='lat' dir='ltr'>etsie</span> <span class='ocrx_word' id='word_1_85' title='bbox 764 1790 816 1839; x_wconf 86' lang='lat' dir='ltr'>iam</span> <span class='ocrx_word' id='word_1_86' title='bbox 833 1789 881 1839; x_wconf 89' lang='lat' dir='ltr'>Ed.</span> <span class='ocrx_word' id='word_1_87' title='bbox 900 1790 1005 1839; x_wconf 85' lang='lat' dir='ltr'>zerotti.</span> <span class='ocrx_word' id='word_1_88' title='bbox 1025 1790 1065 1851; x_wconf 87' lang='lat' dir='ltr'>(Ut</span> <span class='ocrx_word' id='word_1_89' title='bbox 1081 1804 1130 1841; x_wconf 91' lang='lat' dir='ltr'>nos</span> <span class='ocrx_word' id='word_1_90' title='bbox 1147 1791 1193 1851; x_wconf 90' lang='lat' dir='ltr'>cd,</span> <span class='ocrx_word' id='word_1_91' title='bbox 1212 1805 1253 1855; x_wconf 90' lang='lat' dir='ltr'>pr.</span> <span class='ocrx_word' id='word_1_92' title='bbox 1269 1792 1308 1842; x_wconf 89' lang='lat' dir='ltr'>hs</span> 
     </span>
     <span class='ocr_line' id='line_1_13' title="bbox 285 1862 1306 1927; baseline 0 -10"><span class='ocrx_word' id='word_1_93' title='bbox 285 1871 313 1917; x_wconf 90' lang='lat' dir='ltr'>et</span> <span class='ocrx_word' id='word_1_94' title='bbox 338 1864 455 1915; x_wconf 82' lang='lat' dir='ltr'>Pottierii</span> <span class='ocrx_word' id='word_1_95' title='bbox 480 1864 553 1924; x_wconf 77' lang='lat' dir='ltr'>duo.)</span> <span class='ocrx_word' id='word_1_96' title='bbox 581 1890 609 1899; x_wconf 91' lang='lat'>-</span> <span class='ocrx_word' id='word_1_97' title='bbox 638 1862 678 1913; x_wconf 79' lang='lat' dir='ltr'>tt.</span> <span class='ocrx_word' id='word_1_98' title='bbox 704 1864 749 1911; x_wconf 85' lang='lat' dir='ltr'>tihi</span> <span class='ocrx_word' id='word_1_99' title='bbox 772 1876 812 1912; x_wconf 81' lang='lat' dir='ltr'>nie</span> <span class='ocrx_word' id='word_1_100' title='bbox 837 1864 935 1914; x_wconf 88' lang='lat' dir='ltr'>eCod.</span> <span class='ocrx_word' id='word_1_101' title='bbox 954 1862 1078 1913; x_wconf 82' lang='lat' dir='ltr'>ituddim.</span> <span class='ocrx_word' id='word_1_102' title='bbox 1098 1866 1133 1927; x_wconf 83' lang='lat' dir='ltr'>(et</span> <span class='ocrx_word' id='word_1_103' title='bbox 1151 1879 1183 1915; x_wconf 78' lang='lat' dir='ltr'>ex</span> <span class='ocrx_word' id='word_1_104' title='bbox 1201 1868 1306 1917; x_wconf 87' lang='lat' dir='ltr'>Comm.</span> 
     </span>
     <span class='ocr_line' id='line_1_14' title="bbox 286 1936 1308 2003; baseline 0.002 -13"><span class='ocrx_word' id='word_1_105' title='bbox 286 1940 396 1999; x_wconf 86' lang='lat' dir='ltr'>cruquii</span> <span class='ocrx_word' id='word_1_106' title='bbox 412 1952 452 1987; x_wconf 83' lang='lat' dir='ltr'>me</span> <span class='ocrx_word' id='word_1_107' title='bbox 469 1938 522 2000; x_wconf 81' lang='lat' dir='ltr'>tihi)</span> <span class='ocrx_word' id='word_1_108' title='bbox 540 1936 683 1987; x_wconf 85' lang='lat' dir='ltr'>Bentleius.</span> <span class='ocrx_word' id='word_1_109' title='bbox 719 1939 760 1999; x_wconf 87' lang='lat' dir='ltr'>(tlt</span> <span class='ocrx_word' id='word_1_110' title='bbox 776 1950 838 1998; x_wconf 89' lang='lat' dir='ltr'>nos,</span> <span class='ocrx_word' id='word_1_111' title='bbox 866 1950 960 1987; x_wconf 89' lang='lat' dir='ltr'>omnes</span> <span class='ocrx_word' id='word_1_112' title='bbox 978 1939 1061 1987; x_wconf 90' lang='lat' dir='ltr'>nostri</span> <span class='ocrx_word' id='word_1_113' title='bbox 1079 1942 1106 1989; x_wconf 89' lang='lat' dir='ltr'>et</span> <span class='ocrx_word' id='word_1_114' title='bbox 1123 1940 1258 2003; x_wconf 69' lang='lat' dir='ltr'>potnerit.)</span> <span class='ocrx_word' id='word_1_115' title='bbox 1279 1966 1308 1977; x_wconf 93' lang='lat'>—</span> 
     </span>
     <span class='ocr_line' id='line_1_15' title="bbox 284 2012 628 2075; baseline -0.009 -12"><span class='ocrx_word' id='word_1_116' title='bbox 284 2016 325 2063; x_wconf 75' lang='lat'>55.</span> <span class='ocrx_word' id='word_1_117' title='bbox 346 2015 427 2063; x_wconf 66' lang='lat' dir='ltr'>Varro</span> <span class='ocrx_word' id='word_1_118' title='bbox 442 2012 481 2062; x_wconf 91' lang='lat' dir='ltr'>bd</span> <span class='ocrx_word' id='word_1_119' title='bbox 498 2014 560 2075; x_wconf 88' lang='lat' dir='ltr'>(non</span> <span class='ocrx_word' id='word_1_120' title='bbox 578 2012 628 2072; x_wconf 80' lang='lat' dir='ltr'>Se).</span> 
     </span>
    </p>
   </div>
   <div class='ocr_carea' id='block_1_4' title="bbox 250 2240 1353 4233">
    <p class='ocr_par' dir='ltr' id='par_1_9' title="bbox 250 2240 1353 4233">
     <span class='ocr_line' id='line_1_16' title="bbox 250 2240 1342 2309; baseline 0.002 -14"><span class='ocrx_word' id='word_1_121' title='bbox 250 2243 392 2295; x_wconf 82' lang='lat' dir='ltr'>mendetus</span> <span class='ocrx_word' id='word_1_122' title='bbox 413 2256 476 2293; x_wconf 88' lang='lat' dir='ltr'>cum</span> <span class='ocrx_word' id='word_1_123' title='bbox 497 2254 588 2293; x_wconf 84' lang='lat' dir='ltr'>essem</span> <span class='ocrx_word' id='word_1_124' title='bbox 610 2240 645 2291; x_wconf 82' lang='lat' dir='ltr'>ah</span> <span class='ocrx_word' id='word_1_125' title='bbox 667 2241 776 2302; x_wconf 87' lang='lat' dir='ltr'>amicis,</span> <span class='ocrx_word' id='word_1_126' title='bbox 814 2254 849 2291; x_wconf 85' lang='lat' dir='ltr'>on</span> <span class='ocrx_word' id='word_1_127' title='bbox 870 2243 921 2292; x_wconf 83' lang='lat' dir='ltr'>mir</span> <span class='ocrx_word' id='word_1_128' title='bbox 940 2247 1037 2292; x_wconf 64' lang='lat' dir='ltr'>weron</span> <span class='ocrx_word' id='word_1_129' title='bbox 1066 2244 1121 2293; x_wconf 88' lang='lat' dir='ltr'>Cic.</span> <span class='ocrx_word' id='word_1_130' title='bbox 1140 2243 1175 2293; x_wconf 90' lang='lat' dir='ltr'>ad</span> <span class='ocrx_word' id='word_1_131' title='bbox 1197 2245 1285 2296; x_wconf 85' lang='lat' dir='ltr'>Famil.</span> <span class='ocrx_word' id='word_1_132' title='bbox 1307 2248 1342 2309; x_wconf 78' lang='lat'>5,</span> 
     </span>
     <span class='ocr_line' id='line_1_17' title="bbox 250 2314 1343 2383; baseline 0 -14"><span class='ocrx_word' id='word_1_133' title='bbox 250 2320 325 2369; x_wconf 89' lang='lat' dir='ltr'>certo</span> <span class='ocrx_word' id='word_1_134' title='bbox 337 2316 448 2369; x_wconf 85' lang='lat' dir='ltr'>consilio</span> <span class='ocrx_word' id='word_1_135' title='bbox 460 2330 492 2367; x_wconf 88' lang='lat' dir='ltr'>ac</span> <span class='ocrx_word' id='word_1_136' title='bbox 503 2315 600 2365; x_wconf 86' lang='lat' dir='ltr'>indicio</span> <span class='ocrx_word' id='word_1_137' title='bbox 611 2318 656 2366; x_wconf 92' lang='lat' dir='ltr'>tuo</span> <span class='ocrx_word' id='word_1_138' title='bbox 666 2314 693 2365; x_wconf 92' lang='lat' dir='ltr'>in</span> <span class='ocrx_word' id='word_1_139' title='bbox 704 2316 778 2363; x_wconf 85' lang='lat' dir='ltr'>tunm</span> <span class='ocrx_word' id='word_1_140' title='bbox 816 2316 861 2375; x_wconf 74' lang='lat'>⁴2,</span> <span class='ocrx_word' id='word_1_141' title='bbox 881 2316 908 2365; x_wconf 84' lang='lat'>6:</span> <span class='ocrx_word' id='word_1_142' title='bbox 934 2316 1019 2377; x_wconf 78' lang='lat' dir='ltr'>Neque</span> <span class='ocrx_word' id='word_1_143' title='bbox 1040 2318 1252 2382; x_wconf 68' lang='lat' dir='ltr'>mentones,</span> <span class='ocrx_word' id='word_1_144' title='bbox 1279 2322 1343 2383; x_wconf 81' lang='lat' dir='ltr'>qui,</span> 
     </span>
     <span class='ocr_line' id='line_1_18' title="bbox 252 2387 1347 2456; baseline 0.003 -15"><span class='ocrx_word' id='word_1_145' title='bbox 252 2392 363 2456; x_wconf 87' lang='lat' dir='ltr'>perveni</span> <span class='ocrx_word' id='word_1_146' title='bbox 380 2389 609 2443; x_wconf 76' lang='lat' dir='ltr'>familiaritatem.»</span> <span class='ocrx_word' id='word_1_147' title='bbox 630 2416 658 2426; x_wconf 95' lang='lat'>-</span> <span class='ocrx_word' id='word_1_148' title='bbox 673 2388 777 2450; x_wconf 78' lang='lat' dir='ltr'>possim]</span> <span class='ocrx_word' id='word_1_149' title='bbox 816 2390 858 2450; x_wconf 83' lang='lat' dir='ltr'>qui</span> <span class='ocrx_word' id='word_1_150' title='bbox 872 2387 912 2451; x_wconf 83' lang='lat' dir='ltr'>(nl.</span> <span class='ocrx_word' id='word_1_151' title='bbox 927 2389 996 2453; x_wconf 82' lang='lat' dir='ltr'>quid)</span> <span class='ocrx_word' id='word_1_152' title='bbox 1007 2391 1053 2451; x_wconf 78' lang='lat' dir='ltr'>n&#39;r,</span> <span class='ocrx_word' id='word_1_153' title='bbox 1071 2394 1179 2453; x_wconf 72' lang='lat' dir='ltr'>motor,</span> <span class='ocrx_word' id='word_1_154' title='bbox 1197 2398 1221 2443; x_wconf 79' lang='lat' dir='ltr'>ot</span> <span class='ocrx_word' id='word_1_155' title='bbox 1236 2395 1347 2454; x_wconf 80' lang='lat' dir='ltr'>quinon</span> 
     </span>
     <span class='ocr_line' id='line_1_19' title="bbox 253 2462 1343 2531; baseline 0.002 -16"><span class='ocrx_word' id='word_1_156' title='bbox 253 2464 364 2516; x_wconf 82' lang='lat' dir='ltr'>Facilius</span> <span class='ocrx_word' id='word_1_157' title='bbox 390 2464 538 2516; x_wconf 82' lang='lat' dir='ltr'>modestior</span> <span class='ocrx_word' id='word_1_158' title='bbox 562 2464 607 2514; x_wconf 91' lang='lat' dir='ltr'>hic</span> <span class='ocrx_word' id='word_1_159' title='bbox 631 2462 728 2514; x_wconf 86' lang='lat' dir='ltr'>modus</span> <span class='ocrx_word' id='word_1_160' title='bbox 752 2464 779 2511; x_wconf 87' lang='lat' dir='ltr'>in</span> <span class='ocrx_word' id='word_1_161' title='bbox 816 2464 968 2527; x_wconf 70' lang='lat' dir='ltr'>coempta,</span> <span class='ocrx_word' id='word_1_162' title='bbox 995 2465 1039 2524; x_wconf 83' lang='lat' dir='ltr'>qui</span> <span class='ocrx_word' id='word_1_163' title='bbox 1059 2470 1081 2513; x_wconf 77' lang='lat' dir='ltr'>tn</span> <span class='ocrx_word' id='word_1_164' title='bbox 1098 2480 1148 2515; x_wconf 83' lang='lat' dir='ltr'>non</span> <span class='ocrx_word' id='word_1_165' title='bbox 1165 2468 1343 2531; x_wconf 58' lang='lat' dir='ltr'>amnentur,</span> 
     </span>
     <span class='ocr_line' id='line_1_20' title="bbox 253 2537 1346 2603; baseline 0.003 -14"><span class='ocrx_word' id='word_1_166' title='bbox 253 2540 425 2591; x_wconf 85' lang='lat' dir='ltr'>indicativum</span> <span class='ocrx_word' id='word_1_167' title='bbox 454 2540 552 2591; x_wconf 72' lang='lat' dir='ltr'>mutari</span> <span class='ocrx_word' id='word_1_168' title='bbox 584 2540 670 2603; x_wconf 90' lang='lat' dir='ltr'>potnit</span> <span class='ocrx_word' id='word_1_169' title='bbox 697 2550 779 2600; x_wconf 88' lang='lat' dir='ltr'>qnam</span> <span class='ocrx_word' id='word_1_170' title='bbox 816 2537 923 2597; x_wconf 76' lang='lat' dir='ltr'>invidos,</span> <span class='ocrx_word' id='word_1_171' title='bbox 942 2550 1088 2599; x_wconf 80' lang='lat' dir='ltr'>quomens,</span> <span class='ocrx_word' id='word_1_172' title='bbox 1107 2540 1282 2602; x_wconf 79' lang='lat' dir='ltr'>quiloudent,</span> <span class='ocrx_word' id='word_1_173' title='bbox 1300 2556 1346 2592; x_wconf 76' lang='lat' dir='ltr'>us-</span> 
     </span>
     <span class='ocr_line' id='line_1_21' title="bbox 252 2611 1346 2678; baseline 0.002 -13"><span class='ocrx_word' id='word_1_174' title='bbox 252 2618 355 2665; x_wconf 86' lang='lat' dir='ltr'>contra.</span> <span class='ocrx_word' id='word_1_175' title='bbox 392 2614 504 2665; x_wconf 84' lang='lat' dir='ltr'>Bentleii</span> <span class='ocrx_word' id='word_1_176' title='bbox 528 2613 657 2665; x_wconf 86' lang='lat' dir='ltr'>lectiones</span> <span class='ocrx_word' id='word_1_177' title='bbox 682 2611 779 2661; x_wconf 87' lang='lat' dir='ltr'>ductae</span> <span class='ocrx_word' id='word_1_178' title='bbox 816 2616 952 2661; x_wconf 74' lang='lat' dir='ltr'>tentatores</span> <span class='ocrx_word' id='word_1_179' title='bbox 968 2612 1099 2664; x_wconf 75' lang='lat' dir='ltr'>arbitrere.</span> <span class='ocrx_word' id='word_1_180' title='bbox 1131 2614 1205 2665; x_wconf 85' lang='lat' dir='ltr'>Ouid.</span> <span class='ocrx_word' id='word_1_181' title='bbox 1219 2616 1280 2665; x_wconf 86' lang='lat' dir='ltr'>Her.</span> <span class='ocrx_word' id='word_1_182' title='bbox 1295 2618 1346 2678; x_wconf 68' lang='lat' dir='ltr'>te,</span> 
     </span>
     <span class='ocr_line' id='line_1_22' title="bbox 252 2684 1345 2749; baseline -0.002 -8"><span class='ocrx_word' id='word_1_183' title='bbox 252 2692 316 2741; x_wconf 87' lang='lat' dir='ltr'>sunt</span> <span class='ocrx_word' id='word_1_184' title='bbox 332 2690 461 2740; x_wconf 78' lang='lat' dir='ltr'>excouu.</span> <span class='ocrx_word' id='word_1_185' title='bbox 476 2691 568 2747; x_wconf 77' lang='lat' dir='ltr'>cuno:</span> <span class='ocrx_word' id='word_1_186' title='bbox 588 2690 662 2739; x_wconf 74' lang='lat' dir='ltr'>«Non</span> <span class='ocrx_word' id='word_1_187' title='bbox 678 2688 780 2738; x_wconf 89' lang='lat' dir='ltr'>idcirco</span> <span class='ocrx_word' id='word_1_188' title='bbox 817 2684 861 2735; x_wconf 76' lang='lat' dir='ltr'>et:</span> <span class='ocrx_word' id='word_1_189' title='bbox 889 2690 948 2735; x_wconf 83' lang='lat' dir='ltr'>tune</span> <span class='ocrx_word' id='word_1_190' title='bbox 968 2688 1037 2747; x_wconf 79' lang='lat' dir='ltr'>coepi</span> <span class='ocrx_word' id='word_1_191' title='bbox 1057 2688 1122 2737; x_wconf 84' lang='lat' dir='ltr'>scire</span> <span class='ocrx_word' id='word_1_192' title='bbox 1144 2689 1204 2749; x_wconf 83' lang='lat' dir='ltr'>quid</span> <span class='ocrx_word' id='word_1_193' title='bbox 1220 2702 1291 2739; x_wconf 73' lang='lat' dir='ltr'>essee</span> <span class='ocrx_word' id='word_1_194' title='bbox 1315 2718 1345 2728; x_wconf 84' lang='lat'>·-</span> 
     </span>
     <span class='ocr_line' id='line_1_23' title="bbox 250 2758 1346 2826; baseline 0 -11"><span class='ocrx_word' id='word_1_195' title='bbox 250 2778 295 2815; x_wconf 91' lang='lat' dir='ltr'>me</span> <span class='ocrx_word' id='word_1_196' title='bbox 308 2761 413 2815; x_wconf 77' lang='lat' dir='ltr'>felicem</span> <span class='ocrx_word' id='word_1_197' title='bbox 424 2766 563 2813; x_wconf 79' lang='lat' dir='ltr'>nominare</span> <span class='ocrx_word' id='word_1_198' title='bbox 575 2762 691 2822; x_wconf 83' lang='lat' dir='ltr'>dehent,</span> <span class='ocrx_word' id='word_1_199' title='bbox 706 2760 781 2826; x_wconf 93' lang='lat' dir='ltr'>quod</span> <span class='ocrx_word' id='word_1_200' title='bbox 817 2758 912 2823; x_wconf 84' lang='lat' dir='ltr'>coram]</span> <span class='ocrx_word' id='word_1_201' title='bbox 931 2762 1008 2809; x_wconf 73' lang='lat' dir='ltr'>«ante</span> <span class='ocrx_word' id='word_1_202' title='bbox 1023 2760 1114 2811; x_wconf 91' lang='lat' dir='ltr'>oculos</span> <span class='ocrx_word' id='word_1_203' title='bbox 1132 2762 1235 2825; x_wconf 56' lang='lat' dir='ltr'>(thosis</span> <span class='ocrx_word' id='word_1_204' title='bbox 1265 2764 1346 2815; x_wconf 81' lang='lat' dir='ltr'>Hand</span> 
     </span>
     <span class='ocr_line' id='line_1_24' title="bbox 252 2834 1347 2901; baseline -0.002 -13"><span class='ocrx_word' id='word_1_205' title='bbox 252 2850 318 2888; x_wconf 88' lang='lat' dir='ltr'>casu</span> <span class='ocrx_word' id='word_1_206' title='bbox 336 2837 425 2901; x_wconf 87' lang='lat' dir='ltr'>eliquo</span> <span class='ocrx_word' id='word_1_207' title='bbox 441 2839 488 2886; x_wconf 88' lang='lat' dir='ltr'>aut</span> <span class='ocrx_word' id='word_1_208' title='bbox 507 2837 628 2888; x_wconf 77' lang='lat' dir='ltr'>fortunae</span> <span class='ocrx_word' id='word_1_209' title='bbox 645 2836 780 2886; x_wconf 87' lang='lat' dir='ltr'>beneficio</span> <span class='ocrx_word' id='word_1_210' title='bbox 817 2834 1030 2896; x_wconf 69' lang='lat' dir='ltr'>turstinum.</span> <span class='ocrx_word' id='word_1_211' title='bbox 1041 2836 1215 2899; x_wconf 79' lang='lat' dir='ltr'>-n&#39;oputtimJ</span> <span class='ocrx_word' id='word_1_212' title='bbox 1226 2836 1347 2889; x_wconf 80' lang='lat' dir='ltr'>«Utalias</span> 
     </span>
     <span class='ocr_line' id='line_1_25' title="bbox 252 2906 1346 2973; baseline -0.001 -11"><span class='ocrx_word' id='word_1_213' title='bbox 252 2912 300 2962; x_wconf 85' lang='lat' dir='ltr'>tihi</span> <span class='ocrx_word' id='word_1_214' title='bbox 317 2912 369 2961; x_wconf 88' lang='lat' dir='ltr'>sim</span> <span class='ocrx_word' id='word_1_215' title='bbox 386 2910 472 2960; x_wconf 87' lang='lat' dir='ltr'>factus</span> <span class='ocrx_word' id='word_1_216' title='bbox 488 2909 605 2968; x_wconf 63' lang='lat' dir='ltr'>amicum</span> <span class='ocrx_word' id='word_1_217' title='bbox 630 2921 692 2958; x_wconf 88' lang='lat' dir='ltr'>cum</span> <span class='ocrx_word' id='word_1_218' title='bbox 709 2906 780 2958; x_wconf 87' lang='lat' dir='ltr'>nulla</span> <span class='ocrx_word' id='word_1_219' title='bbox 817 2906 930 2958; x_wconf 85' lang='lat' dir='ltr'>facimus</span> <span class='ocrx_word' id='word_1_220' title='bbox 947 2906 1062 2970; x_wconf 81' lang='lat' dir='ltr'>singultu</span> <span class='ocrx_word' id='word_1_221' title='bbox 1080 2909 1214 2973; x_wconf 87' lang='lat' dir='ltr'>impediti,</span> <span class='ocrx_word' id='word_1_222' title='bbox 1237 2910 1346 2961; x_wconf 88' lang='lat' dir='ltr'>locutus</span> 
     </span>
     <span class='ocr_line' id='line_1_26' title="bbox 252 2981 1348 3047; baseline -0.002 -12"><span class='ocrx_word' id='word_1_223' title='bbox 252 2984 308 3035; x_wconf 84' lang='lat' dir='ltr'>fors</span> <span class='ocrx_word' id='word_1_224' title='bbox 323 2996 365 3033; x_wconf 81' lang='lat' dir='ltr'>me</span> <span class='ocrx_word' id='word_1_225' title='bbox 380 2982 437 3032; x_wconf 85' lang='lat' dir='ltr'>tihi</span> <span class='ocrx_word' id='word_1_226' title='bbox 454 2981 594 3042; x_wconf 86' lang='lat' dir='ltr'>obtulerit,</span> <span class='ocrx_word' id='word_1_227' title='bbox 613 2981 663 3032; x_wconf 89' lang='lat' dir='ltr'>sed</span> <span class='ocrx_word' id='word_1_228' title='bbox 679 2983 781 3033; x_wconf 83' lang='lat' dir='ltr'>nmico-</span> <span class='ocrx_word' id='word_1_229' title='bbox 818 2983 880 3031; x_wconf 91' lang='lat' dir='ltr'>tunc</span> <span class='ocrx_word' id='word_1_230' title='bbox 903 2993 964 3032; x_wconf 84' lang='lat' dir='ltr'>sum</span> <span class='ocrx_word' id='word_1_231' title='bbox 990 2992 1114 3031; x_wconf 86' lang='lat' dir='ltr'>sermone</span> <span class='ocrx_word' id='word_1_232' title='bbox 1141 2984 1288 3047; x_wconf 88' lang='lat' dir='ltr'>interrupto</span> <span class='ocrx_word' id='word_1_233' title='bbox 1317 2986 1348 3034; x_wconf 84' lang='lat' dir='ltr'>et</span> 
     </span>
     <span class='ocr_line' id='line_1_27' title="bbox 253 3054 1345 3121; baseline -0.001 -13"><span class='ocrx_word' id='word_1_234' title='bbox 253 3070 313 3108; x_wconf 86' lang='lat' dir='ltr'>rum</span> <span class='ocrx_word' id='word_1_235' title='bbox 340 3057 367 3106; x_wconf 89' lang='lat' dir='ltr'>et</span> <span class='ocrx_word' id='word_1_236' title='bbox 394 3057 513 3105; x_wconf 85' lang='lat' dir='ltr'>virorum</span> <span class='ocrx_word' id='word_1_237' title='bbox 542 3054 677 3106; x_wconf 90' lang='lat' dir='ltr'>honorum</span> <span class='ocrx_word' id='word_1_238' title='bbox 705 3070 781 3106; x_wconf 90' lang='lat' dir='ltr'>oom-</span> <span class='ocrx_word' id='word_1_239' title='bbox 817 3054 898 3104; x_wconf 90' lang='lat' dir='ltr'>veluti</span> <span class='ocrx_word' id='word_1_240' title='bbox 926 3068 993 3104; x_wconf 84' lang='lat' dir='ltr'>voce</span> <span class='ocrx_word' id='word_1_241' title='bbox 1024 3055 1170 3107; x_wconf 85' lang='lat' dir='ltr'>identidem</span> <span class='ocrx_word' id='word_1_242' title='bbox 1199 3070 1345 3121; x_wconf 85' lang='lat' dir='ltr'>repressa,</span> 
     </span>
     <span class='ocr_line' id='line_1_28' title="bbox 253 3128 1348 3194; baseline 0.001 -13"><span class='ocrx_word' id='word_1_243' title='bbox 253 3130 404 3191; x_wconf 87' lang='lat' dir='ltr'>mendatio,</span> <span class='ocrx_word' id='word_1_244' title='bbox 424 3130 470 3194; x_wconf 89' lang='lat' dir='ltr'>qui</span> <span class='ocrx_word' id='word_1_245' title='bbox 481 3142 525 3181; x_wconf 87' lang='lat' dir='ltr'>me</span> <span class='ocrx_word' id='word_1_246' title='bbox 538 3133 696 3180; x_wconf 76' lang='lat' dir='ltr'>noverant.»</span> <span class='ocrx_word' id='word_1_247' title='bbox 715 3132 780 3181; x_wconf 81' lang='lat' dir='ltr'>Miro</span> <span class='ocrx_word' id='word_1_248' title='bbox 817 3128 889 3191; x_wconf 88' lang='lat' dir='ltr'>quod</span> <span class='ocrx_word' id='word_1_249' title='bbox 912 3140 962 3179; x_wconf 85' lang='lat' dir='ltr'>usu</span> <span class='ocrx_word' id='word_1_250' title='bbox 983 3130 1075 3179; x_wconf 82' lang='lat' dir='ltr'>venire</span> <span class='ocrx_word' id='word_1_251' title='bbox 1093 3129 1161 3181; x_wconf 84' lang='lat' dir='ltr'>solet</span> <span class='ocrx_word' id='word_1_252' title='bbox 1183 3131 1348 3182; x_wconf 86' lang='lat' dir='ltr'>verecundis</span> 
     </span>
     <span class='ocr_line' id='line_1_29' title="bbox 254 3201 1350 3277; baseline 0.001 -22"><span class='ocrx_word' id='word_1_253' title='bbox 254 3218 319 3256; x_wconf 83' lang='lat' dir='ltr'>casn</span> <span class='ocrx_word' id='word_1_254' title='bbox 340 3208 451 3277; x_wconf 67' lang='lat' dir='ltr'>pmmnt</span> <span class='ocrx_word' id='word_1_255' title='bbox 472 3202 580 3253; x_wconf 81' lang='lat' dir='ltr'>exhibet</span> <span class='ocrx_word' id='word_1_256' title='bbox 604 3201 651 3253; x_wconf 86' lang='lat' dir='ltr'>Ed.</span> <span class='ocrx_word' id='word_1_257' title='bbox 674 3203 778 3254; x_wconf 79' lang='lat' dir='ltr'>Medici.</span> <span class='ocrx_word' id='word_1_258' title='bbox 818 3206 845 3253; x_wconf 90' lang='lat' dir='ltr'>et</span> <span class='ocrx_word' id='word_1_259' title='bbox 866 3202 965 3253; x_wconf 89' lang='lat' dir='ltr'>timidis</span> <span class='ocrx_word' id='word_1_260' title='bbox 987 3205 1108 3253; x_wconf 74' lang='lat' dir='ltr'>notura.»</span> <span class='ocrx_word' id='word_1_261' title='bbox 1143 3206 1206 3255; x_wconf 86' lang='lat' dir='ltr'>hiire</span> <span class='ocrx_word' id='word_1_262' title='bbox 1228 3206 1296 3256; x_wconf 85' lang='lat' dir='ltr'>Voss</span> <span class='ocrx_word' id='word_1_263' title='bbox 1318 3210 1350 3256; x_wconf 89' lang='lat' dir='ltr'>et</span> 
     </span>
     <span class='ocr_line' id='line_1_30' title="bbox 254 3274 1349 3340; baseline 0.001 -11"><span class='ocrx_word' id='word_1_264' title='bbox 254 3278 329 3329; x_wconf 78' lang='lat' dir='ltr'>lieo.</span> <span class='ocrx_word' id='word_1_265' title='bbox 359 3276 491 3340; x_wconf 66' lang='lat' dir='ltr'>(afetteen</span> <span class='ocrx_word' id='word_1_266' title='bbox 513 3278 595 3328; x_wconf 83' lang='lat' dir='ltr'>dicere</span> <span class='ocrx_word' id='word_1_267' title='bbox 615 3290 667 3327; x_wconf 86' lang='lat' dir='ltr'>non</span> <span class='ocrx_word' id='word_1_268' title='bbox 683 3276 713 3327; x_wconf 83' lang='lat' dir='ltr'>oh</span> <span class='ocrx_word' id='word_1_269' title='bbox 737 3278 782 3326; x_wconf 86' lang='lat' dir='ltr'>hoc</span> <span class='ocrx_word' id='word_1_270' title='bbox 817 3276 922 3327; x_wconf 81' lang='lat' dir='ltr'>Freund</span> <span class='ocrx_word' id='word_1_271' title='bbox 946 3274 1038 3327; x_wconf 90' lang='lat' dir='ltr'>volunt</span> <span class='ocrx_word' id='word_1_272' title='bbox 1063 3290 1123 3328; x_wconf 88' lang='lat' dir='ltr'>esse</span> <span class='ocrx_word' id='word_1_273' title='bbox 1147 3278 1260 3330; x_wconf 86' lang='lat' dir='ltr'>formam</span> <span class='ocrx_word' id='word_1_274' title='bbox 1276 3292 1349 3330; x_wconf 84' lang='lat' dir='ltr'>cun-</span> 
     </span>
     <span class='ocr_line' id='line_1_31' title="bbox 252 3348 1349 3416; baseline 0 -13"><span class='ocrx_word' id='word_1_275' title='bbox 252 3366 433 3416; x_wconf 75' lang='lat' dir='ltr'>inspersum</span> <span class='ocrx_word' id='word_1_276' title='bbox 449 3364 514 3415; x_wconf 83' lang='lat' dir='ltr'>ego,</span> <span class='ocrx_word' id='word_1_277' title='bbox 533 3350 596 3415; x_wconf 90' lang='lat' dir='ltr'>quia</span> <span class='ocrx_word' id='word_1_278' title='bbox 612 3364 665 3400; x_wconf 90' lang='lat' dir='ltr'>uon</span> <span class='ocrx_word' id='word_1_279' title='bbox 682 3354 725 3401; x_wconf 83' lang='lat' dir='ltr'>est</span> <span class='ocrx_word' id='word_1_280' title='bbox 741 3348 782 3399; x_wconf 83' lang='lat' dir='ltr'>fe·</span> <span class='ocrx_word' id='word_1_281' title='bbox 818 3352 929 3400; x_wconf 81' lang='lat' dir='ltr'>tractam</span> <span class='ocrx_word' id='word_1_282' title='bbox 947 3363 973 3401; x_wconf 90' lang='lat' dir='ltr'>v.</span> <span class='ocrx_word' id='word_1_283' title='bbox 991 3350 1150 3414; x_wconf 72' lang='lat' dir='ltr'>nripiftottm,</span> <span class='ocrx_word' id='word_1_284' title='bbox 1177 3366 1240 3403; x_wconf 90' lang='lat' dir='ltr'>cum</span> <span class='ocrx_word' id='word_1_285' title='bbox 1256 3354 1349 3404; x_wconf 86' lang='lat' dir='ltr'>mani·</span> 
     </span>
     <span class='ocr_line' id='line_1_32' title="bbox 254 3424 1350 3488; baseline -0.001 -9"><span class='ocrx_word' id='word_1_286' title='bbox 254 3430 329 3479; x_wconf 87' lang='lat' dir='ltr'>ctum</span> <span class='ocrx_word' id='word_1_287' title='bbox 346 3441 424 3486; x_wconf 72' lang='lat' dir='ltr'>casu,</span> <span class='ocrx_word' id='word_1_288' title='bbox 445 3441 497 3477; x_wconf 81' lang='lat' dir='ltr'>non</span> <span class='ocrx_word' id='word_1_289' title='bbox 508 3426 628 3488; x_wconf 76' lang='lat' dir='ltr'>possim</span> <span class='ocrx_word' id='word_1_290' title='bbox 643 3426 702 3475; x_wconf 89' lang='lat' dir='ltr'>iure</span> <span class='ocrx_word' id='word_1_291' title='bbox 720 3437 779 3487; x_wconf 79' lang='lat' dir='ltr'>ego,</span> <span class='ocrx_word' id='word_1_292' title='bbox 818 3424 886 3475; x_wconf 84' lang='lat' dir='ltr'>festo</span> <span class='ocrx_word' id='word_1_293' title='bbox 903 3437 919 3473; x_wconf 83' lang='lat' dir='ltr'>a</span> <span class='ocrx_word' id='word_1_294' title='bbox 936 3438 961 3473; x_wconf 87' lang='lat' dir='ltr'>v.</span> <span class='ocrx_word' id='word_1_295' title='bbox 974 3426 1097 3488; x_wconf 74' lang='lat' dir='ltr'>sinprittru</span> <span class='ocrx_word' id='word_1_296' title='bbox 1108 3426 1219 3477; x_wconf 90' lang='lat' dir='ltr'>ductum</span> <span class='ocrx_word' id='word_1_297' title='bbox 1234 3428 1276 3477; x_wconf 89' lang='lat' dir='ltr'>sit.</span> <span class='ocrx_word' id='word_1_298' title='bbox 1295 3428 1350 3478; x_wconf 84' lang='lat' dir='ltr'>Re·</span> 
     </span>
     <span class='ocr_line' id='line_1_33' title="bbox 254 3497 1349 3566; baseline -0.002 -12"><span class='ocrx_word' id='word_1_299' title='bbox 254 3499 783 3563; x_wconf 75' lang='lat' dir='ltr'>etsivelim3nonpossontinuid13noo</span> <span class='ocrx_word' id='word_1_300' title='bbox 819 3501 861 3549; x_wconf 89' lang='lat' dir='ltr'>cte</span> <span class='ocrx_word' id='word_1_301' title='bbox 885 3499 1019 3551; x_wconf 87' lang='lat' dir='ltr'>Gesnerus</span> <span class='ocrx_word' id='word_1_302' title='bbox 1043 3502 1071 3551; x_wconf 90' lang='lat' dir='ltr'>in</span> <span class='ocrx_word' id='word_1_303' title='bbox 1095 3501 1243 3551; x_wconf 86' lang='lat' dir='ltr'>Thesauro:</span> <span class='ocrx_word' id='word_1_304' title='bbox 1270 3497 1349 3566; x_wconf 78' lang='grc' dir='ltr'><strong><em>μετὰ</em></strong></span> 
     </span>
     <span class='ocr_line' id='line_1_34' title="bbox 253 3570 1349 3641; baseline 0 -14"><span class='ocrx_word' id='word_1_305' title='bbox 253 3576 511 3640; x_wconf 77' lang='lat' dir='ltr'>porritfcuningh.l</span> <span class='ocrx_word' id='word_1_306' title='bbox 524 3574 637 3637; x_wconf 83' lang='lat' dir='ltr'>quivis.»</span> <span class='ocrx_word' id='word_1_307' title='bbox 650 3573 736 3634; x_wconf 84' lang='lat' dir='ltr'>Gssn.)</span> <span class='ocrx_word' id='word_1_308' title='bbox 753 3598 781 3609; x_wconf 86' lang='lat'><em>-</em></span> <span class='ocrx_word' id='word_1_309' title='bbox 818 3570 939 3639; x_wconf 83' lang='grc' dir='ltr'><strong><em>λυγμοῦ.</em></strong></span> <span class='ocrx_word' id='word_1_310' title='bbox 961 3598 987 3609; x_wconf 94' lang='grc'><strong>-</strong></span> <span class='ocrx_word' id='word_1_311' title='bbox 1012 3574 1107 3638; x_wconf 74' lang='lat' dir='ltr'>insons]</span> <span class='ocrx_word' id='word_1_312' title='bbox 1132 3574 1273 3639; x_wconf 78' lang='lat' dir='ltr'>«elinguis,</span> <span class='ocrx_word' id='word_1_313' title='bbox 1297 3578 1349 3641; x_wconf 87' lang='lat' dir='ltr'>qui</span> 
     </span>
     <span class='ocr_line' id='line_1_35' title="bbox 255 3645 1348 3711; baseline 0.002 -11"><span class='ocrx_word' id='word_1_314' title='bbox 255 3651 300 3700; x_wconf 82' lang='lat' dir='ltr'>tibi</span> <span class='ocrx_word' id='word_1_315' title='bbox 320 3663 361 3699; x_wconf 89' lang='lat' dir='ltr'>me</span> <span class='ocrx_word' id='word_1_316' title='bbox 376 3662 447 3699; x_wconf 88' lang='lat' dir='ltr'>unus</span> <span class='ocrx_word' id='word_1_317' title='bbox 469 3650 517 3698; x_wconf 86' lang='lat' dir='ltr'>Th.</span> <span class='ocrx_word' id='word_1_318' title='bbox 535 3645 712 3699; x_wconf 83' lang='lat' dir='ltr'>Ruddimanni</span> <span class='ocrx_word' id='word_1_319' title='bbox 729 3648 784 3697; x_wconf 89' lang='lat' dir='ltr'>Co·</span> <span class='ocrx_word' id='word_1_320' title='bbox 819 3648 892 3697; x_wconf 90' lang='lat' dir='ltr'>omni</span> <span class='ocrx_word' id='word_1_321' title='bbox 914 3645 1073 3711; x_wconf 86' lang='lat' dir='ltr'>loquacitate</span> <span class='ocrx_word' id='word_1_322' title='bbox 1091 3648 1231 3702; x_wconf 77' lang='lat' dir='ltr'>abstinet·</span> <span class='ocrx_word' id='word_1_323' title='bbox 1245 3674 1272 3687; x_wconf 92' lang='lat'>-</span> <span class='ocrx_word' id='word_1_324' title='bbox 1286 3652 1348 3701; x_wconf 86' lang='lat' dir='ltr'>Non</span> 
     </span>
     <span class='ocr_line' id='line_1_36' title="bbox 256 3718 1349 3787; baseline 0.004 -15"><span class='ocrx_word' id='word_1_325' title='bbox 256 3723 309 3773; x_wconf 83' lang='lat' dir='ltr'>dex</span> <span class='ocrx_word' id='word_1_326' title='bbox 338 3720 463 3785; x_wconf 88' lang='lat' dir='ltr'>praebuit</span> <span class='ocrx_word' id='word_1_327' title='bbox 493 3718 627 3780; x_wconf 85' lang='lat' dir='ltr'>Bentleio,</span> <span class='ocrx_word' id='word_1_328' title='bbox 658 3723 704 3783; x_wconf 90' lang='lat' dir='ltr'>qui</span> <span class='ocrx_word' id='word_1_329' title='bbox 731 3721 783 3771; x_wconf 90' lang='lat' dir='ltr'>hoc</span> <span class='ocrx_word' id='word_1_330' title='bbox 818 3721 938 3785; x_wconf 78' lang='lat' dir='ltr'>opacet]</span> <span class='ocrx_word' id='word_1_331' title='bbox 958 3724 1041 3773; x_wconf 69' lang='lat' dir='ltr'>usaue</span> <span class='ocrx_word' id='word_1_332' title='bbox 1059 3736 1112 3773; x_wconf 91' lang='lat' dir='ltr'>uon</span> <span class='ocrx_word' id='word_1_333' title='bbox 1128 3724 1349 3787; x_wconf 85' lang='lat' dir='ltr'>poternmverbn</span> 
     </span>
     <span class='ocr_line' id='line_1_37' title="bbox 258 3791 1351 3861; baseline 0.005 -17"><span class='ocrx_word' id='word_1_334' title='bbox 258 3797 336 3859; x_wconf 87' lang='lat' dir='ltr'>quasi</span> <span class='ocrx_word' id='word_1_335' title='bbox 346 3794 494 3846; x_wconf 83' lang='lat' dir='ltr'>modestius</span> <span class='ocrx_word' id='word_1_336' title='bbox 505 3791 645 3857; x_wconf 73' lang='lat' dir='ltr'>praetulit,</span> <span class='ocrx_word' id='word_1_337' title='bbox 665 3794 785 3845; x_wconf 80' lang='lat' dir='ltr'>«sedne-</span> <span class='ocrx_word' id='word_1_338' title='bbox 819 3794 908 3845; x_wconf 87' lang='lat' dir='ltr'>facere</span> <span class='ocrx_word' id='word_1_339' title='bbox 927 3796 961 3846; x_wconf 93' lang='lat' dir='ltr'>de</span> <span class='ocrx_word' id='word_1_340' title='bbox 979 3796 1049 3847; x_wconf 82' lang='lat' dir='ltr'>clara</span> <span class='ocrx_word' id='word_1_341' title='bbox 1067 3798 1167 3861; x_wconf 82' lang='lat' dir='ltr'>origine</span> <span class='ocrx_word' id='word_1_342' title='bbox 1185 3804 1213 3848; x_wconf 88' lang='lat' dir='ltr'>et</span> <span class='ocrx_word' id='word_1_343' title='bbox 1229 3799 1263 3849; x_wconf 94' lang='lat' dir='ltr'>de</span> <span class='ocrx_word' id='word_1_344' title='bbox 1285 3799 1351 3850; x_wconf 84' lang='lat' dir='ltr'>lati-</span> 
     </span>
     <span class='ocr_line' id='line_1_38' title="bbox 257 3868 1349 3938; baseline 0.005 -19"><span class='ocrx_word' id='word_1_345' title='bbox 257 3882 311 3933; x_wconf 87' lang='lat' dir='ltr'>que</span> <span class='ocrx_word' id='word_1_346' title='bbox 328 3868 476 3920; x_wconf 85' lang='lat' dir='ltr'>eulumniae</span> <span class='ocrx_word' id='word_1_347' title='bbox 489 3869 669 3931; x_wconf 89' lang='lat' dir='ltr'>opportunum</span> <span class='ocrx_word' id='word_1_348' title='bbox 684 3870 712 3918; x_wconf 90' lang='lat' dir='ltr'>et</span> <span class='ocrx_word' id='word_1_349' title='bbox 728 3882 785 3919; x_wconf 81' lang='lat' dir='ltr'>me·</span> <span class='ocrx_word' id='word_1_350' title='bbox 819 3869 916 3919; x_wconf 90' lang='lat' dir='ltr'>fundiis</span> <span class='ocrx_word' id='word_1_351' title='bbox 927 3884 942 3921; x_wconf 79' lang='lat' dir='ltr'>a</span> <span class='ocrx_word' id='word_1_352' title='bbox 954 3884 998 3922; x_wconf 92' lang='lat' dir='ltr'>me</span> <span class='ocrx_word' id='word_1_353' title='bbox 1016 3872 1163 3935; x_wconf 86' lang='lat' dir='ltr'>possessis,</span> <span class='ocrx_word' id='word_1_354' title='bbox 1185 3873 1234 3923; x_wconf 89' lang='lat' dir='ltr'>sed</span> <span class='ocrx_word' id='word_1_355' title='bbox 1251 3878 1349 3938; x_wconf 80' lang='lat' dir='ltr'>aperte</span> 
     </span>
     <span class='ocr_line' id='line_1_39' title="bbox 258 3941 1352 4013; baseline 0.005 -18"><span class='ocrx_word' id='word_1_356' title='bbox 258 3943 298 4006; x_wconf 78' lang='lat' dir='ltr'>gis</span> <span class='ocrx_word' id='word_1_357' title='bbox 314 3942 426 3993; x_wconf 83' lang='lat' dir='ltr'>fortasse</span> <span class='ocrx_word' id='word_1_358' title='bbox 442 3944 485 3993; x_wconf 85' lang='lat' dir='ltr'>est</span> <span class='ocrx_word' id='word_1_359' title='bbox 502 3941 546 3990; x_wconf 78' lang='lat' dir='ltr'>tihi</span> <span class='ocrx_word' id='word_1_360' title='bbox 561 3954 613 4001; x_wconf 76' lang='lat' dir='ltr'>nro,</span> <span class='ocrx_word' id='word_1_361' title='bbox 632 3944 784 4007; x_wconf 81' lang='lat' dir='ltr'>quasivero</span> <span class='ocrx_word' id='word_1_362' title='bbox 821 3943 874 3995; x_wconf 79' lang='lat' dir='ltr'>dixi</span> <span class='ocrx_word' id='word_1_363' title='bbox 896 3956 941 3995; x_wconf 90' lang='lat' dir='ltr'>me</span> <span class='ocrx_word' id='word_1_364' title='bbox 963 3944 1077 3996; x_wconf 90' lang='lat' dir='ltr'>libertini</span> <span class='ocrx_word' id='word_1_365' title='bbox 1103 3945 1186 3999; x_wconf 85' lang='lat' dir='ltr'>filium</span> <span class='ocrx_word' id='word_1_366' title='bbox 1208 3952 1270 4011; x_wconf 91' lang='lat' dir='ltr'>post</span> <span class='ocrx_word' id='word_1_367' title='bbox 1293 3961 1352 4013; x_wconf 90' lang='lat' dir='ltr'>pu-</span> 
     </span>
     <span class='ocr_line' id='line_1_40' title="bbox 259 4015 1352 4085; baseline 0.004 -16"><span class='ocrx_word' id='word_1_368' title='bbox 259 4028 386 4080; x_wconf 78' lang='lat' dir='ltr'>magnum</span> <span class='ocrx_word' id='word_1_369' title='bbox 403 4028 501 4067; x_wconf 86' lang='lat' dir='ltr'>munus</span> <span class='ocrx_word' id='word_1_370' title='bbox 519 4015 642 4067; x_wconf 87' lang='lat' dir='ltr'>fortunae</span> <span class='ocrx_word' id='word_1_371' title='bbox 654 4020 727 4069; x_wconf 89' lang='lat' dir='ltr'>esset</span> <span class='ocrx_word' id='word_1_372' title='bbox 738 4016 786 4067; x_wconf 91' lang='lat' dir='ltr'>ob-</span> <span class='ocrx_word' id='word_1_373' title='bbox 821 4030 900 4081; x_wconf 75' lang='lat' dir='ltr'>gnam</span> <span class='ocrx_word' id='word_1_374' title='bbox 917 4018 1114 4083; x_wconf 85' lang='lat' dir='ltr'>Philippensem</span> <span class='ocrx_word' id='word_1_375' title='bbox 1130 4024 1273 4085; x_wconf 84' lang='lat' dir='ltr'>paternum</span> <span class='ocrx_word' id='word_1_376' title='bbox 1289 4021 1352 4075; x_wconf 90' lang='lat' dir='ltr'>fun-</span> 
     </span>
     <span class='ocr_line' id='line_1_41' title="bbox 260 4088 1349 4159; baseline 0.002 -16"><span class='ocrx_word' id='word_1_377' title='bbox 260 4090 349 4143; x_wconf 86' lang='lat' dir='ltr'>esulus</span> <span class='ocrx_word' id='word_1_378' title='bbox 366 4091 445 4153; x_wconf 81' lang='lat' dir='ltr'>poen</span> <span class='ocrx_word' id='word_1_379' title='bbox 456 4088 564 4140; x_wconf 85' lang='lat' dir='ltr'>oblatus</span> <span class='ocrx_word' id='word_1_380' title='bbox 574 4089 699 4159; x_wconf 82' lang='lat' dir='ltr'>divinitus</span> <span class='ocrx_word' id='word_1_381' title='bbox 710 4093 785 4143; x_wconf 81' lang='lat' dir='ltr'>itae-</span> <span class='ocrx_word' id='word_1_382' title='bbox 821 4091 887 4143; x_wconf 90' lang='lat' dir='ltr'>dum</span> <span class='ocrx_word' id='word_1_383' title='bbox 898 4094 1045 4145; x_wconf 61' lang='lat' dir='ltr'>amisissem</span> <span class='ocrx_word' id='word_1_384' title='bbox 1065 4094 1139 4159; x_wconf 82' lang='lat' dir='ltr'>(Epp.</span> <span class='ocrx_word' id='word_1_385' title='bbox 1152 4096 1183 4155; x_wconf 75' lang='lat' dir='ltr'>t,</span> <span class='ocrx_word' id='word_1_386' title='bbox 1201 4096 1231 4157; x_wconf 72' lang='lat' dir='ltr'>t,</span> <span class='ocrx_word' id='word_1_387' title='bbox 1250 4094 1301 4158; x_wconf 82' lang='lat' dir='ltr'>ts.)</span> <span class='ocrx_word' id='word_1_388' title='bbox 1319 4123 1349 4135; x_wconf 78' lang='lat'>·-</span> 
     </span>
     <span class='ocr_line' id='line_1_42' title="bbox 262 4165 1353 4233; baseline 0.004 -18"><span class='ocrx_word' id='word_1_389' title='bbox 262 4166 372 4215; x_wconf 81' lang='lat' dir='ltr'>cenati.»</span> <span class='ocrx_word' id='word_1_390' title='bbox 392 4166 466 4215; x_wconf 79' lang='lat' dir='ltr'>Grsn</span> <span class='ocrx_word' id='word_1_391' title='bbox 487 4192 517 4202; x_wconf 97' lang='lat'>-</span> <span class='ocrx_word' id='word_1_392' title='bbox 535 4165 596 4227; x_wconf 79' lang='lat' dir='ltr'>quid</span> <span class='ocrx_word' id='word_1_393' title='bbox 611 4165 696 4229; x_wconf 75' lang='lat' dir='ltr'>ossen]</span> <span class='ocrx_word' id='word_1_394' title='bbox 715 4178 786 4216; x_wconf 80' lang='lat' dir='ltr'>«was</span> <span class='ocrx_word' id='word_1_395' title='bbox 821 4167 916 4217; x_wconf 82' lang='lat' dir='ltr'>circum</span> <span class='ocrx_word' id='word_1_396' title='bbox 927 4168 1064 4219; x_wconf 58' lang='lat' dir='ltr'>”escwi</span> <span class='ocrx_word' id='word_1_397' title='bbox 1079 4168 1154 4233; x_wconf 72' lang='lat' dir='ltr'>noo]</span> <span class='ocrx_word' id='word_1_398' title='bbox 1166 4170 1216 4232; x_wconf 78' lang='lat' dir='ltr'>ons</span> <span class='ocrx_word' id='word_1_399' title='bbox 1228 4169 1353 4219; x_wconf 78' lang='lat' dir='ltr'>denFtu-</span> 
     </span>
    </p>
   </div>
   <div class='ocr_carea' id='block_1_5' title="bbox 0 0 1485 4892">
    <p class='ocr_par' dir='ltr' id='par_1_10' title="bbox 0 0 1485 4892">
     <span class='ocr_line' id='line_1_43' title="bbox 0 0 1485 4892; baseline 0 0"><span class='ocrx_word' id='word_1_400' title='bbox 0 0 1485 4892; x_wconf 95' lang='lat' dir='ltr'> </span> 
     </span>
    </p>
   </div>
  </div>
 </body>
</html>
