2925 4892
519 340 577 390 titt.
597 341 626 390 ll.
666 341 764 393 Epist.
784 344 803 392 l.
1142 349 1205 412 609

153 492 248 569 Quae
270 491 377 578 gravis
401 491 566 580 Aesopus,
591 515 677 582 quae
699 495 815 564 doctus
840 501 975 567 Roscius
997 503 1075 590 egit:

153 609 210 676 Vel
233 613 310 698 quia
332 611 374 676 nil
398 624 537 690 rectum,
561 615 622 682 nisi
645 617 733 703 qnod
755 617 875 704 placuit
896 621 975 697 sibi,
999 622 1135 703 ducunt,

152 729 209 798 Vel
232 733 309 818 quia
330 742 424 820 turpe
447 743 559 820 putant
579 757 696 822 parere
719 739 898 807 minoribus
920 752 966 820 et,
990 764 1076 830 quae

152 851 321 920 imberbes
344 851 503 930 didicere,
535 877 632 923 senes
653 858 822 945 perdenda
842 861 943 930 lateri.
1160 870 1203 932 85

153 973 221 1040 iam
244 973 366 1040 Saliare
388 975 511 1042 Numae
533 997 663 1046 carmen
685 980 742 1067 qui
764 979 874 1048 laudat
893 994 926 1050 et
948 983 1039 1063 illud,

143 1155 249 1207 persor.
267 1158 282 1194 o
300 1157 324 1194 c.
339 1171 365 1180 —
385 1145 426 1196 83.
445 1146 530 1196 dieram
547 1147 630 1198 Codd.
650 1147 710 1214 aliq.
730 1153 758 1200 et
774 1151 840 1201 Edd.
859 1155 924 1203 vett.
943 1181 969 1190 -
989 1156 1031 1206 85.
1048 1157 1169 1209 imtmtes

142 1217 219 1268 bSEc
230 1221 257 1268 et
268 1232 362 1270 omnes
373 1219 450 1281 Feae,
464 1222 588 1282 Pottierii‚
603 1222 740 1285 Schmidt,
757 1226 835 1276 Lth:
853 1227 989 1278 imbertic
1004 1229 1123 1292 (tortasse
1136 1247 1169 1282 ex

142 1292 240 1354 Codd.,
251 1295 325 1344 certe
333 1306 367 1343 ex
376 1293 463 1345 Schol.
473 1295 540 1358 suo),
554 1295 697 1360 Bentleiua
710 1299 744 1350 it.
756 1325 778 1336 -
791 1298 832 1350 86.
843 1301 910 1351 istud
920 1302 1022 1366 primus
1030 1305 1165 1357 Schmidii.

110 1453 193 1503 quam
220 1441 351 1504 adducar,
379 1445 411 1494 ut
426 1443 536 1496 credam
554 1445 639 1496 liora-
677 1450 809 1508 moratur,
838 1450 994 1514 neutiquam
1023 1452 1202 1516 colligendum

111 1515 177 1565 tium
195 1517 251 1567 tam
269 1515 393 1580 ambigue
406 1523 435 1568 et
451 1521 571 1570 contorte
581 1533 640 1581 per-
677 1523 718 1573 est
740 1525 829 1573 Altam
854 1525 935 1576 etiam
961 1528 1110 1590 tragoedias
1134 1533 1203 1581 scri-

110 1589 242 1640 mortae
263 1593 338 1656 [turos
357 1605 406 1657 pro
428 1607 577 1645 enumerem
597 1595 639 1645 di·
676 1596 778 1658 misse,
797 1596 847 1646 sed
864 1596 907 1648 hic
923 1597 998 1651 locus
1012 1601 1048 1650 ita
1060 1615 1123 1654 cum
1134 1606 1203 1655 Nen-

109 1667 219 1714 ctnrum
236 1665 334 1727 tuisse,
353 1668 382 1716 ut
398 1667 550 1718 Materteras
566 1668 639 1718 dari·
676 1669 778 1719 kirchio
790 1672 1006 1735 interpretandus
1017 1675 1134 1726 videtur:
1149 1679 1202 1730 «Er

109 1740 196 1790 deret.
216 1740 293 1800 Quod
304 1743 395 1792 autem
407 1743 486 1793 eliam
499 1743 526 1792 L.
539 1743 639 1794 Afranii
677 1743 894 1796 adversariorum
932 1747 1041 1810 quidem
1079 1763 1203 1802 meorum

108 1816 138 1864 li
143 1820 292 1865 otertero
300 1814 343 1865 vel
351 1818 539 1867 Materterae
550 1815 639 1868 tabula
677 1819 800 1881 opinione
817 1818 852 1868 ab
864 1823 969 1885 Aesopo
982 1825 1011 1871 et
1020 1824 1115 1874 Roscio
1128 1837 1203 1888 egre·

109 1889 211 1939 exstitit
228 1889 319 1950 (Bothe
337 1892 408 1941 Post.
424 1891 499 1941 Com.
519 1904 545 1955 p.
560 1892 637 1954 4784,
676 1891 734 1952 gine
751 1891 938 1942 tantummodo
955 1897 1031 1946 actae
1049 1899 1111 1946 sunt
1123 1897 1203 1948 iabu-

109 1977 163 2013 non
189 1966 246 2025 est,
274 1977 321 2014 cur
342 1963 497 2016 dubitemus
520 1965 554 2015 da
571 1967 638 2016 Por·
675 1962 731 2024 lae,
750 1977 817 2027 quas
833 1966 1034 2030 reprehendere
1051 1970 1127 2022 nelaa
1146 1976 1200 2035 est;

108 2037 249 2101 phyrionis
262 2039 427 2099 narrationc;
440 2051 503 2089 nam
516 2038 637 2089 eiusdem
675 2041 756 2102 atquc
774 2052 807 2088 ex
819 2040 913 2090 harum
926 2055 1040 2093 numero
1048 2047 1124 2095 Attae
1137 2059 1202 2111 quo-

109 2109 337 2162 noministabutas
349 2114 462 2175 uterque
475 2117 553 2176 potita
565 2126 639 2164 com·
676 2126 729 2176 que
754 2116 859 2176 togatae
882 2119 970 2166 sunt.»
990 2144 1018 2154 κ
1036 2131 1131 2179 parcre
1150 2121 1201 2168 mi-

109 2197 213 2248 ponere
223 2185 316 2246 potuit.
332 2211 359 2222 -
368 2185 463 2250 patres]
473 2188 635 2247 «seniorem»
674 2188 785 2253 curdus]
804 2189 954 2241 «iuniorum
965 2191 1069 2243 iudiciis
1080 2205 1142 2244 sese
1153 2207 1202 2246 ac-

109 2271 175 2308 uon:
196 2260 376 2309 «senatores»
396 2260 450 2310 Cir.
463 2273 488 2310 v.
502 2261 543 2310 85.
675 2263 849 2313 commodare
861 2277 893 2313 ac
909 2263 992 2316 fldem
1009 2266 1154 2318 tribuere.»
1170 2295 1198 2305 -

141 2331 233 2383 82-85.
253 2333 369 2397 Aesopus]
388 2333 567 2386 nobilissimus
585 2337 638 2385 tra·
670 2339 809 2403 portenda]
820 2338 916 2388 «missa
927 2339 1061 2402 iacienda,
1075 2340 1202 2392 oblivioni

108 2411 230 2472 sicarum
249 2407 397 2459 tabularum
414 2413 502 2470 actor,
527 2425 638 2462 nummus
675 2411 832 2463 tradenda.»

108 2485 205 2547 ortisaro
221 2488 245 2533 et
260 2497 355 2545 conpar
369 2486 483 2546 portium
499 2487 526 2535 in
542 2501 570 2536 re
584 2501 637 2549 pu-
708 2485 796 2536 86-89.
821 2487 885 2550 lom]
907 2487 1053 2550 gradationi
1076 2489 1198 2540 inservit:

110 2557 175 2607 iiico
192 2563 248 2606 tam
259 2571 336 2619 mum
346 2559 373 2608 in
385 2571 459 2608 scm
473 2561 635 2622 opinionon,
676 2559 744 2608 ciam
767 2573 846 2620 vcro,
872 2561 982 2610 ocilenda
1002 2577 1067 2624 oua,
1091 2563 1202 2612 colim

107 2633 138 2682 ut
162 2631 200 2682 ait
227 2631 285 2682 eius
309 2631 443 2682 familiaris
467 2634 561 2684 Cicero
587 2647 635 2698 pro
673 2645 749 2696 por.»
767 2632 807 2683 Cl.
820 2633 929 2684 Schmid
941 2635 976 2684 ad
988 2636 1197 2700 iior.Epp.Vol.

108 2707 195 2757 Sestio
213 2707 260 2768 56,
280 2706 352 2766 tuta
376 2709 464 2770 prucis
479 2711 570 2760 autem
587 2722 637 2758 vo-
674 2707 705 2755 ll.
719 2719 746 2770 p.
759 2707 816 2756 307.
843 2707 920 2757 lland
937 2709 1013 2759 Tura.
1032 2711 1075 2762 ill.
1094 2723 1121 2774 p.
1141 2711 1198 2761 tao.

108 2786 198 2842 eatur,
218 2781 281 2844 quta
298 2780 636 2846 primasillaspartestra-
674 2783 702 2830 et
719 2779 767 2830 448
784 2793 826 2844 sq.
847 2806 874 2816 -
898 2781 1000 2832 Sotium
1019 2784 1119 2833 Numae
1139 2797 1200 2833 ear-

107 2855 266 2921 goediarum
278 2857 383 2918 egregie
396 2853 507 2918 agebat,
526 2860 555 2907 ut
566 2859 636 2920 Aga·
673 2855 812 2918 meapLiv.
826 2857 855 2917 4,
874 2856 920 2905 ao:
939 2857 1021 2908 Solios
1036 2859 1096 2908 uera
1106 2860 1201 2909 duode-

108 2941 299 2992 memnonem,
320 2930 444 2991 Aiacem,
472 2931 634 2993 Eurysacen.
673 2929 811 2980 oimlturti
820 2930 932 2980 &odico
943 2932 1044 2995 (Numa)
1054 2933 1122 2996 lepit,
1135 2933 1202 2982 tuni·

108 3006 177 3056 vixit
198 3007 273 3054 certe
291 3004 427 3068 usquead
445 3017 469 3054 a.
488 3017 515 3055 u.
534 3017 558 3054 c.
577 3006 634 3056 699.
674 3017 767 3066 coequo
780 3005 865 3067 pictae
885 3005 980 3069 indam
996 3007 1063 3056 dedit
1083 3011 1107 3056 et
1126 3019 1202 3069 asper

108 3081 138 3128 V.
159 3080 297 3129 onomast.
317 3075 473 3129 Tullianum.
494 3105 521 3114 —
542 3081 570 3141 Q.
587 3081 636 3130 tio-
673 3079 786 3128 amicam
794 3081 1131 3144 ammonpectoritopmnem
1144 3094 1202 3133 cue·

106 3155 173 3203 scios
190 3151 338 3202 comoedus
355 3164 441 3216 acque
459 3151 568 3213 nobilis,
586 3167 636 3218 pro
673 3153 793 3216 tertioque
809 3168 899 3216 armo,
917 3167 983 3215 quoe
998 3157 1095 3205 oodtio
1111 3157 1200 3218 appet-

108 3241 162 3292 quo
181 3229 267 3278 exstat
278 3227 413 3277 Ciceronis
426 3228 523 3289 oratio,
542 3228 636 3279 huiua-
673 3227 774 3290 tantm,
791 3230 859 3291 serre
875 3242 907 3278 oc
923 3242 971 3290 per
986 3229 1073 3279 urbem
1094 3229 1133 3279 ire
1154 3244 1201 3281 co·

108 3315 161 3365 qne
185 3313 286 3350 cruores
307 3305 331 3350 et
352 3301 468 3364 deliciae,
496 3301 530 3351 de
549 3303 633 3352 Divin.
672 3307 757 3351 nentes
783 3303 900 3352 cennius
924 3317 981 3352 mun
1005 3304 1123 3364 tripudiis
1149 3305 1200 3354 aot·

108 3378 136 3436 t,
154 3375 201 3436 36,
221 3376 277 3436 79.;
296 3377 494 3437 doetusautem,
514 3377 636 3436 ametor
672 3377 899 3437 imminuentem
909 3376 987 3425 mat
1005 3375 1157 3438 (Diomedes
1169 3391 1197 3440 p.

108 3454 142 3500 est
164 3454 323 3510 marutia,
350 3455 391 3511 ut,
417 3451 444 3500 io
467 3464 516 3512 quo
533 3451 637 3512 qumque
673 3448 735 3499 itt:
758 3451 869 3499 Nimium
886 3449 1048 3510 Pompilium,
1069 3448 1199 3500 doiouots

107 3524 218 3587 artificio
234 3524 378 3585 morderet,
405 3523 470 3573 isio
486 3537 531 3573 suo
547 3538 636 3588 penem
670 3524 917 3589 praeditumltunc
930 3524 1019 3585 podera
1031 3522 1198 3587 (spondeum)

108 3598 219 3648 Roscius
245 3599 378 3647 diceretur.
409 3598 463 3648 Cic.
477 3598 517 3648 de
541 3600 584 3648 Or.
605 3601 633 3660 t,
672 3598 827 3661 Pootifloirou
838 3597 975 3659 mpetum
984 3602 1200 3659 murmuratorem

108 3671 153 3732 28,
173 3671 232 3721 t30.
257 3671 366 3722 Roscius
384 3685 446 3722 cum
463 3675 585 3724 mortuus
602 3675 636 3725 sit
673 3671 756 3722 sotim
774 3673 885 3722 iratiores
904 3671 991 3733 mauu
1006 3670 1129 3734 monitus
1145 3673 1199 3722 cir-

109 3757 132 3793 a.
145 3759 172 3796 u.
187 3757 212 3795 o.
226 3744 284 3794 693.
306 3745 368 3809 (Cic.
382 3759 431 3810 pro
443 3747 522 3798 Arch.
534 3747 559 3809 8,
573 3749 634 3811 ta),
672 3747 784 3796 caumes
799 3746 927 3796 iodrtcmt
942 3747 1049 3808 spoiideo
1063 3747 1128 3797 rulo
1142 3749 1200 3798 deor

109 3820 219 3869 stanno
236 3819 293 3869 690.
317 3819 344 3868 in
361 3833 441 3871 scena
460 3821 636 3886 comparabat
669 3821 775 3882 placore
805 3819 945 3884 indipetea)
982 3821 1049 3870 Cum
1080 3823 1199 3874 carmina

109 3904 196 3956 neque
215 3895 302 3944 artem
319 3892 449 3954 desierat,
469 3907 534 3946 sane
553 3897 598 3958 qui
609 3909 633 3946 a.
672 3894 784 3944 iratrum
800 3893 934 3944 Arvalium
952 3895 1003 3944 hoc
1022 3893 1119 3945 Saliare
1138 3909 1201 3946 ver·

108 3965 368 4018 a.c.iii.vivebaut
380 3969 485 4018 circiter
496 3971 636 4033 septuage·
673 3969 748 4020 sibus
765 3970 892 4020 Saturnits
909 3970 1105 4034 compositum,
1127 3972 1200 4034 quod

109 4041 187 4100 narii,
209 4041 349 4106 utriusque
364 4044 462 4093 actoris
478 4043 564 4108 probe
580 4056 636 4094 ma·
672 4049 813 4094 orommto
830 4043 931 4095 dictum
947 4043 1029 4095 tuisse
1041 4045 1135 4096 festus
1148 4050 1200 4097 tra·

110 4116 218 4166 minisse
238 4119 370 4181 poteraut.
401 4117 527 4168 Ceterum
543 4132 574 4168 ex
592 4131 633 4179 eo,
673 4117 753 4179 didit,
776 4119 991 4182 antiquissimum
1009 4117 1068 4179 tuit,
1094 4118 1199 4182 dequo

111 4189 181 4250 quod
192 4193 328 4254 Aesopus,
347 4192 463 4254 tragicus
474 4193 562 4252 actor,
580 4205 636 4243 me·
673 4193 836 4256 accepimus.
873 4193 901 4242 tn
927 4190 1044 4256 reliquiis
1069 4193 1095 4242 s.
1118 4191 1147 4242 C.
1172 4193 1199 4245 in

164 4281 257 4326 Honor.
274 4293 329 4330 von.
345 4281 371 4328 ll.
403 4295 434 4328 nn
459 4295 510 4330 aar.
528 4283 564 4330 lll.
1001 4285 1030 4330 aa
