2925 4892
272 372 333 437 288
651 371 780 421 aoaaru
797 370 977 422 sacrasacra

313 526 408 607 Quod
430 525 540 615 pingui
562 524 700 593 miscere
722 546 814 593 mero
835 526 1007 614 muriaque
1027 524 1169 605 decebit,
1313 530 1355 593 ci

313 651 383 715 Non
405 648 468 714 alia
488 668 587 735 quam
609 666 674 734 qua
695 646 849 733 Byzantia
869 647 975 733 putuit
995 667 1081 715 orca.

313 771 382 837 Hoc
404 768 458 835 ubi
480 767 649 834 confusum
671 767 770 834 sectis
792 766 943 834 inferbuit
964 767 1074 835 herbis

315 890 520 980 Corycioque
542 907 639 956 croco
661 908 810 975 sparsum
832 889 933 965 stetit,
957 890 1091 977 insuper
1111 890 1214 959 addes

312 1014 430 1079 Pressa
452 1009 649 1077 Venafranae
672 1008 761 1096 quod
782 1007 865 1076 baca
886 1010 1010 1077 remisit
1030 1010 1145 1079 olivae.

336 1231 376 1281 65.
396 1229 457 1279 ctam
471 1226 562 1291 pinqnt
577 1240 614 1289 φ,
638 1226 669 1276 At
686 1226 777 1290 pinquat
793 1240 809 1277 e
826 1226 891 1277 Cod.
910 1226 980 1277 Bosii
997 1224 1145 1289 Bentleins,
1168 1228 1213 1293 qul
1231 1234 1322 1283 tamen

303 1306 453 1368 suspicatur
470 1302 606 1352 Horatium
624 1302 782 1363 Quinquenni
798 1300 914 1351 dedisse.
942 1327 970 1337 —
997 1300 1038 1351 66.
1055 1303 1154 1363 putruit
1172 1304 1211 1354 Li.
1229 1306 1324 1369 (potnit

304 1392 399 1431 omnes
416 1378 514 1437 nostri,
531 1374 655 1437 Bentleii,
675 1376 790 1425 Pottierii
807 1374 892 1427 codd.
903 1377 1013 1439 praeter
1028 1376 1110 1438 duos,
1130 1377 1175 1441 qni
1191 1379 1320 1431 ridicule:

300 1452 412 1517 produit.)
431 1476 458 1487 -
478 1464 539 1501 οναα
555 1462 689 1514 superscr.
707 1463 726 1499 α
742 1448 826 1513 (mco)
842 1448 870 1499 b.
894 1476 922 1486 -
946 1450 987 1500 69.
1005 1451 1139 1516 Scriptura
1156 1452 1220 1504 bera
1236 1458 1322 1507 estin

304 1530 333 1589 S,
352 1528 446 1577 boccho
462 1524 494 1587 b,
512 1524 591 1575 bucco
607 1537 631 1575 c.

270 1700 415 1759 tusccpnct
430 1692 682 1758 commoriente·
692 1692 792 1757 pinque]
829 1705 895 1743 num
922 1693 1060 1757 trigidum,
1087 1696 1217 1760 optimum
1239 1696 1303 1750 illud
1320 1713 1356 1751 ex

269 1771 436 1827 ittebricht3
462 1770 605 1835 opponitur
622 1770 709 1829 tenui,
737 1772 793 1818 est-
830 1768 983 1833 Campania.
1018 1767 1114 1830 ΟΜ,
1137 1770 1168 1830 a,
1192 1772 1300 1836 tttseq.
1324 1802 1355 1811 -

269 1858 322 1909 qua
335 1846 418 1906 idem,
432 1842 627 1908 qnodCctsot,
641 1844 669 1894 6:
684 1842 792 1905 plantata.
829 1842 982 1903 wrycioque
1004 1844 1089 1904 noco]
1115 1842 1179 1894 Ptin.
1200 1846 1232 1895 lt.
1252 1848 1283 1897 rt.
1305 1848 1354 1909 at,

271 1948 299 1957 -
324 1919 425 1981 muria]
456 1916 619 1981 «liquamine
648 1920 792 1981 praecipue
830 1916 874 1965 ti:
891 1916 978 1965 Prinna
993 1915 1111 1967 nmium
1121 1918 1206 1968 diddo
1221 1920 1358 1983 (crocolet

269 1994 447 2055 thynnorum,
475 1994 506 2041 nt
531 2004 624 2053 garum
651 1989 793 2041 scombro·
828 1989 863 2037 tbi
887 1990 915 2038 ie
931 1990 1026 2051 Coryco
1041 1996 1133 2041 neom
1148 2018 1174 2027 -
1188 1994 1261 2055 aetii]
1284 2008 1358 2059 «per

269 2079 343 2123 rum;
364 2066 465 2117 mata.
481 2092 507 2101 -
521 2080 571 2115 non
583 2064 710 2128 aliaest]
723 2066 794 2129 Opti·
829 2061 994 2127 aliquantum
1011 2066 1140 2128 temporis
1152 2065 1231 2117 desiit
1246 2068 1357 2121 terrere

268 2154 312 2192 ma
330 2140 493 2199 habebatur,
512 2151 581 2201 quae
594 2152 626 2189 ex
639 2140 746 2201 thynnis
758 2139 793 2189 ad
829 2138 910 2199 atque
927 2138 1069 2202 intepuit3·
1088 2151 1155 2199 nou,
1173 2142 1358 2204 quemadmo-

267 2215 424 2278 Byzantium
455 2214 539 2276 captis
569 2212 790 2278 praeparabatur.
828 2208 894 2261 dnm
911 2208 1112 2276 aliiexplicant:
1132 2214 1357 2279 ttecoagnlatum

269 2287 453 2350 Euthydemus
478 2286 551 2350 apud
575 2287 668 2338 Athen.
691 2286 720 2347 3,
740 2286 790 2338 si:
828 2288 901 2345 est;»
919 2286 943 2347 Ξ)
961 2287 1049 2336 nstetit
1065 2286 1093 2336 iu
1108 2300 1215 2350 mensa,
1238 2293 1269 2340 ut
1283 2289 1357 2356 ligu—

268 2358 386 2413 Θὺννων
397 2356 510 2431 ὡραίων
521 2356 676 2425 Βυζάντιον
689 2353 792 2410 ἔπλετο
828 2360 937 2410 niatu.»

266 2432 373 2506 μήτηρ.
412 2436 576 2500 Antiphanes
601 2435 672 2499 apud
693 2436 790 2486 Athen.
861 2434 950 2484 iti-75.
968 2434 1181 2497 acmo-poma]
1200 2436 1239 2488 cl.
1251 2438 1307 2489 sit.
1319 2440 1354 2500 2,

268 2510 297 2572 3,
315 2512 360 2561 88:
387 2505 544 2573 Βυζάντιόν
554 2522 585 2559 τε
595 2510 722 2574 τέμαχος
734 2507 793 2559 ἐπι·
829 2508 859 2569 3,
877 2508 935 2557 272.
963 2508 1019 2557 lam
1037 2506 1071 2558 ad
1093 2522 1126 2559 ea
1148 2511 1254 2571 transit,
1281 2526 1356 2576 quae

266 2580 467 2645 βακχεααάτω.
484 2583 608 2647 -pntuit]
619 2584 709 2634 «cuius
718 2584 792 2646 gravi
829 2581 955 2633 secundis
971 2582 1073 2633 mensis
1089 2584 1301 2647 apponebantur.
1321 2612 1354 2625 -·

267 2660 350 2711 odore
376 2658 477 2709 imbuta
497 2661 539 2709 est
563 2670 625 2707 orca
650 2658 790 2721 tinentia,
830 2656 956 2720 Tiburtia]
982 2654 1116 2707 Tiburtina
1140 2660 1263 2720 ραααααία
1287 2664 1356 2711 nota

267 2726 357 2804 ri'pxp,
375 2748 423 2786 vas
441 2732 533 2795 fictile,
552 2732 720 2785 salsamentis
736 2745 793 2783 sar·
828 2733 881 2781 iam
899 2744 932 2779 ex
948 2730 998 2781 od.
1011 2731 1039 2792 l,
1058 2730 1087 2791 7,
1106 2731 1148 2782 ti.
1168 2760 1196 2769 -
1218 2735 1355 2797 Venucula]

266 2810 360 2861 vendis
372 2812 489 2874 aptum„
517 2808 713 2869 athenais:
734 2804 792 2858 Tai—
828 2804 892 2856 Plin.
911 2806 943 2855 ll.
962 2806 992 2855 N.
1012 2804 1105 2867 tm,
1129 2806 1176 2857 at:
1208 2810 1357 2861 Venientem

266 2898 348 2953 ριχας
364 2912 406 2925 --
420 2882 577 2947 Βυζαντίας
601 2879 632 2933 oi
657 2881 790 2945 θυννίδος
829 2878 931 2941 (uvam)
949 2878 1052 2929 --otiis
1076 2879 1170 2941 (vasu,
1199 2882 1227 2932 iu
1251 2882 1355 2947 quibus

264 2952 399 3021 ’Θαμαῑαι
409 2958 512 3027 χαίρει.
536 2956 648 3017 Persi,
661 2957 792 3007 ‘ttzilce-
827 2953 1019 3016 condebantur)
1045 2955 1202 3017 aptissimum
1225 2957 1356 3019 Campani

266 3031 792 3096 uuqnaqttodprtmauoudrtmdesecerit
825 3029 1179 3092 mutwtarwtamoocare,
1202 3031 1356 3082 αὶαῖείαου-

266 3119 337 3156 orca¹
825 3104 886 3153 tntu.
907 3127 935 3139 -
957 3104 1027 3167 [reno
1049 3104 1188 3171 dwweria]
1206 3118 1355 3157 «servave-

299 3179 388 3230 67-69.
406 3178 517 3229 Hocubi
533 3179 594 3242 cet]
612 3177 728 3242 Simplex
740 3180 790 3242 igi·
826 3178 889 3228 ris.»
919 3178 1063 3229 coraci.
1092 3177 1216 3240 Plinii,
1234 3178 1262 3229 ³:
1287 3180 1356 3230 Aliis

266 3257 310 3304 tur
326 3254 367 3303 ius
384 3266 437 3303 non
449 3251 589 3303 constabat
605 3266 638 3303 ex
650 3251 709 3302 oleo
720 3252 788 3315 solo,
828 3250 902 3314 (uvis)
919 3251 1044 3314 αναιίαια,
1068 3252 1113 3313 qni
1128 3257 1152 3303 et
1166 3253 1242 3314 vino,
1263 3252 1355 3315 limas

266 3330 296 3378 ut
326 3326 512 3378 nonnullorum
545 3328 719 3391 interpretum
748 3331 791 3378 est
825 3328 901 3390 offert
914 3325 1020 3389 [math
1041 3326 1155 3376 —Hnnc
1170 3326 1233 3390 cet]
1250 3328 1353 3379 «Uvam

266 3402 367 3467 opinio,
394 3402 444 3452 etsi
465 3400 554 3451 oleum
577 3413 626 3464 per
642 3414 672 3452 se
691 3413 788 3464 sapore
825 3399 955 3452 Albanam
987 3412 1095 3464 passam
1132 3402 1161 3450 et
1194 3400 1353 3463 himigatem

265 3490 350 3543 prope
368 3478 453 3535 σαι-αἱς
480 3475 529 3526 sed
554 3488 587 3525 ex
613 3473 685 3536 oleo,
711 3476 787 3536 ymo,
826 3475 970 3525 comedere
997 3475 1098 3525 institui
1119 3487 1181 3526 nrm
1204 3472 1280 3525 malis
1302 3488 1352 3525 re-

265 3552 365 3602 mmia:
384 3550 561 3613 compositum
578 3552 668 3600 auwm
681 3562 714 3599 ex
726 3550 787 3610 boc,
825 3548 958 3609 centibus,
968 3561 1022 3612 qno
1033 3548 1173 3612 utriusque
1181 3561 1263 3614 sapor
1272 3562 1352 3614 pror-

265 3623 337 3687 quod
354 3624 460 3685 atrnptcu
480 3626 570 3684 vocat,
596 3622 708 3673 decocto
725 3636 788 3673 cnm
824 3636 872 3675 sus
883 3622 1018 3682 disemus,
1036 3624 1102 3673 scite
1118 3623 1173 3674 iam
1188 3624 1349 3688 permixtus,

265 3696 356 3746 herbis
367 3698 532 3757 aromaticis,
549 3698 580 3746 nt
596 3695 682 3747 solent
692 3698 788 3746 etiam-
824 3695 942 3762 palatum
960 3694 1099 3747 titillaret.-
1129 3697 1277 3760 (fumigare
1290 3697 1351 3748 itali

265 3782 336 3819 nunc
353 3768 421 3829 itali,
439 3770 529 3830 enias,
547 3770 623 3820 tardis
635 3772 696 3833 (snt.
709 3772 738 3831 Ξ,
756 3772 786 3831 8,
824 3785 896 3822 nuuc
912 3773 1050 3821 munem
1066 3770 1172 3832 solent.)
1191 3798 1219 3807 -
1234 3784 1351 3834 οαοαααα

264 3842 331 3905 ati,
353 3843 460 3905 thymo,
485 3843 638 3905 coriandro,
661 3844 785 3905 mentha,
822 3847 909 3907 mutia
932 3845 986 3909 ayo]
1010 3846 1129 3896 Primum
1150 3858 1230 3896 suum
1252 3846 1352 3897 maeu-

265 3916 372 3967 cumino
389 3915 474 3966 iricio.
510 3915 572 3979 (Cir.
585 3918 747 3980 apiciums,
762 3918 785 3967 l·
823 3924 880 3971 tum
903 3933 970 3970 uvae
993 3918 1111 3971 Albanae
1135 3920 1277 3983 fumigaiae
1293 3934 1351 3972 nna

264 3988 329 4041 lncis
362 4001 439 4049 cum,
473 4002 555 4053 quem
584 3991 790 4055 excerpsimus:
823 4007 886 4045 cnm
903 3993 980 4045 malis
1001 3994 1137 4059 appositae
1159 4006 1221 4044 cnm
1240 4007 1351 4046 memo-

263 4064 505 4130 praecedentihus.)
534 4065 649 4126 Deinde,
668 4064 713 4114 ubi
729 4069 787 4115 ste-
822 4072 923 4129 resset,
949 4067 1057 4132 poncia
1079 4070 1204 4119 incensus
1221 4069 1351 4121 contiuuo

264 4140 343 4200 terat,
361 4138 564 4203 inspargebatur
575 4152 670 4191 crocus
682 4152 787 4190 rursus-
822 4142 935 4193 aiterum
960 4142 1041 4195 faecis
1066 4146 1094 4193 et
1117 4142 1207 4193 allecis
1223 4145 1276 4193 cet.
1296 4143 1350 4193 ad-

263 4228 316 4277 que
333 4213 531 4265 admiscebatur
547 4214 635 4269 clami
657 4216 785 4265 Venafra—
822 4217 874 4278 dit,
901 4217 975 4281 qnod
999 4219 1089 4268 utrum
1111 4217 1145 4267 ad
1170 4218 1285 4281 pamas,
1313 4232 1349 4269 an
