2925 4892
500 374 561 425 itu.
579 374 610 424 ll.
645 373 745 425 urtsr.
764 376 793 427 ll.

143 526 271 606 Pullos,
295 546 371 603 ova,
395 525 513 593 cadum
536 528 661 595 temeti:
684 548 802 617 nempe
825 530 922 599 modo
945 532 1006 599 isto

143 648 304 716 Paulatim
324 648 480 715 mercaris
501 669 616 736 agrurn
636 649 772 718 fortasse
797 652 947 721 trecentis

143 769 327 837 autetiam
348 789 449 856 supra
470 790 676 837 nummorum
696 771 825 839 milibus
847 784 1000 861 emptum.
1126 775 1194 842 464

143 888 232 970 Quid
254 890 367 968 refert,
390 890 480 957 vivas
501 891 671 959 numerato
691 912 797 980 nuper
817 914 859 961 an
880 894 980 963 olim?

143 1011 279 1098 Emptor
298 1011 418 1079 Aricini
439 1010 605 1099 quondam
624 1014 766 1082 Veientis
788 1025 821 1083 et
841 1017 909 1083 arvi

143 1132 296 1220 Emptum
315 1142 432 1201 coenat
452 1132 539 1210 olus,
562 1134 712 1221 quamvis
735 1133 828 1202 aliter
849 1145 955 1223 putat3
979 1137 1095 1225 emptis

144 1252 214 1319 Sub
235 1262 364 1320 noctem
385 1252 525 1341 gelidam
545 1253 639 1342 lignis
660 1253 826 1323 calefactat
847 1264 982 1337 alinum3

143 1373 213 1441 Sed
234 1383 454 1461 vocatusque
475 1395 586 1452 suum,
610 1396 676 1463 qua
696 1375 837 1463 populus
860 1377 963 1445 adsita
984 1378 1080 1445 certis
1131 1377 1193 1445 t7c

133 1546 170 1604 C,
188 1542 338 1606 Bentleius,
356 1544 415 1607 444.)
444 1570 473 1581 -
500 1544 806 1596 464.4444444(14(4.444.
836 1570 863 1583 -
892 1548 949 1599 467.
969 1548 1089 1610 quonum
1106 1546 1159 1599 duo

132 1620 277 1679 8444444444,
295 1618 333 1669 bs
350 1620 377 1669 et
394 1632 425 1680 c,
442 1618 493 1669 sed
509 1620 552 1669 hic
565 1632 700 1685 supersor.
713 1623 743 1680 ἀς
764 1624 799 1685 444
810 1626 930 1683 quonum
941 1638 956 1675 e
968 1624 1024 1675 suis
1035 1623 1160 1677 omnibus

134 1698 243 1758 praeter
254 1695 329 1745 44444.
342 1694 446 1758 recepit
457 1694 602 1758 Cruquiusz
615 1696 749 1747 accedunt
761 1696 861 1760 aliquot
873 1699 955 1757 Faae;
974 1698 1008 1749 de
1020 1700 1075 1749 suis
1088 1702 1160 1751 44444

133 1769 306 1830 Poulei-ius),
323 1781 381 1817 44444
397 1769 450 1817 iam
466 1768 497 1827 d,
520 1770 620 1829 quoodo
637 1783 707 1821 4444
724 1772 791 1823 Fece
810 1776 837 1823 44
851 1774 955 1837 primus
972 1774 1107 1825 Schmidii.
1129 1801 1157 1810 -

132 1844 210 1909 4444]
235 1844 294 1907 agri
316 1842 345 1893 b.
374 1871 402 1880 -
429 1844 544 1906 (Vciottia
565 1844 628 1893 aviti
650 1844 716 1895 Cod.
735 1846 848 1897 Tonson.
866 1848 904 1910 -4
931 1847 987 1897 468.
1003 1852 1074 1909 pact
1090 1860 1160 1899 4444

133 1920 239 1970 Bersm.
251 1922 279 1969 et
295 1918 361 1969 cod.
374 1917 425 1968 444.
444 1918 506 1981 (non
523 1920 624 1981 444444.)

96 2070 178 2133 fctus,
196 2071 269 2118 44444
283 2069 345 2119 otilo
360 2068 457 2131 tignmn
466 2067 629 2131 Novigtiaot·
664 2069 729 2119 rarii
747 2066 781 2119 illi
799 2081 906 2121 errores
924 2070 1056 2132 4444444444,
1079 2072 1189 2133 woodo,

98 2157 154 2193 4444.
182 2145 214 2204 i,
232 2144 296 2193 ⁵20:
322 2144 399 2192 dont
423 2141 516 2192 444444
539 2142 626 2191 444444.
664 2154 723 2192 cum
738 2143 799 2193 icm.
834 2145 873 2195 De
898 2143 1018 2195 adverbii
1042 2156 1104 2195 oum
1124 2143 1191 2195 sub-

98 2219 144 2269 Sic
169 2220 262 2269 autem
280 2216 364 2268 codd.
382 2215 502 2267 Blandin,
521 2219 550 2266 et
565 2219 628 2267 Pot·
665 2218 780 2267 stauiivo
797 2218 984 2269 coniunctione
1001 2219 1034 2270 44.
1047 2218 1096 2268 Od.
1109 2218 1134 2279 3,
1148 2219 1189 2281 47,

99 2294 170 2343 tierii
187 2294 212 2342 4.
225 2292 249 2341 3.
263 2293 287 2343 6.
302 2293 341 2342 44.
359 2292 444 2354 magis
461 2293 565 2354 posttea
583 2304 627 2340 ra·
664 2290 689 2341 9.
720 2292 831 2341 «Lectio
856 2294 976 2353 quoniam
1000 2306 1053 2343 non
1082 2293 1190 2343 omniuo

98 2370 174 2419 tione
191 2379 273 2430 quarn
283 2367 411 2417 4444444--
421 2368 540 2428 4444444,
552 2365 627 2429 quod
664 2366 826 2429 spernenda,
839 2366 986 2417 dummodo
1000 2369 1133 2417 commate
1144 2380 1191 2431 po·

99 2454 164 2493 4444
181 2442 279 2492 nostris
296 2440 381 2492 codd
393 2438 496 2491 habent
505 2440 625 2491 4444444.
664 2439 715 2488 sito
731 2443 793 2503 post
807 2454 832 2489 v.
852 2441 909 2491 466.
928 2442 1141 2504 interrogationis
1157 2442 1191 2491 si·

98 2530 196 2568 omnes
213 2518 241 2565 et
252 2516 367 2565 Pottierii
384 2512 488 2578 reliqui.
503 2538 531 2549 —
544 2514 625 2577 4444444]
664 2526 746 2575 gnum
758 2512 903 2564 collocetur
914 2516 940 2565 in
950 2515 1002 2565 flne
1012 2528 1107 2565 versus
1116 2515 1189 2566 4694

99 2591 229 2653 «4444444
246 2602 262 2638 a
278 2593 305 2638 te
322 2587 448 2639 frumeuti
463 2588 587 2651 pretiolo
600 2590 626 2637 te
663 2589 783 2637 Drntara.
798 2616 826 2624 -
839 2588 935 2638 44444444
946 2616 961 2625 -
975 2590 1079 2639 Volcatio
1089 2594 1113 2639 44
1123 2588 1189 2653 aaut]

98 2677 196 2716 verum
206 2662 345 2713 dominum
356 2663 412 2724 agri
423 2661 531 2711 Orbiani
542 2674 626 2725 agno-
662 2661 750 2711 Aricio
765 2662 894 2725 oppidum
911 2663 990 2722 Latii,
1015 2664 1107 2713 notum
1126 2676 1190 2727 pro-

98 2739 177 2791 scit.»
190 2764 218 2775 -·
236 2737 327 2801 4444444]
344 2735 409 2787 Plin.
424 2736 455 2785 ll.
468 2737 499 2785 N.
513 2734 557 2796 44,
577 2735 623 2785 43;
662 2737 722 2799 pter
739 2734 828 2786 lacurn
839 2737 1032 2787 Nemorensem
1045 2739 1072 2787 et
1088 2736 1189 2789 44444444

98 2814 162 2865 Coto
178 2809 504 2874 idwwwtnortosferrtfrtit
514 2810 626 2859 44444444
662 2810 762 2860 Dianae
776 2809 817 2872 (44.
830 2811 884 2861 Sat.
898 2811 922 2871 4,
935 2811 1019 2873 44,4.);
1036 2812 1095 2871 Veii,
1108 2810 1188 2863 hodie

97 2890 162 2937 doro
174 2886 310 2950 (scripsit),
327 2885 470 2945 utscireut,
488 2898 524 2934 444
540 2889 626 2935 444444-
661 2885 727 2934 ftoto
742 2886 859 2935 44444444.
879 2885 917 2935 Cf.
930 2886 982 2935 Sat.
996 2886 1021 2947 2,
1040 2884 1065 2946 3,
1080 2884 1136 2937 443.
1157 2910 1185 2923 -

97 2970 164 3013 tum
188 2961 288 3011 44444444.
315 2960 368 3010 Hoc
388 2962 442 3008 tam
460 2958 520 3009 44444
535 2972 626 3008 comm
662 2959 764 3024 44444444]
782 2958 1188 3023 «4444444444444444444444

97 3042 167 3098 4444,
178 3034 623 3095 ondorttcmutcotiooppcttoto.
663 3033 814 3094 fervefacit,
833 3034 890 3097 ipse
908 3046 1015 3097 quoque
1028 3032 1116 3085 calefit
1131 3048 1190 3098 gra·

101 3139 129 3148 -
140 3112 218 3161 modo
228 3109 283 3173 isto]
299 3108 473 3159 «Communis
484 3110 624 3171 poetarum
662 3110 743 3171 toque
760 3108 813 3157 4444
831 3121 912 3159 sensu
924 3108 1019 3159 fruitur
1029 3108 1189 3161 adveniente

97 3187 205 3237 4444444
222 3197 275 3235 444
289 3183 409 3234 omniurn
419 3180 511 3244 regula
522 3183 572 3241 444,
590 3196 625 3233 44
661 3182 743 3245 gelido
760 3188 859 3243 44444,4
878 3196 947 3246 quae
964 3184 1052 3245 imago
1068 3182 1189 3235 consulto

96 3262 161 3326 post
176 3256 338 3308 vocabulum
349 3256 495 3307 iambicum
506 3258 533 3307 iu
544 3270 626 3306 voca-
663 3256 753 3306 addita
771 3260 820 3307 444.
1054 3256 1059 3267 “

96 3334 289 3386 lemdesinens
300 3330 489 3395 syllabaacuta
500 3335 624 3395 ponatur,
696 3330 825 3381 tto-tit.
851 3330 936 3394 44444]
955 3343 1056 3394 iusque
1073 3330 1108 3380 nd
1125 3342 1188 3381 eum

97 3410 150 3461 nisi
161 3422 226 3459 cum
236 3408 318 3458 444444.
402 3418 491 3469 neque
502 3406 626 3456 444444444
663 3402 767 3463 locum,
781 3404 827 3453 ubi
838 3404 953 3469 populus
965 3404 1047 3455 arbor
1057 3406 1106 3454 sita
1118 3407 1186 3454 cet.-

97 3485 166 3535 dixit
188 3496 276 3544 4444444
296 3482 371 3531 modo
394 3482 455 3542 4444,
481 3480 531 3531 sed
552 3482 626 3531 modo
664 3470 1189 3542 eouu.cnuo.1teuttquamviro:«iden-

95 3565 162 3611 444.»
180 3560 278 3608 nonu.
297 3555 331 3606 ad
348 3557 454 3607 444444.
472 3569 499 3620 p.
518 3554 575 3605 494.
595 3580 623 3592 -
664 3552 761 3611 tidem,
779 3563 919 3614 sempera
940 3554 970 3600 ut
987 3550 1028 3602 alii
1046 3550 1186 3615 explicant.

96 3632 214 3685 4444444444
228 3631 334 3697 mittor]
361 3631 468 3681 circiter
482 3630 565 3681 69994
583 3631 624 3679 l'r.
665 3652 693 3661 —
706 3625 798 3689 444444]
818 3623 961 3677 «Consulto
978 3626 1048 3675 iuxta
1061 3628 1119 3675 sata
1130 3626 1188 3677 sivo

96 3706 164 3760 444.
184 3731 213 3743 -
231 3705 349 3769 amram]
367 3707 431 3755 root
446 3705 500 3754 noc
515 3718 541 3753 v.
560 3703 625 3755 4444
663 3696 810 3762 proauus
824 3712 877 3749 444
889 3699 975 3749 «iuxta
987 3699 1067 3760 sita.»
1080 3699 1187 3763 roquoa

96 3782 188 3848 posuit
212 3778 425 3845 interrogationis
450 3778 569 3841 signum,
596 3780 626 3827 ut
662 3778 736 3825 esset
748 3776 857 3825 naturae
869 3787 946 3839 opus.
966 3775 1037 3837 virg.
1050 3774 1104 3825 Ecl.
1118 3776 1143 3837 9,
1155 3777 1185 3827 t:

96 3858 181 3907 etiarn
197 3853 260 3905 alibi
276 3856 338 3918 post
354 3856 423 3917 part.
440 3865 540 3915 44444444,
559 3864 623 3915 quo,
662 3864 721 3911 qua
737 3863 763 3901 44
778 3850 913 3900 4444444444
928 3850 1001 3900 colles
1016 3851 1142 3913 4444444444
1152 3876 1187 3891 --

96 3932 136 3982 444
152 3931 229 3979 recte
239 3929 349 3979 annotat
359 3926 525 3986 8444446444,
543 3925 625 3975 ironi-
663 3925 744 3986 Usque
759 3926 794 3973 od
808 3937 903 3985 aquom
914 3929 1052 3986 4444444444,
1070 3926 1187 3988 iomsro·

97 4017 130 4054 ae
151 4002 272 4054 efficacia
291 4000 455 4051 debilitatur.
474 4026 503 4035 -
519 4000 626 4061 44444444·
661 4005 703 4049 444
713 4000 861 4060 4444444444,
873 4000 976 4063 sogor,
990 3998 1082 4049 itidem
1093 4000 1186 4051 finium

97 4078 161 4141 cet]
185 4079 266 4140 lunge
288 4080 385 4138 4444444
400 4075 541 4137 quoodo»,
565 4074 623 4134 «is,
662 4075 718 4137 agri
739 4074 823 4125 notat.
856 4074 974 4138 scriptor
995 4072 1029 4123 da
1050 4074 1135 4124 Limit.
1158 4084 1184 4137 p.

98 4154 145 4215 qui
153 4151 391 4215 quonoamemitn
403 4149 625 4211 Quodcumnou·
661 4146 719 4199 aet.
739 4149 834 4197 Goon:
853 4147 1066 4209 Omoitpoaresaio
1078 4147 1186 4197 4444844-

98 4226 162 4278 nulli
177 4226 252 4277 haud
268 4226 471 4290 perspicerent,
495 4224 547 4275 orti
562 4225 626 4275 4444
660 4234 740 4273 cocos
749 4220 835 4273 tabat:
852 4234 918 4271 444444
929 4222 1021 4271 dicim
1030 4222 1184 4283 4444446444,
