2925 4892
524 391 583 440 uta.
602 392 620 440 1.
657 392 724 441 sar.
746 392 786 441 vr.
1146 394 1207 461 tto

159 550 242 613 Esse
265 549 298 612 in
319 548 498 613 amicorum
519 566 664 613 numero.
709 548 857 635 llagnum
880 548 941 616 hoc
963 570 1024 638 ego
1047 552 1149 625 (luco,

159 668 259 748 Quod
282 668 388 755 placui
408 668 482 741 tibi,
507 670 562 755 qui
585 669 670 755 turpi
692 670 837 735 secernis
861 668 1045 742 honestum.

158 792 231 857 Non
253 800 347 877 patre
368 789 550 875 praeclaro,
572 790 632 855 sed
653 792 717 857 vita
740 803 773 857 et
794 802 926 880 pectore
948 814 1040 881 puro.

159 911 256 999 Atqui
280 912 308 976 si
329 912 414 976 vitiis
436 908 657 977 mediocribus
679 934 718 979 ac
740 934 813 980 mea
835 915 947 1001 paucis
1168 919 1209 980 til)

160 1031 321 1097 llendosa
341 1041 391 1099 est
412 1043 540 1107 natura,
564 1031 684 1119 alioqui
708 1044 810 1109 recta,
836 1034 922 1101 velut
943 1036 970 1101 si

159 1153 301 1240 Egregie
324 1153 489 1240 inspersos
511 1153 732 1241 reprehendas
756 1174 893 1242 corpore
917 1176 1053 1231 naevos,

159 1274 195 1338 Si
217 1294 330 1360 neque
352 1274 519 1339 avaritiam
540 1296 649 1362 neque
671 1275 787 1341 sordes
809 1286 864 1341 aut
886 1276 969 1343 mala
990 1276 1090 1343 lustra

159 1394 304 1461 Obiiciet
327 1416 404 1461 vere
426 1396 600 1481 quisquam
621 1395 713 1474 mihi,
738 1418 839 1483 purus
861 1407 894 1463 at
915 1400 1024 1465 insons
1045 1438 1088 1449 -

158 1516 199 1583 Ut
220 1535 275 1581 me
298 1514 482 1581 collaudem
504 1553 546 1565 -
568 1518 594 1581 si
618 1528 651 1582 et
672 1518 746 1582 vivo
768 1538 864 1584 carus
887 1519 1013 1584 amicis:
1170 1521 1211 1585 tc

181 1742 225 1791 62.
245 1740 424 1806 cq01miltip.
446 1764 473 1777 -
493 1740 534 1792 61.
552 1743 620 1792 citos
632 1747 734 1804 pectore
750 1744 776 1793 in
793 1756 887 1793 rasura
905 1742 932 1793 b.
954 1772 980 1780 -
1000 1744 1041 1793 65.
1060 1750 1105 1793 out
1121 1758 1179 1793 meo

145 1830 174 1881 p,
193 1820 252 1866 mes
270 1816 396 1865 Pcttierii.
416 1844 444 1852 -
463 1816 505 1865 66.
524 1817 637 1877 olioqasio
652 1816 717 1867 bSd.
739 1844 766 1854 -
786 1818 826 1867 61.
846 1818 1008 1879 turparent>
1029 1820 1055 1867 el
1072 1830 1141 1867 corr.
1160 1818 1177 1867 tl

147 1893 289 1951 (inspersos
313 1902 354 1953 pr.
381 1890 417 1952 dl.
447 1916 475 1926 -
501 1892 639 1952 reprendas
663 1892 716 1941 LCt
741 1894 768 1941 et
793 1890 934 1942 Bentleius.
956 1920 984 1929 -
1003 1893 1043 1943 68.
1063 1906 1094 1941 cc
1110 1895 1181 1943 mota

146 1965 243 2029 bScdp
262 1966 290 2013 et
307 1976 402 2015 omues
419 1966 551 2025 Pottterii,
574 1966 617 2025 Lt,
638 1979 684 2015 nec
704 1966 776 2014 mdc
796 1980 826 2015 cx
846 1967 911 2016 Cod.
930 1964 1021 2017 Bland.
1041 1968 1179 2029 antiquiss.

146 2040 177 2088 C.
200 2040 260 2101 (cut
277 2037 393 2089 debetur
409 2040 506 2088 Acroni
523 2042 705 2103 manuscripto
721 2052 764 2103 ap.
789 2040 872 2091 Bentl.
897 2044 924 2091 et
950 2040 1058 2091 editioni
1085 2042 1177 2091 venet.

147 2113 235 2176 1190.)
257 2140 285 2148 -
304 2112 346 2161 tc.
359 2114 447 2162 siclam
458 2118 481 2162 ct
492 2114 586 2174 tetur
603 2126 666 2173 oca,
685 2113 796 2177 bScdp.}

113 2324 159 2360 m
173 2309 354 2358 matari.
387 2305 605 2357 SicPlaut.1tud.
618 2307 643 2368 1,
684 2320 746 2359 rum
771 2307 872 2359 artibus
898 2310 1000 2361 aditum
1026 2324 1209 2376 expugnasse,

114 2385 145 2442 1,
161 2384 211 2433 29:
239 2382 343 2444 Oppido
357 2383 454 2431 nmen
468 2381 594 2431 exutor.
615 2408 643 2418 -
684 2384 714 2431 ut
740 2382 827 2433 tacere
854 2382 904 2433 sibl
929 2388 1108 2449 proposuerat
1130 2386 1211 2437 homo

113 2459 271 2508 Socratem
290 2482 306 2493 -
323 2483 339 2494 -
358 2456 470 2517 catallo]
495 2456 644 2515 waram,
684 2454 727 2506 illa
744 2458 912 2520 importunus
924 2460 1020 2521 satt,
1040 2460 1067 2520 9,
1086 2462 1131 2511 58:
1151 2466 1213 2511 cm·

114 2533 222 2581 tloratio
239 2532 401 2589 scarum,
425 2531 493 2580 testa
510 2530 645 2593 Stephano
678 2542 898 2593 peroptimam
918 2534 1056 2583 occurram
1071 2535 1098 2583 in
1116 2535 1210 2592 1111111,-
1305 2572 1309 2579 .

114 2607 177 2669 Byz.
196 2607 224 2655 iu
242 2618 271 2654 ν.
289 2600 445 2675 Insuper:
471 2599 554 2673 χώρα
572 2602 645 2668 ,τλη-
683 2607 812 2656 deducam.
834 2633 862 2645 -
885 2607 1124 2669 turpi-honestum]
1148 2620 1209 2669 gen.

112 2682 180 2730 otor
198 2678 365 2749 Τάραντος,
389 2674 426 2727 τὸ
447 2674 564 2729 §westou
588 2678 646 2727 Σα-
683 2692 769 2730 masc.
790 2704 819 2717 -
837 2680 880 2729 aad
895 2681 950 2729 otto
966 2684 989 2729 et
1010 2686 1113 2741 pectore
1133 2681 1210 2744 puro]

112 2760 230 2825 πρῖνος
252 2754 305 2804 καὶ
326 2749 477 2822 Σατύριος.
511 2754 645 2802 Memora·
684 2766 795 2803 «verum
813 2754 874 2815 quia
892 2754 919 2801 in
937 2766 981 2803 me
999 2753 1057 2815 ipso
1080 2766 1211 2815 agnosca-

113 2834 156 2879 tur
171 2832 229 2879 iam
247 2830 276 2879 in
293 2826 404 2878 oraculo
420 2824 565 2876 Phalantho
582 2826 645 2876 dato
683 2827 733 2877 bas
751 2829 779 2877 et
795 2828 876 2877 vitam
893 2838 989 2890 puram
1006 2828 1033 2875 et
1049 2830 1144 2889 pectus
1159 2840 1211 2890 pu·

112 2904 185 2967 apud
201 2901 294 2953 suaa.
313 2902 338 2961 6,
357 2901 424 2961 3,2:
441 2896 583 2970 Σατύριόν
600 2914 646 2949 τοι
682 2913 753 2951 rum.
797 2901 839 2951 «Si
865 2900 938 2963 quod
955 2901 1026 2951 inest
1042 2900 1208 2961 discrimen,

112 2975 193 3028 δῶκα
217 2972 357 3046 Τάραντά
379 2989 411 3023 τε
438 2976 526 3025 πίονα
550 2972 645 3039 δῆμον
681 2976 734 3025 nita
752 2974 787 3025 ad
799 2976 960 3025 exteriorem
972 2988 1078 3025 morum
1089 2976 1209 3039 speciem

114 3050 251 3117 Οἰκῆσαι.
287 3050 399 3100 Videtur
424 3049 506 3101 luisse
531 3062 645 3113 campus
682 3051 762 3111 atque
781 3048 1002 3099 existimationem
1020 3050 1149 3112 pertinet,
1165 3062 1209 3111 po-

113 3138 247 3177 amceuus
265 3138 298 3173 ac
320 3122 410 3173 tertills
431 3136 515 3188 prope
541 3125 643 3174 Taren-
680 3128 735 3172 σιω
746 3123 833 3186 potius
844 3122 878 3172 ad
891 3136 961 3183 cam,
980 3136 1062 3187 quam
1074 3136 1122 3173 nos
1135 3136 1206 3175 nuuc

113 3204 185 3260 tum,
204 3198 252 3249 ubi
270 3196 437 3262 procedente
449 3202 571 3260 tempore
583 3210 645 3247 con·
681 3208 810 3247 vocamus
831 3198 933 3247 «vium
956 3198 1123 3257 internam»,
1145 3198 1208 3248 inti-

5 3316 10 3342 ,
114 3274 197 3324 mlum
224 3274 269 3323 est
293 3272 422 3336 oppidum
447 3272 527 3322 hodie
549 3272 644 3321 Satwc
681 3282 756 3321 mum
774 3270 907 3328 animum.
931 3270 1042 3321 aliorum
1060 3269 1142 3321 oculis
1160 3272 1208 3321 mi·

115 3349 216 3398 dictum
241 3345 341 3408 (media
363 3344 440 3407 longa
465 3347 576 3409 propter
597 3358 644 3395 ac-
682 3358 732 3395 nus
752 3345 911 3407 expositum.

114 3424 223 3471 centum
241 3419 403 3481 Graecum),
421 3418 493 3469 unde
510 3420 564 3470 iam
580 3419 644 3469 Ser·
714 3416 803 3467 cet-tt.
831 3430 910 3478 nemu
927 3442 941 3453 ·
957 3430 1036 3477 noque
1053 3442 1066 3453 -
1084 3417 1138 3479 out]
1165 3418 1207 3466 Sic

115 3496 171 3545 rius
191 3494 228 3545 ad
251 3494 349 3552 Get,
372 3493 435 3541 ⁴97:
464 3493 599 3543 Tarentum
621 3498 646 3542 et
681 3490 771 3550 0d.3‚
791 3492 836 3551 tt,
856 3492 879 3539 t.
899 3489 928 3550 3,
946 3489 1035 3550 13,5.
1066 3490 1161 3548 Satt,
1181 3491 1205 3551 9,

113 3567 644 3617 mmamcolotrtnect-
681 3564 906 3625 31.1,1,13.
938 3564 1208 3625 &amneque

113 3643 209 3691 cimus.
230 3667 262 3677 -
278 3654 347 3690 oeno
359 3646 418 3702 post
431 3641 522 3706 meac]
539 3640 646 3692 Scilicet
681 3644 765 3689 ostreo
780 3640 831 3689 Noc
841 3643 1030 3689 mammon
1041 3638 1128 3701 topoc.
1151 3638 1205 3688 Cir.

114 3716 186 3765 Bruti
204 3714 346 3765 tribunum
367 3717 517 3766 accuratius
538 3716 645 3780 perspi·
681 3714 758 3765 Hand
782 3716 858 3764 Tura.
877 3715 907 3763 11.
927 3726 954 3777 p.
973 3713 1021 3763 1136
1039 3726 1100 3777 sqq.
1120 3713 1205 3764 Haase

114 3802 177 3839 cere
197 3787 284 3840 voluit
306 3790 448 3839 Maecenas
470 3792 552 3853 atqua
574 3788 644 3840 dam
681 3789 715 3838 ad
732 3790 819 3852 Reisig
835 3789 890 3837 tot.
907 3788 1037 3849 Sproclw.
1056 3800 1082 3851 p.
1096 3786 1153 3837 tau.
1174 3812 1202 3825 -

114 3865 247 3927 experiri,
265 3865 356 3914 utrum
376 3864 401 3914 ei
418 3863 556 3914 fidendum
572 3867 646 3915 esset
680 3863 772 3927 sorder]
790 3864 956 3925 achmutstpcr
979 3863 1048 3913 Geir.
1070 3890 1096 3897 -
1117 3861 1205 3925 taetro]

114 3951 214 3997 necue,
233 3938 335 4001 quique
352 3939 462 3988 omniuo
479 3940 571 3988 essent
586 3938 644 3988 eius
680 3938 778 3988 occule
794 3938 851 3987 loca
865 3935 948 3999 (Plaut
965 3937 1042 3985 Curc.
1058 3934 1082 3995 l,
1101 3936 1126 3997 1,
1144 3936 1206 3997 tt),

114 4025 207 4063 mores
221 4014 304 4074 atque
321 4012 466 4075 ingenium.
503 4013 643 4061 Praeterea
680 4011 831 4075 lupanaria,
852 4010 978 4070 fornices,
996 4007 1206 4059 adolescentium

114 4086 248 4150 significat
275 4089 365 4137 semet
394 4087 484 4149 ipsum
512 4087 645 4150 patienter
681 4085 847 4150 perditorum
877 4082 1064 4147 receptacula,
1094 4084 1139 4146 qui
1170 4081 1206 4130 ibi

115 4162 306 4224 exspectasse,
330 4161 417 4211 donec
435 4174 529 4211 rursus
546 4160 644 4210 admit·
680 4173 733 4211 non
757 4158 843 4211 solum
869 4158 967 4209 libidiul
992 4155 1204 4213 satisfaciebant,

116 4237 231 4296 teretur,
249 4247 338 4297 neque
353 4247 419 4285 vero
429 4233 514 4285 solitis
525 4234 644 4283 adulato-
680 4233 729 4283 sed
755 4233 836 4283 etlam
868 4230 1051 4282 heluabantur.
1094 4229 1205 4290 Propter
