<?xml version="1.0" encoding="UTF-8"?>
<!DOCTYPE html PUBLIC "-//W3C//DTD XHTML 1.0 Transitional//EN"
    "http://www.w3.org/TR/xhtml1/DTD/xhtml1-transitional.dtd">
<html xmlns="http://www.w3.org/1999/xhtml" xml:lang="en" lang="en">
 <head>
  <title>
</title>
<meta http-equiv="Content-Type" content="text/html;charset=utf-8" />
  <meta name='ocr-system' content='tesseract 3.04.00' />
  <meta name='ocr-capabilities' content='ocr_page ocr_carea ocr_par ocr_line ocrx_word'/>
</head>
<body>
  <div class='ocr_page' id='page_1' title='image "./qhoratiusflaccu03baitgoog/qhoratiusflaccu03baitgoog_0184.png"; bbox 0 0 2925 4892; ppageno 0'>
   <div class='ocr_carea' id='block_1_1' title="bbox 287 308 999 373">
    <p class='ocr_par' dir='ltr' id='par_1_1' title="bbox 287 308 999 373">
     <span class='ocr_line' id='line_1_1' title="bbox 287 308 999 373; baseline -0.02 1"><span class='ocrx_word' id='word_1_1' title='bbox 287 308 349 373; x_wconf 88' lang='grc'>478</span> <span class='ocrx_word' id='word_1_2' title='bbox 671 309 801 360; x_wconf 76' lang='lat' dir='ltr'>uoaaru</span> <span class='ocrx_word' id='word_1_3' title='bbox 818 309 999 361; x_wconf 75' lang='lat' dir='ltr'>sarrainuu</span> 
     </span>
    </p>
   </div>
   <div class='ocr_carea' id='block_1_2' title="bbox 318 463 1216 1038">
    <p class='ocr_par' dir='ltr' id='par_1_2' title="bbox 318 463 1216 1038">
     <span class='ocr_line' id='line_1_2' title="bbox 328 463 1214 551; baseline 0 -19"><span class='ocrx_word' id='word_1_4' title='bbox 328 467 398 534; x_wconf 88' lang='lat' dir='ltr'>Hoc</span> <span class='ocrx_word' id='word_1_5' title='bbox 419 476 540 532; x_wconf 89' lang='lat' dir='ltr'>tantum</span> <span class='ocrx_word' id='word_1_6' title='bbox 563 472 732 531; x_wconf 85' lang='lat' dir='ltr'>contentas</span> <span class='ocrx_word' id='word_1_7' title='bbox 755 473 841 530; x_wconf 89' lang='lat' dir='ltr'>amet</span> <span class='ocrx_word' id='word_1_8' title='bbox 862 464 1033 551; x_wconf 84' lang='lat' dir='ltr'>scripsisse</span> <span class='ocrx_word' id='word_1_9' title='bbox 1056 463 1214 532; x_wconf 89' lang='lat' dir='ltr'>ducentos</span> 
     </span>
     <span class='ocr_line' id='line_1_3' title="bbox 328 585 1191 666; baseline -0.001 -13"><span class='ocrx_word' id='word_1_10' title='bbox 328 589 407 654; x_wconf 79' lang='lat' dir='ltr'>Ante</span> <span class='ocrx_word' id='word_1_11' title='bbox 420 587 538 654; x_wconf 73' lang='lat' dir='ltr'>‚cibum</span> <span class='ocrx_word' id='word_1_12' title='bbox 557 605 688 662; x_wconf 87' lang='lat' dir='ltr'>versus,</span> <span class='ocrx_word' id='word_1_13' title='bbox 711 585 846 652; x_wconf 90' lang='lat' dir='ltr'>totidem</span> <span class='ocrx_word' id='word_1_14' title='bbox 868 595 1039 666; x_wconf 89' lang='lat' dir='ltr'>coenatns;</span> <span class='ocrx_word' id='word_1_15' title='bbox 1066 586 1191 652; x_wconf 82' lang='lat' dir='ltr'>Etrusci</span> 
     </span>
     <span class='ocr_line' id='line_1_4' title="bbox 318 705 1068 794; baseline -0.004 -20"><span class='ocrx_word' id='word_1_16' title='bbox 318 708 431 793; x_wconf 76' lang='lat' dir='ltr'>¹Quale</span> <span class='ocrx_word' id='word_1_17' title='bbox 453 707 511 774; x_wconf 87' lang='lat' dir='ltr'>luit</span> <span class='ocrx_word' id='word_1_18' title='bbox 532 707 623 774; x_wconf 89' lang='lat' dir='ltr'>Cassi</span> <span class='ocrx_word' id='word_1_19' title='bbox 647 705 762 794; x_wconf 92' lang='lat' dir='ltr'>rapido</span> <span class='ocrx_word' id='word_1_20' title='bbox 785 705 960 773; x_wconf 78' lang='lat' dir='ltr'>ferventius</span> <span class='ocrx_word' id='word_1_21' title='bbox 983 707 1068 773; x_wconf 88' lang='lat' dir='ltr'>amni</span> 
     </span>
     <span class='ocr_line' id='line_1_5' title="bbox 326 827 1216 917; baseline 0.001 -22"><span class='ocrx_word' id='word_1_22' title='bbox 326 830 507 917; x_wconf 84' lang='lat' dir='ltr'>ingenium,</span> <span class='ocrx_word' id='word_1_23' title='bbox 531 828 638 916; x_wconf 80' lang='lat' dir='ltr'>capsis</span> <span class='ocrx_word' id='word_1_24' title='bbox 660 847 759 915; x_wconf 91' lang='lat' dir='ltr'>quem</span> <span class='ocrx_word' id='word_1_25' title='bbox 782 827 865 894; x_wconf 87' lang='lat' dir='ltr'>lama</span> <span class='ocrx_word' id='word_1_26' title='bbox 890 838 1036 896; x_wconf 90' lang='lat' dir='ltr'>estesse</span> <span class='ocrx_word' id='word_1_27' title='bbox 1059 827 1216 916; x_wconf 78' lang='lat' dir='ltr'>librisque</span> 
     </span>
     <span class='ocr_line' id='line_1_6' title="bbox 326 948 1191 1038; baseline 0.001 -23"><span class='ocrx_word' id='word_1_28' title='bbox 326 949 516 1017; x_wconf 76' lang='lat' dir='ltr'>Ambustum</span> <span class='ocrx_word' id='word_1_29' title='bbox 537 948 687 1037; x_wconf 89' lang='lat' dir='ltr'>propriis.</span> <span class='ocrx_word' id='word_1_30' title='bbox 731 949 840 1016; x_wconf 84' lang='lat' dir='ltr'>Fuerit</span> <span class='ocrx_word' id='word_1_31' title='bbox 862 949 1018 1030; x_wconf 75' lang='lat' dir='ltr'>LuciliuS,</span> <span class='ocrx_word' id='word_1_32' title='bbox 1043 949 1191 1038; x_wconf 90' lang='lat' dir='ltr'>inquam,</span> 
     </span>
    </p>
   </div>
   <div class='ocr_carea' id='block_1_3' title="bbox 348 1154 543 1208">
    <p class='ocr_par' dir='ltr' id='par_1_3' title="bbox 348 1154 543 1208">
     <span class='ocr_line' id='line_1_7' title="bbox 348 1154 543 1208; baseline -0.015 0"><span class='ocrx_word' id='word_1_33' title='bbox 348 1158 389 1208; x_wconf 75' lang='grc'>62.</span> <span class='ocrx_word' id='word_1_34' title='bbox 408 1170 482 1207; x_wconf 82' lang='lat' dir='ltr'>amaa</span> <span class='ocrx_word' id='word_1_35' title='bbox 498 1154 543 1206; x_wconf 87' lang='lat' dir='ltr'>Sd.</span> 
     </span>
    </p>
   </div>
   <div class='ocr_carea' id='block_1_4' title="bbox 250 1340 1379 4229">
    <p class='ocr_par' dir='ltr' id='par_1_4' title="bbox 250 1340 1379 2669">
     <span class='ocr_line' id='line_1_8' title="bbox 281 1340 1375 1405; baseline 0.005 -12"><span class='ocrx_word' id='word_1_36' title='bbox 281 1342 314 1403; x_wconf 94' lang='grc'>4,</span> <span class='ocrx_word' id='word_1_37' title='bbox 341 1341 383 1392; x_wconf 88' lang='grc'>40.</span> <span class='ocrx_word' id='word_1_38' title='bbox 412 1370 439 1378; x_wconf 93' lang='grc'><strong>-</strong></span> <span class='ocrx_word' id='word_1_39' title='bbox 465 1341 518 1391; x_wconf 85' lang='lat' dir='ltr'>Hoc</span> <span class='ocrx_word' id='word_1_40' title='bbox 542 1346 641 1391; x_wconf 78' lang='lat' dir='ltr'>tostam</span> <span class='ocrx_word' id='word_1_41' title='bbox 665 1341 806 1405; x_wconf 75' lang='grc'><strong>4444444444]</strong></span> <span class='ocrx_word' id='word_1_42' title='bbox 845 1340 937 1402; x_wconf 74' lang='grc'><strong>0444,</strong></span> <span class='ocrx_word' id='word_1_43' title='bbox 956 1342 1003 1402; x_wconf 90' lang='grc'>44,</span> <span class='ocrx_word' id='word_1_44' title='bbox 1022 1341 1066 1392; x_wconf 78' lang='lat' dir='ltr'>st:</span> <span class='ocrx_word' id='word_1_45' title='bbox 1094 1342 1222 1394; x_wconf 77' lang='grc' dir='ltr'><strong>44ηὸ4444444</strong></span> <span class='ocrx_word' id='word_1_46' title='bbox 1236 1345 1375 1398; x_wconf 81' lang='lat' dir='ltr'>Pboc&#39;lltoa.</span> 
     </span>
     <span class='ocr_line' id='line_1_9' title="bbox 280 1414 1376 1483; baseline 0.005 -17"><span class='ocrx_word' id='word_1_47' title='bbox 280 1418 339 1466; x_wconf 83' lang='lat' dir='ltr'>Nou</span> <span class='ocrx_word' id='word_1_48' title='bbox 356 1418 398 1466; x_wconf 90' lang='lat' dir='ltr'>est</span> <span class='ocrx_word' id='word_1_49' title='bbox 413 1416 597 1480; x_wconf 81' lang='lat' dir='ltr'>parenthesis,</span> <span class='ocrx_word' id='word_1_50' title='bbox 619 1416 650 1464; x_wconf 94' lang='lat' dir='ltr'>ut</span> <span class='ocrx_word' id='word_1_51' title='bbox 665 1415 808 1466; x_wconf 84' lang='lat' dir='ltr'>videbatur</span> <span class='ocrx_word' id='word_1_52' title='bbox 846 1414 972 1466; x_wconf 91' lang='lat' dir='ltr'>Consulto</span> <span class='ocrx_word' id='word_1_53' title='bbox 989 1416 1080 1466; x_wconf 89' lang='lat' dir='ltr'>mitius</span> <span class='ocrx_word' id='word_1_54' title='bbox 1097 1416 1212 1469; x_wconf 88' lang='lat' dir='ltr'>verbum</span> <span class='ocrx_word' id='word_1_55' title='bbox 1224 1417 1318 1483; x_wconf 80' lang='lat' dir='ltr'>elegit,</span> <span class='ocrx_word' id='word_1_56' title='bbox 1338 1435 1376 1471; x_wconf 92' lang='lat' dir='ltr'>ne</span> 
     </span>
     <span class='ocr_line' id='line_1_10' title="bbox 280 1489 1377 1554; baseline 0.005 -14"><span class='ocrx_word' id='word_1_57' title='bbox 280 1489 413 1551; x_wconf 86' lang='lat' dir='ltr'>Bentleio,</span> <span class='ocrx_word' id='word_1_58' title='bbox 440 1490 490 1540; x_wconf 87' lang='lat' dir='ltr'>sed</span> <span class='ocrx_word' id='word_1_59' title='bbox 512 1490 671 1554; x_wconf 90' lang='lat' dir='ltr'>pronomine</span> <span class='ocrx_word' id='word_1_60' title='bbox 694 1491 740 1538; x_wconf 80' lang='lat' dir='ltr'>troc</span> <span class='ocrx_word' id='word_1_61' title='bbox 763 1503 808 1539; x_wconf 90' lang='lat' dir='ltr'>re·</span> <span class='ocrx_word' id='word_1_62' title='bbox 845 1490 924 1540; x_wconf 89' lang='lat' dir='ltr'>nimis</span> <span class='ocrx_word' id='word_1_63' title='bbox 941 1502 1000 1540; x_wconf 91' lang='lat' dir='ltr'>rem</span> <span class='ocrx_word' id='word_1_64' title='bbox 1018 1494 1204 1553; x_wconf 79' lang='lat' dir='ltr'>exaggeraret,</span> <span class='ocrx_word' id='word_1_65' title='bbox 1231 1507 1285 1544; x_wconf 91' lang='lat' dir='ltr'>non</span> <span class='ocrx_word' id='word_1_66' title='bbox 1302 1508 1377 1546; x_wconf 80' lang='lat' dir='ltr'>coor-</span> 
     </span>
     <span class='ocr_line' id='line_1_11' title="bbox 279 1562 1377 1631; baseline 0.007 -18"><span class='ocrx_word' id='word_1_67' title='bbox 279 1566 408 1628; x_wconf 90' lang='lat' dir='ltr'>petuntur</span> <span class='ocrx_word' id='word_1_68' title='bbox 432 1562 518 1614; x_wconf 84' lang='lat' dir='ltr'>verba</span> <span class='ocrx_word' id='word_1_69' title='bbox 545 1565 666 1628; x_wconf 85' lang='lat' dir='ltr'>proxime</span> <span class='ocrx_word' id='word_1_70' title='bbox 694 1577 808 1628; x_wconf 89' lang='lat' dir='ltr'>praece·</span> <span class='ocrx_word' id='word_1_71' title='bbox 845 1565 957 1624; x_wconf 82' lang='lat' dir='ltr'>bustum,</span> <span class='ocrx_word' id='word_1_72' title='bbox 984 1566 1014 1615; x_wconf 90' lang='lat' dir='ltr'>ut</span> <span class='ocrx_word' id='word_1_73' title='bbox 1031 1565 1115 1615; x_wconf 89' lang='lat' dir='ltr'>Codd.</span> <span class='ocrx_word' id='word_1_74' title='bbox 1134 1566 1205 1631; x_wconf 88' lang='lat' dir='ltr'>apud</span> <span class='ocrx_word' id='word_1_75' title='bbox 1231 1567 1324 1619; x_wconf 88' lang='lat' dir='ltr'>Lamb.</span> <span class='ocrx_word' id='word_1_76' title='bbox 1347 1574 1377 1621; x_wconf 86' lang='lat' dir='ltr'>et</span> 
     </span>
     <span class='ocr_line' id='line_1_12' title="bbox 281 1637 1375 1700; baseline 0.005 -12"><span class='ocrx_word' id='word_1_77' title='bbox 281 1638 370 1689; x_wconf 90' lang='lat' dir='ltr'>dentia</span> <span class='ocrx_word' id='word_1_78' title='bbox 390 1638 496 1700; x_wconf 70' lang='lat' dir='ltr'>pedicas</span> <span class='ocrx_word' id='word_1_79' title='bbox 512 1639 573 1700; x_wconf 80' lang='lat' dir='ltr'>qaia</span> <span class='ocrx_word' id='word_1_80' title='bbox 593 1639 711 1688; x_wconf 68' lang='lat' dir='ltr'>clauim</span> <span class='ocrx_word' id='word_1_81' title='bbox 725 1639 805 1698; x_wconf 82' lang='lat' dir='ltr'>seais;</span> <span class='ocrx_word' id='word_1_82' title='bbox 845 1637 980 1690; x_wconf 78' lang='lat' dir='ltr'>Markland</span> <span class='ocrx_word' id='word_1_83' title='bbox 1005 1640 1165 1690; x_wconf 75' lang='lat' dir='ltr'>coniectura.</span> <span class='ocrx_word' id='word_1_84' title='bbox 1209 1642 1262 1692; x_wconf 88' lang='lat' dir='ltr'>Cir.</span> <span class='ocrx_word' id='word_1_85' title='bbox 1281 1645 1375 1694; x_wconf 87' lang='lat' dir='ltr'>tamen</span> 
     </span>
     <span class='ocr_line' id='line_1_13' title="bbox 281 1711 1375 1778; baseline 0.007 -18"><span class='ocrx_word' id='word_1_86' title='bbox 281 1713 348 1763; x_wconf 71' lang='lat' dir='ltr'>abac</span> <span class='ocrx_word' id='word_1_87' title='bbox 364 1726 418 1764; x_wconf 91' lang='lat' dir='ltr'>una</span> <span class='ocrx_word' id='word_1_88' title='bbox 436 1726 465 1763; x_wconf 90' lang='lat' dir='ltr'>re</span> <span class='ocrx_word' id='word_1_89' title='bbox 484 1714 640 1773; x_wconf 89' lang='lat' dir='ltr'>contentus,</span> <span class='ocrx_word' id='word_1_90' title='bbox 659 1715 689 1762; x_wconf 90' lang='lat' dir='ltr'>ut</span> <span class='ocrx_word' id='word_1_91' title='bbox 700 1711 809 1763; x_wconf 85' lang='lat' dir='ltr'>claudat</span> <span class='ocrx_word' id='word_1_92' title='bbox 845 1715 926 1763; x_wconf 86' lang='lat' dir='ltr'>etiam</span> <span class='ocrx_word' id='word_1_93' title='bbox 943 1715 1075 1778; x_wconf 86' lang='lat' dir='ltr'>inscripti.</span> <span class='ocrx_word' id='word_1_94' title='bbox 1093 1727 1130 1765; x_wconf 91' lang='lat' dir='ltr'>m.</span> <span class='ocrx_word' id='word_1_95' title='bbox 1150 1717 1232 1766; x_wconf 84' lang='lat' dir='ltr'>Latin.</span> <span class='ocrx_word' id='word_1_96' title='bbox 1251 1718 1282 1768; x_wconf 87' lang='lat' dir='ltr'>N.</span> <span class='ocrx_word' id='word_1_97' title='bbox 1295 1719 1375 1768; x_wconf 69' lang='lat'>2602.</span> 
     </span>
     <span class='ocr_line' id='line_1_14' title="bbox 281 1786 1379 1852; baseline 0.005 -15"><span class='ocrx_word' id='word_1_98' title='bbox 281 1786 346 1851; x_wconf 89' lang='lat' dir='ltr'>quid</span> <span class='ocrx_word' id='word_1_99' title='bbox 362 1786 486 1838; x_wconf 87' lang='lat' dir='ltr'>versibus</span> <span class='ocrx_word' id='word_1_100' title='bbox 504 1787 692 1836; x_wconf 77' lang='lat' dir='ltr'>hexametris.»</span> <span class='ocrx_word' id='word_1_101' title='bbox 707 1787 810 1836; x_wconf 81' lang='lat' dir='ltr'>-sori-</span> <span class='ocrx_word' id='word_1_102' title='bbox 845 1787 879 1837; x_wconf 90' lang='lat' dir='ltr'>de</span> <span class='ocrx_word' id='word_1_103' title='bbox 901 1787 1031 1838; x_wconf 86' lang='lat' dir='ltr'>Euchari:</span> <span class='ocrx_word' id='word_1_104' title='bbox 1058 1791 1170 1852; x_wconf 72' lang='lat' dir='ltr'>Lauda,</span> <span class='ocrx_word' id='word_1_105' title='bbox 1197 1792 1270 1840; x_wconf 72' lang='lat' dir='ltr'>clena</span> <span class='ocrx_word' id='word_1_106' title='bbox 1294 1791 1379 1842; x_wconf 85' lang='lat' dir='ltr'>Siisat</span> 
     </span>
     <span class='ocr_line' id='line_1_15' title="bbox 275 1856 1377 1932; baseline 0.003 -19"><span class='ocrx_word' id='word_1_107' title='bbox 275 1864 363 1926; x_wconf 81' lang='lat' dir='ltr'>psissc]</span> <span class='ocrx_word' id='word_1_108' title='bbox 384 1856 538 1932; x_wconf 73' lang='grc' dir='ltr'><strong><em>ἀορίστως.</em></strong></span> <span class='ocrx_word' id='word_1_109' title='bbox 559 1888 588 1898; x_wconf 93' lang='grc'>-</span> <span class='ocrx_word' id='word_1_110' title='bbox 605 1862 723 1911; x_wconf 71' lang='lat' dir='ltr'>amenas</span> <span class='ocrx_word' id='word_1_111' title='bbox 744 1864 806 1924; x_wconf 82' lang='lat' dir='ltr'>cet]</span> <span class='ocrx_word' id='word_1_112' title='bbox 844 1861 957 1912; x_wconf 73' lang='grc'><strong>4444444444</strong></span> <span class='ocrx_word' id='word_1_113' title='bbox 973 1877 1078 1926; x_wconf 77' lang='lat' dir='ltr'>corpore</span> <span class='ocrx_word' id='word_1_114' title='bbox 1088 1869 1111 1914; x_wconf 87' lang='lat' dir='ltr'>et</span> <span class='ocrx_word' id='word_1_115' title='bbox 1128 1865 1175 1914; x_wconf 86' lang='lat' dir='ltr'>leto</span> <span class='ocrx_word' id='word_1_116' title='bbox 1192 1869 1282 1915; x_wconf 78' lang='grc'><strong>44444444.</strong></span> <span class='ocrx_word' id='word_1_117' title='bbox 1318 1867 1377 1916; x_wconf 85' lang='lat' dir='ltr'>Nisi</span> 
     </span>
     <span class='ocr_line' id='line_1_16' title="bbox 280 1935 1378 2003; baseline 0.002 -15"><span class='ocrx_word' id='word_1_118' title='bbox 280 1939 334 1988; x_wconf 87' lang='lat' dir='ltr'>Sat.</span> <span class='ocrx_word' id='word_1_119' title='bbox 349 1938 376 1996; x_wconf 92' lang='grc'>4,</span> <span class='ocrx_word' id='word_1_120' title='bbox 395 1935 423 1997; x_wconf 90' lang='grc'>4,</span> <span class='ocrx_word' id='word_1_121' title='bbox 442 1937 472 1986; x_wconf 85' lang='lat'>9:</span> <span class='ocrx_word' id='word_1_122' title='bbox 499 1937 527 1985; x_wconf 86' lang='lat' dir='ltr'>ia</span> <span class='ocrx_word' id='word_1_123' title='bbox 543 1937 608 1985; x_wconf 78' lang='lat' dir='ltr'>tora</span> <span class='ocrx_word' id='word_1_124' title='bbox 623 1949 697 1997; x_wconf 78' lang='lat' dir='ltr'>saepe</span> <span class='ocrx_word' id='word_1_125' title='bbox 713 1938 808 1986; x_wconf 77' lang='grc'><strong>4444444-</strong></span> <span class='ocrx_word' id='word_1_126' title='bbox 843 1949 909 1986; x_wconf 88' lang='lat' dir='ltr'>vero</span> <span class='ocrx_word' id='word_1_127' title='bbox 926 1937 1011 1987; x_wconf 84' lang='lat' dir='ltr'>mavis</span> <span class='ocrx_word' id='word_1_128' title='bbox 1023 1936 1147 2001; x_wconf 86' lang='lat' dir='ltr'>explicari</span> <span class='ocrx_word' id='word_1_129' title='bbox 1164 1939 1307 1990; x_wconf 75' lang='lat' dir='ltr'>umbratam</span> <span class='ocrx_word' id='word_1_130' title='bbox 1318 1941 1378 2003; x_wconf 91' lang='lat' dir='ltr'>pri-</span> 
     </span>
     <span class='ocr_line' id='line_1_17' title="bbox 279 2010 1377 2078; baseline 0.003 -16"><span class='ocrx_word' id='word_1_131' title='bbox 279 2017 332 2071; x_wconf 82' lang='lat' dir='ltr'>tos,</span> <span class='ocrx_word' id='word_1_132' title='bbox 363 2011 393 2060; x_wconf 82' lang='lat' dir='ltr'>iit</span> <span class='ocrx_word' id='word_1_133' title='bbox 418 2024 555 2074; x_wconf 65' lang='lat' dir='ltr'>moyam,</span> <span class='ocrx_word' id='word_1_134' title='bbox 582 2023 669 2060; x_wconf 72' lang='grc'><strong>4444444</strong></span> <span class='ocrx_word' id='word_1_135' title='bbox 695 2011 807 2062; x_wconf 78' lang='lat' dir='ltr'>dictabat</span> <span class='ocrx_word' id='word_1_136' title='bbox 843 2023 919 2060; x_wconf 88' lang='lat' dir='ltr'>mum</span> <span class='ocrx_word' id='word_1_137' title='bbox 936 2012 1024 2074; x_wconf 87' lang='lat' dir='ltr'>capsis</span> <span class='ocrx_word' id='word_1_138' title='bbox 1042 2013 1069 2060; x_wconf 88' lang='lat' dir='ltr'>et</span> <span class='ocrx_word' id='word_1_139' title='bbox 1085 2010 1173 2073; x_wconf 88' lang='lat' dir='ltr'>libris,</span> <span class='ocrx_word' id='word_1_140' title='bbox 1197 2012 1294 2064; x_wconf 86' lang='lat' dir='ltr'>deiude</span> <span class='ocrx_word' id='word_1_141' title='bbox 1312 2016 1377 2078; x_wconf 90' lang='lat' dir='ltr'>ipso</span> 
     </span>
     <span class='ocr_line' id='line_1_18' title="bbox 280 2083 1378 2150; baseline 0.002 -14"><span class='ocrx_word' id='word_1_142' title='bbox 280 2083 411 2148; x_wconf 81' lang='lat' dir='ltr'>(Lucilius)</span> <span class='ocrx_word' id='word_1_143' title='bbox 424 2085 670 2146; x_wconf 61' lang='lat' dir='ltr'>mamaeam.</span> <span class='ocrx_word' id='word_1_144' title='bbox 686 2085 807 2135; x_wconf 74' lang='lat' dir='ltr'>-litm-</span> <span class='ocrx_word' id='word_1_145' title='bbox 843 2085 1080 2148; x_wconf 77' lang='lat' dir='ltr'>rogocaacnrtom.</span> <span class='ocrx_word' id='word_1_146' title='bbox 1109 2085 1193 2138; x_wconf 76' lang='lat' dir='ltr'>Aliter</span> <span class='ocrx_word' id='word_1_147' title='bbox 1202 2087 1314 2150; x_wconf 87' lang='lat' dir='ltr'>quidem</span> <span class='ocrx_word' id='word_1_148' title='bbox 1325 2101 1378 2138; x_wconf 88' lang='lat' dir='ltr'>ac-</span> 
     </span>
     <span class='ocr_line' id='line_1_19' title="bbox 278 2157 1375 2224; baseline 0.002 -14"><span class='ocrx_word' id='word_1_149' title='bbox 278 2160 315 2210; x_wconf 85' lang='lat' dir='ltr'>sci</span> <span class='ocrx_word' id='word_1_150' title='bbox 324 2185 340 2196; x_wconf 93' lang='lat'>-</span> <span class='ocrx_word' id='word_1_151' title='bbox 351 2188 367 2199; x_wconf 92' lang='lat'><em>-</em></span> <span class='ocrx_word' id='word_1_152' title='bbox 378 2159 456 2224; x_wconf 72' lang='lat' dir='ltr'>aare]</span> <span class='ocrx_word' id='word_1_153' title='bbox 483 2159 592 2210; x_wconf 85' lang='lat' dir='ltr'>Cassius</span> <span class='ocrx_word' id='word_1_154' title='bbox 618 2159 663 2209; x_wconf 87' lang='lat' dir='ltr'>hic</span> <span class='ocrx_word' id='word_1_155' title='bbox 681 2159 806 2210; x_wconf 86' lang='lat' dir='ltr'>diversus</span> <span class='ocrx_word' id='word_1_156' title='bbox 844 2159 914 2223; x_wconf 89' lang='lat' dir='ltr'>cepit</span> <span class='ocrx_word' id='word_1_157' title='bbox 925 2157 1102 2210; x_wconf 82' lang='lat' dir='ltr'>Paldamusin</span> <span class='ocrx_word' id='word_1_158' title='bbox 1113 2159 1295 2212; x_wconf 80' lang='lat' dir='ltr'>lehniiAaual.</span> <span class='ocrx_word' id='word_1_159' title='bbox 1304 2161 1375 2213; x_wconf 71' lang='lat' dir='ltr'>lixi.</span> 
     </span>
     <span class='ocr_line' id='line_1_20' title="bbox 279 2230 1378 2298; baseline 0.004 -15"><span class='ocrx_word' id='word_1_160' title='bbox 279 2233 327 2284; x_wconf 87' lang='lat' dir='ltr'>luit</span> <span class='ocrx_word' id='word_1_161' title='bbox 343 2247 359 2283; x_wconf 90' lang='lat' dir='ltr'>a</span> <span class='ocrx_word' id='word_1_162' title='bbox 376 2233 469 2283; x_wconf 87' lang='lat' dir='ltr'>Cassio</span> <span class='ocrx_word' id='word_1_163' title='bbox 480 2233 633 2294; x_wconf 82' lang='lat' dir='ltr'>Parmensi,</span> <span class='ocrx_word' id='word_1_164' title='bbox 652 2245 715 2282; x_wconf 89' lang='lat' dir='ltr'>cnm</span> <span class='ocrx_word' id='word_1_165' title='bbox 726 2230 805 2282; x_wconf 86' lang='lat' dir='ltr'>laude</span> <span class='ocrx_word' id='word_1_166' title='bbox 843 2247 869 2298; x_wconf 93' lang='lat' dir='ltr'>p.</span> <span class='ocrx_word' id='word_1_167' title='bbox 883 2233 951 2294; x_wconf 72' lang='lat'>368,</span> <span class='ocrx_word' id='word_1_168' title='bbox 971 2235 1047 2297; x_wconf 89' lang='lat' dir='ltr'>quasi</span> <span class='ocrx_word' id='word_1_169' title='bbox 1063 2236 1140 2286; x_wconf 73' lang='lat' dir='ltr'>uuus</span> <span class='ocrx_word' id='word_1_170' title='bbox 1157 2234 1286 2286; x_wconf 86' lang='lat' dir='ltr'>librorum</span> <span class='ocrx_word' id='word_1_171' title='bbox 1305 2249 1378 2287; x_wconf 88' lang='lat' dir='ltr'>con-</span> 
     </span>
     <span class='ocr_line' id='line_1_21' title="bbox 279 2306 1377 2374; baseline 0.004 -17"><span class='ocrx_word' id='word_1_172' title='bbox 279 2309 429 2358; x_wconf 88' lang='lat' dir='ltr'>memorato</span> <span class='ocrx_word' id='word_1_173' title='bbox 446 2308 513 2371; x_wconf 84' lang='lat' dir='ltr'>Epp.</span> <span class='ocrx_word' id='word_1_174' title='bbox 527 2307 556 2368; x_wconf 93' lang='grc'>4,</span> <span class='ocrx_word' id='word_1_175' title='bbox 575 2307 606 2369; x_wconf 87' lang='grc'>4,</span> <span class='ocrx_word' id='word_1_176' title='bbox 623 2306 664 2368; x_wconf 84' lang='grc'>3.,</span> <span class='ocrx_word' id='word_1_177' title='bbox 689 2307 735 2370; x_wconf 90' lang='lat' dir='ltr'>qui</span> <span class='ocrx_word' id='word_1_178' title='bbox 752 2319 806 2370; x_wconf 92' lang='lat' dir='ltr'>quo</span> <span class='ocrx_word' id='word_1_179' title='bbox 843 2308 999 2371; x_wconf 78' lang='lat' dir='ltr'>flagratione</span> <span class='ocrx_word' id='word_1_180' title='bbox 1017 2309 1043 2358; x_wconf 92' lang='lat' dir='ltr'>in</span> <span class='ocrx_word' id='word_1_181' title='bbox 1060 2308 1211 2372; x_wconf 88' lang='lat' dir='ltr'>periculum</span> <span class='ocrx_word' id='word_1_182' title='bbox 1228 2308 1377 2374; x_wconf 85' lang='lat' dir='ltr'>aliquando</span> 
     </span>
     <span class='ocr_line' id='line_1_22' title="bbox 280 2381 1378 2446; baseline 0.003 -14"><span class='ocrx_word' id='word_1_183' title='bbox 280 2383 403 2446; x_wconf 86' lang='lat' dir='ltr'>tempore</span> <span class='ocrx_word' id='word_1_184' title='bbox 422 2381 490 2432; x_wconf 87' lang='lat' dir='ltr'>haec</span> <span class='ocrx_word' id='word_1_185' title='bbox 501 2382 582 2431; x_wconf 86' lang='lat' dir='ltr'>satira</span> <span class='ocrx_word' id='word_1_186' title='bbox 594 2381 742 2445; x_wconf 89' lang='lat' dir='ltr'>composite</span> <span class='ocrx_word' id='word_1_187' title='bbox 755 2381 804 2440; x_wconf 88' lang='lat' dir='ltr'>est,</span> <span class='ocrx_word' id='word_1_188' title='bbox 843 2383 974 2434; x_wconf 87' lang='lat' dir='ltr'>adductus</span> <span class='ocrx_word' id='word_1_189' title='bbox 992 2383 1038 2443; x_wconf 88' lang='lat' dir='ltr'>sit;</span> <span class='ocrx_word' id='word_1_190' title='bbox 1065 2395 1161 2434; x_wconf 84' lang='lat' dir='ltr'>verum</span> <span class='ocrx_word' id='word_1_191' title='bbox 1180 2381 1257 2446; x_wconf 79' lang='lat' dir='ltr'>louge</span> <span class='ocrx_word' id='word_1_192' title='bbox 1275 2383 1378 2435; x_wconf 89' lang='lat' dir='ltr'>salsior</span> 
     </span>
     <span class='ocr_line' id='line_1_23' title="bbox 250 2455 1376 2516; baseline 0.004 -10"><span class='ocrx_word' id='word_1_193' title='bbox 250 2465 253 2468; x_wconf 80' lang='grc'><strong><em>’</em></strong></span> <span class='ocrx_word' id='word_1_194' title='bbox 279 2469 304 2506; x_wconf 90' lang='lat' dir='ltr'>a.</span> <span class='ocrx_word' id='word_1_195' title='bbox 323 2470 351 2507; x_wconf 90' lang='lat' dir='ltr'>u.</span> <span class='ocrx_word' id='word_1_196' title='bbox 369 2469 393 2506; x_wconf 89' lang='lat' dir='ltr'>e.</span> <span class='ocrx_word' id='word_1_197' title='bbox 411 2456 481 2516; x_wconf 65' lang='lat'>723„</span> <span class='ocrx_word' id='word_1_198' title='bbox 499 2456 526 2505; x_wconf 90' lang='lat' dir='ltr'>in</span> <span class='ocrx_word' id='word_1_199' title='bbox 542 2456 609 2505; x_wconf 87' lang='lat' dir='ltr'>vivis</span> <span class='ocrx_word' id='word_1_200' title='bbox 627 2457 693 2505; x_wconf 88' lang='lat' dir='ltr'>erat.</span> <span class='ocrx_word' id='word_1_201' title='bbox 723 2457 806 2505; x_wconf 84' lang='lat' dir='ltr'>Prae-</span> <span class='ocrx_word' id='word_1_202' title='bbox 843 2456 889 2505; x_wconf 87' lang='lat' dir='ltr'>fiet</span> <span class='ocrx_word' id='word_1_203' title='bbox 916 2457 971 2506; x_wconf 88' lang='lat' dir='ltr'>tota</span> <span class='ocrx_word' id='word_1_204' title='bbox 993 2455 1205 2516; x_wconf 87' lang='lat' dir='ltr'>narratiuncula,</span> <span class='ocrx_word' id='word_1_205' title='bbox 1235 2457 1281 2507; x_wconf 89' lang='lat' dir='ltr'>uhi</span> <span class='ocrx_word' id='word_1_206' title='bbox 1307 2471 1376 2510; x_wconf 88' lang='lat' dir='ltr'>cum</span> 
     </span>
     <span class='ocr_line' id='line_1_24' title="bbox 278 2529 1378 2597; baseline 0.002 -16"><span class='ocrx_word' id='word_1_207' title='bbox 278 2531 366 2592; x_wconf 85' lang='lat' dir='ltr'>terea,</span> <span class='ocrx_word' id='word_1_208' title='bbox 385 2529 515 2594; x_wconf 89' lang='lat' dir='ltr'>quidquid</span> <span class='ocrx_word' id='word_1_209' title='bbox 529 2529 621 2580; x_wconf 82' lang='lat' dir='ltr'>dicunt</span> <span class='ocrx_word' id='word_1_210' title='bbox 630 2529 803 2590; x_wconf 83' lang='lat' dir='ltr'>scholiastae,</span> <span class='ocrx_word' id='word_1_211' title='bbox 843 2531 940 2580; x_wconf 90' lang='lat' dir='ltr'>ceteris</span> <span class='ocrx_word' id='word_1_212' title='bbox 958 2531 1148 2596; x_wconf 84' lang='lat' dir='ltr'>interpretibus</span> <span class='ocrx_word' id='word_1_213' title='bbox 1165 2531 1199 2582; x_wconf 87' lang='lat' dir='ltr'>de</span> <span class='ocrx_word' id='word_1_214' title='bbox 1211 2545 1275 2596; x_wconf 79' lang='lat' dir='ltr'>rogo</span> <span class='ocrx_word' id='word_1_215' title='bbox 1287 2533 1378 2597; x_wconf 85' lang='lat' dir='ltr'>expli-</span> 
     </span>
     <span class='ocr_line' id='line_1_25' title="bbox 278 2603 955 2669; baseline -0.003 -13"><span class='ocrx_word' id='word_1_216' title='bbox 278 2607 387 2667; x_wconf 89' lang='lat' dir='ltr'>Parma,</span> <span class='ocrx_word' id='word_1_217' title='bbox 399 2605 525 2656; x_wconf 87' lang='lat' dir='ltr'>Boiorum</span> <span class='ocrx_word' id='word_1_218' title='bbox 537 2605 655 2669; x_wconf 88' lang='lat' dir='ltr'>primum</span> <span class='ocrx_word' id='word_1_219' title='bbox 665 2603 804 2668; x_wconf 88' lang='lat' dir='ltr'>oppidum,</span> <span class='ocrx_word' id='word_1_220' title='bbox 844 2605 955 2655; x_wconf 75' lang='lat' dir='ltr'>cavens.</span> 
     </span>
    </p>

    <p class='ocr_par' dir='ltr' id='par_1_5' title="bbox 279 2676 1379 4229">
     <span class='ocr_line' id='line_1_26' title="bbox 279 2676 1377 2744; baseline 0.003 -15"><span class='ocrx_word' id='word_1_221' title='bbox 279 2679 378 2731; x_wconf 87' lang='lat' dir='ltr'>deinde</span> <span class='ocrx_word' id='word_1_222' title='bbox 403 2678 506 2730; x_wconf 86' lang='lat' dir='ltr'>colonia</span> <span class='ocrx_word' id='word_1_223' title='bbox 530 2680 650 2730; x_wconf 83' lang='lat' dir='ltr'>Romana</span> <span class='ocrx_word' id='word_1_224' title='bbox 675 2679 702 2729; x_wconf 91' lang='lat' dir='ltr'>in</span> <span class='ocrx_word' id='word_1_225' title='bbox 725 2676 805 2728; x_wconf 85' lang='lat' dir='ltr'>Gallie</span> <span class='ocrx_word' id='word_1_226' title='bbox 876 2679 966 2729; x_wconf 80' lang='lat' dir='ltr'>iti-67.</span> <span class='ocrx_word' id='word_1_227' title='bbox 984 2679 1078 2744; x_wconf 76' lang='lat' dir='ltr'>Fuerit]</span> <span class='ocrx_word' id='word_1_228' title='bbox 1092 2680 1279 2744; x_wconf 73' lang='lat' dir='ltr'>ridqnodvos</span> <span class='ocrx_word' id='word_1_229' title='bbox 1292 2679 1377 2732; x_wconf 91' lang='lat' dir='ltr'>iden-</span> 
     </span>
     <span class='ocr_line' id='line_1_27' title="bbox 279 2751 1373 2819; baseline 0 -15"><span class='ocrx_word' id='word_1_230' title='bbox 279 2754 446 2819; x_wconf 86' lang='lat' dir='ltr'>Cispadaua,</span> <span class='ocrx_word' id='word_1_231' title='bbox 479 2753 514 2803; x_wconf 88' lang='lat' dir='ltr'>ad</span> <span class='ocrx_word' id='word_1_232' title='bbox 544 2753 679 2803; x_wconf 84' lang='lat' dir='ltr'>Etruriam</span> <span class='ocrx_word' id='word_1_233' title='bbox 711 2751 806 2802; x_wconf 84' lang='lat' dir='ltr'>reterri</span> <span class='ocrx_word' id='word_1_234' title='bbox 844 2752 927 2803; x_wconf 88' lang='lat' dir='ltr'>tidem</span> <span class='ocrx_word' id='word_1_235' title='bbox 945 2751 1045 2814; x_wconf 88' lang='lat' dir='ltr'>dicitis,</span> <span class='ocrx_word' id='word_1_236' title='bbox 1073 2767 1122 2818; x_wconf 79' lang='lat' dir='ltr'>ego</span> <span class='ocrx_word' id='word_1_237' title='bbox 1146 2767 1200 2804; x_wconf 90' lang='lat' dir='ltr'>uon</span> <span class='ocrx_word' id='word_1_238' title='bbox 1223 2767 1320 2818; x_wconf 77' lang='lat' dir='ltr'>nego.»</span> <span class='ocrx_word' id='word_1_239' title='bbox 1344 2783 1373 2792; x_wconf 98' lang='lat'>-</span> 
     </span>
     <span class='ocr_line' id='line_1_28' title="bbox 279 2819 1376 2893; baseline -0.001 -14"><span class='ocrx_word' id='word_1_240' title='bbox 279 2831 437 2891; x_wconf 89' lang='lat' dir='ltr'>neutiquam</span> <span class='ocrx_word' id='word_1_241' title='bbox 462 2819 575 2891; x_wconf 87' lang='lat' dir='ltr'>poterat.</span> <span class='ocrx_word' id='word_1_242' title='bbox 612 2825 689 2886; x_wconf 85' lang='lat' dir='ltr'>Quod</span> <span class='ocrx_word' id='word_1_243' title='bbox 714 2829 806 2876; x_wconf 90' lang='lat' dir='ltr'>autem</span> <span class='ocrx_word' id='word_1_244' title='bbox 844 2827 928 2888; x_wconf 78' lang='lat' dir='ltr'>Quoia</span> <span class='ocrx_word' id='word_1_245' title='bbox 942 2827 1086 2892; x_wconf 64' lang='grc'><strong>4444444444]</strong></span> <span class='ocrx_word' id='word_1_246' title='bbox 1106 2841 1204 2893; x_wconf 75' lang='lat' dir='ltr'>«quem</span> <span class='ocrx_word' id='word_1_247' title='bbox 1221 2831 1376 2892; x_wconf 82' lang='lat' dir='ltr'>exspectari</span> 
     </span>
     <span class='ocr_line' id='line_1_29' title="bbox 280 2899 1376 2964; baseline -0.001 -12"><span class='ocrx_word' id='word_1_248' title='bbox 280 2902 483 2952; x_wconf 82' lang='lat' dir='ltr'>commentator</span> <span class='ocrx_word' id='word_1_249' title='bbox 500 2901 581 2963; x_wconf 85' lang='lat' dir='ltr'>Cruq.</span> <span class='ocrx_word' id='word_1_250' title='bbox 600 2899 693 2949; x_wconf 88' lang='lat' dir='ltr'>tradit:</span> <span class='ocrx_word' id='word_1_251' title='bbox 721 2901 806 2950; x_wconf 78' lang='lat' dir='ltr'>«Cas-</span> <span class='ocrx_word' id='word_1_252' title='bbox 843 2903 949 2964; x_wconf 87' lang='lat' dir='ltr'>poterat</span> <span class='ocrx_word' id='word_1_253' title='bbox 969 2900 1003 2951; x_wconf 89' lang='lat' dir='ltr'>ab</span> <span class='ocrx_word' id='word_1_254' title='bbox 1025 2904 1135 2952; x_wconf 77' lang='lat' dir='ltr'>anctme</span> <span class='ocrx_word' id='word_1_255' title='bbox 1153 2903 1278 2952; x_wconf 88' lang='lat' dir='ltr'>carminis</span> <span class='ocrx_word' id='word_1_256' title='bbox 1297 2901 1376 2952; x_wconf 87' lang='lat' dir='ltr'>rudis</span> 
     </span>
     <span class='ocr_line' id='line_1_30' title="bbox 280 2973 1378 3039; baseline 0 -13"><span class='ocrx_word' id='word_1_257' title='bbox 280 2977 337 3027; x_wconf 88' lang='lat' dir='ltr'>sius</span> <span class='ocrx_word' id='word_1_258' title='bbox 359 2973 455 3024; x_wconf 87' lang='lat' dir='ltr'>multos</span> <span class='ocrx_word' id='word_1_259' title='bbox 471 2987 566 3024; x_wconf 82' lang='lat' dir='ltr'>versus</span> <span class='ocrx_word' id='word_1_260' title='bbox 583 2975 659 3037; x_wconf 88' lang='lat' dir='ltr'>parvi</span> <span class='ocrx_word' id='word_1_261' title='bbox 676 2975 805 3025; x_wconf 89' lang='lat' dir='ltr'>momenti</span> <span class='ocrx_word' id='word_1_262' title='bbox 844 2976 872 3024; x_wconf 88' lang='lat' dir='ltr'>et</span> <span class='ocrx_word' id='word_1_263' title='bbox 889 2975 997 3026; x_wconf 86' lang='lat' dir='ltr'>Graecis</span> <span class='ocrx_word' id='word_1_264' title='bbox 1010 2976 1126 3026; x_wconf 73' lang='lat' dir='ltr'>intacti.»</span> <span class='ocrx_word' id='word_1_265' title='bbox 1154 2974 1313 3039; x_wconf 78' lang='lat' dir='ltr'>Egreglede</span> <span class='ocrx_word' id='word_1_266' title='bbox 1326 2975 1378 3026; x_wconf 85' lang='lat' dir='ltr'>dii·</span> 
     </span>
     <span class='ocr_line' id='line_1_31' title="bbox 280 3047 1374 3112; baseline 0 -12"><span class='ocrx_word' id='word_1_267' title='bbox 280 3048 429 3108; x_wconf 83' lang='lat' dir='ltr'>scribebat;</span> <span class='ocrx_word' id='word_1_268' title='bbox 456 3047 517 3098; x_wconf 88' lang='lat' dir='ltr'>ideo</span> <span class='ocrx_word' id='word_1_269' title='bbox 537 3051 598 3112; x_wconf 90' lang='lat' dir='ltr'>post</span> <span class='ocrx_word' id='word_1_270' title='bbox 615 3049 672 3099; x_wconf 91' lang='lat' dir='ltr'>eius</span> <span class='ocrx_word' id='word_1_271' title='bbox 689 3051 806 3099; x_wconf 91' lang='lat' dir='ltr'>mortem</span> <span class='ocrx_word' id='word_1_272' title='bbox 843 3047 904 3098; x_wconf 86' lang='lat' dir='ltr'>ficili</span> <span class='ocrx_word' id='word_1_273' title='bbox 930 3050 983 3099; x_wconf 91' lang='lat' dir='ltr'>boc</span> <span class='ocrx_word' id='word_1_274' title='bbox 1008 3047 1067 3100; x_wconf 92' lang='lat' dir='ltr'>loco</span> <span class='ocrx_word' id='word_1_275' title='bbox 1093 3050 1204 3101; x_wconf 89' lang='lat' dir='ltr'>meritus</span> <span class='ocrx_word' id='word_1_276' title='bbox 1227 3052 1270 3100; x_wconf 89' lang='lat' dir='ltr'>est</span> <span class='ocrx_word' id='word_1_277' title='bbox 1293 3051 1324 3100; x_wconf 92' lang='lat' dir='ltr'>C.</span> <span class='ocrx_word' id='word_1_278' title='bbox 1345 3052 1374 3100; x_wconf 79' lang='lat' dir='ltr'>F.</span> 
     </span>
     <span class='ocr_line' id='line_1_32' title="bbox 280 3121 1375 3188; baseline 0.002 -15"><span class='ocrx_word' id='word_1_279' title='bbox 280 3123 401 3173; x_wconf 75' lang='lat' dir='ltr'>demerit</span> <span class='ocrx_word' id='word_1_280' title='bbox 416 3125 538 3181; x_wconf 82' lang='lat' dir='ltr'>senatus,</span> <span class='ocrx_word' id='word_1_281' title='bbox 562 3124 592 3173; x_wconf 91' lang='lat' dir='ltr'>ut</span> <span class='ocrx_word' id='word_1_282' title='bbox 608 3121 668 3172; x_wconf 91' lang='lat' dir='ltr'>libri</span> <span class='ocrx_word' id='word_1_283' title='bbox 685 3136 748 3173; x_wconf 91' lang='lat' dir='ltr'>cum</span> <span class='ocrx_word' id='word_1_284' title='bbox 761 3135 807 3172; x_wconf 87' lang='lat' dir='ltr'>ca·</span> <span class='ocrx_word' id='word_1_285' title='bbox 845 3123 1013 3176; x_wconf 85' lang='lat' dir='ltr'>Hermannus</span> <span class='ocrx_word' id='word_1_286' title='bbox 1029 3124 1056 3174; x_wconf 90' lang='lat' dir='ltr'>iu</span> <span class='ocrx_word' id='word_1_287' title='bbox 1079 3125 1168 3186; x_wconf 79' lang='lat' dir='ltr'>Progr.</span> <span class='ocrx_word' id='word_1_288' title='bbox 1188 3122 1375 3188; x_wconf 79' lang='lat' dir='ltr'>limburgensi</span> 
     </span>
     <span class='ocr_line' id='line_1_33' title="bbox 281 3196 1377 3262; baseline 0.001 -14"><span class='ocrx_word' id='word_1_289' title='bbox 281 3197 380 3248; x_wconf 84' lang='lat' dir='ltr'>(lavere</span> <span class='ocrx_word' id='word_1_290' title='bbox 389 3199 593 3248; x_wconf 79' lang='lat' dir='ltr'>exurerentur2·</span> <span class='ocrx_word' id='word_1_291' title='bbox 605 3209 717 3262; x_wconf 87' lang='lat' dir='ltr'>prorsus</span> <span class='ocrx_word' id='word_1_292' title='bbox 726 3197 807 3248; x_wconf 89' lang='lat' dir='ltr'>abso·</span> <span class='ocrx_word' id='word_1_293' title='bbox 844 3196 929 3258; x_wconf 76' lang='grc'><strong>4844,</strong></span> <span class='ocrx_word' id='word_1_294' title='bbox 948 3198 1023 3247; x_wconf 88' lang='lat' dir='ltr'>cuius</span> <span class='ocrx_word' id='word_1_295' title='bbox 1040 3198 1288 3262; x_wconf 86' lang='lat' dir='ltr'>interpretationem</span> <span class='ocrx_word' id='word_1_296' title='bbox 1301 3212 1377 3250; x_wconf 92' lang='lat' dir='ltr'>nunc</span> 
     </span>
     <span class='ocr_line' id='line_1_34' title="bbox 281 3271 1377 3334; baseline 0.001 -12"><span class='ocrx_word' id='word_1_297' title='bbox 281 3284 348 3322; x_wconf 90' lang='lat' dir='ltr'>num</span> <span class='ocrx_word' id='word_1_298' title='bbox 359 3284 435 3333; x_wconf 88' lang='lat' dir='ltr'>esse,</span> <span class='ocrx_word' id='word_1_299' title='bbox 453 3272 519 3322; x_wconf 88' lang='lat' dir='ltr'>scite</span> <span class='ocrx_word' id='word_1_300' title='bbox 531 3271 725 3322; x_wconf 87' lang='lat' dir='ltr'>demonstravit</span> <span class='ocrx_word' id='word_1_301' title='bbox 736 3271 807 3322; x_wconf 89' lang='lat' dir='ltr'>Wei-</span> <span class='ocrx_word' id='word_1_302' title='bbox 844 3284 957 3334; x_wconf 89' lang='lat' dir='ltr'>sequor,</span> <span class='ocrx_word' id='word_1_303' title='bbox 983 3272 1017 3321; x_wconf 87' lang='lat' dir='ltr'>ita</span> <span class='ocrx_word' id='word_1_304' title='bbox 1042 3273 1072 3320; x_wconf 93' lang='lat' dir='ltr'>ut</span> <span class='ocrx_word' id='word_1_305' title='bbox 1089 3271 1212 3322; x_wconf 83' lang='lat' dir='ltr'>Horatius</span> <span class='ocrx_word' id='word_1_306' title='bbox 1228 3271 1316 3322; x_wconf 77' lang='lat' dir='ltr'>verba</span> <span class='ocrx_word' id='word_1_307' title='bbox 1335 3273 1377 3323; x_wconf 87' lang='lat' dir='ltr'>la-</span> 
     </span>
     <span class='ocr_line' id='line_1_35' title="bbox 281 3344 1377 3410; baseline 0.001 -12"><span class='ocrx_word' id='word_1_308' title='bbox 281 3349 358 3398; x_wconf 88' lang='lat' dir='ltr'>chert</span> <span class='ocrx_word' id='word_1_309' title='bbox 369 3347 403 3398; x_wconf 90' lang='lat' dir='ltr'>de</span> <span class='ocrx_word' id='word_1_310' title='bbox 416 3349 509 3399; x_wconf 86' lang='lat' dir='ltr'>Cassio</span> <span class='ocrx_word' id='word_1_311' title='bbox 524 3349 612 3398; x_wconf 86' lang='lat' dir='ltr'>Parm.</span> <span class='ocrx_word' id='word_1_312' title='bbox 626 3359 653 3410; x_wconf 87' lang='lat' dir='ltr'>p.</span> <span class='ocrx_word' id='word_1_313' title='bbox 666 3347 724 3396; x_wconf 76' lang='lat'>2⁴9.</span> <span class='ocrx_word' id='word_1_314' title='bbox 739 3347 806 3407; x_wconf 87' lang='lat' dir='ltr'>Quin</span> <span class='ocrx_word' id='word_1_315' title='bbox 845 3347 898 3395; x_wconf 87' lang='lat' dir='ltr'>ciet</span> <span class='ocrx_word' id='word_1_316' title='bbox 919 3345 953 3396; x_wconf 88' lang='lat' dir='ltr'>de</span> <span class='ocrx_word' id='word_1_317' title='bbox 976 3344 1090 3407; x_wconf 86' lang='lat' dir='ltr'>Lucilio,</span> <span class='ocrx_word' id='word_1_318' title='bbox 1117 3358 1169 3395; x_wconf 91' lang='lat' dir='ltr'>non</span> <span class='ocrx_word' id='word_1_319' title='bbox 1192 3346 1377 3409; x_wconf 88' lang='lat' dir='ltr'>quemadmo-</span> 
     </span>
     <span class='ocr_line' id='line_1_36' title="bbox 281 3419 1374 3487; baseline -0.002 -13"><span class='ocrx_word' id='word_1_320' title='bbox 281 3425 334 3474; x_wconf 90' lang='lat' dir='ltr'>boc</span> <span class='ocrx_word' id='word_1_321' title='bbox 349 3425 451 3487; x_wconf 87' lang='lat' dir='ltr'>ipsum,</span> <span class='ocrx_word' id='word_1_322' title='bbox 471 3423 544 3486; x_wconf 90' lang='lat' dir='ltr'>quod</span> <span class='ocrx_word' id='word_1_323' title='bbox 562 3424 653 3473; x_wconf 90' lang='lat' dir='ltr'>narret</span> <span class='ocrx_word' id='word_1_324' title='bbox 668 3423 805 3484; x_wconf 87' lang='lat' dir='ltr'>lloratius,</span> <span class='ocrx_word' id='word_1_325' title='bbox 845 3420 908 3470; x_wconf 91' lang='lat' dir='ltr'>dum</span> <span class='ocrx_word' id='word_1_326' title='bbox 926 3419 1046 3484; x_wconf 87' lang='lat' dir='ltr'>plerique</span> <span class='ocrx_word' id='word_1_327' title='bbox 1064 3421 1196 3480; x_wconf 89' lang='lat' dir='ltr'>statuunt,</span> <span class='ocrx_word' id='word_1_328' title='bbox 1224 3419 1258 3470; x_wconf 91' lang='lat' dir='ltr'>de</span> <span class='ocrx_word' id='word_1_329' title='bbox 1276 3421 1374 3472; x_wconf 87' lang='lat' dir='ltr'>Ennia.</span> 
     </span>
     <span class='ocr_line' id='line_1_37' title="bbox 280 3491 1378 3560; baseline -0.003 -12"><span class='ocrx_word' id='word_1_330' title='bbox 280 3497 376 3548; x_wconf 87' lang='lat' dir='ltr'>urbani</span> <span class='ocrx_word' id='word_1_331' title='bbox 393 3495 503 3547; x_wconf 88' lang='lat' dir='ltr'>alicuius</span> <span class='ocrx_word' id='word_1_332' title='bbox 520 3498 635 3548; x_wconf 87' lang='lat' dir='ltr'>hominis</span> <span class='ocrx_word' id='word_1_333' title='bbox 652 3509 685 3546; x_wconf 87' lang='lat' dir='ltr'>aa</span> <span class='ocrx_word' id='word_1_334' title='bbox 702 3496 808 3548; x_wconf 87' lang='lat' dir='ltr'>deriso-</span> <span class='ocrx_word' id='word_1_335' title='bbox 845 3496 872 3544; x_wconf 87' lang='grc' dir='ltr'>Ρ.</span> <span class='ocrx_word' id='word_1_336' title='bbox 891 3491 935 3544; x_wconf 80' lang='lat' dir='ltr'>ll:</span> <span class='ocrx_word' id='word_1_337' title='bbox 957 3495 1090 3544; x_wconf 71' lang='lat' dir='ltr'>«Primum</span> <span class='ocrx_word' id='word_1_338' title='bbox 1107 3494 1170 3543; x_wconf 79' lang='lat' dir='ltr'>mdc</span> <span class='ocrx_word' id='word_1_339' title='bbox 1187 3506 1240 3543; x_wconf 92' lang='lat' dir='ltr'>non</span> <span class='ocrx_word' id='word_1_340' title='bbox 1258 3497 1302 3545; x_wconf 88' lang='lat' dir='ltr'>est</span> <span class='ocrx_word' id='word_1_341' title='bbox 1312 3507 1378 3560; x_wconf 84' lang='lat' dir='ltr'>pra·</span> 
     </span>
     <span class='ocr_line' id='line_1_38' title="bbox 281 3565 1377 3634; baseline -0.002 -12"><span class='ocrx_word' id='word_1_342' title='bbox 281 3572 318 3622; x_wconf 91' lang='lat' dir='ltr'>ris</span> <span class='ocrx_word' id='word_1_343' title='bbox 335 3571 383 3622; x_wconf 88' lang='lat' dir='ltr'>luit</span> <span class='ocrx_word' id='word_1_344' title='bbox 399 3571 545 3621; x_wconf 86' lang='lat' dir='ltr'>inventum.</span> <span class='ocrx_word' id='word_1_345' title='bbox 561 3599 588 3608; x_wconf 95' lang='lat'><em>-</em></span> <span class='ocrx_word' id='word_1_346' title='bbox 600 3571 744 3634; x_wconf 72' lang='grc'><strong>[4444444444]</strong></span> <span class='ocrx_word' id='word_1_347' title='bbox 763 3571 807 3620; x_wconf 90' lang='lat' dir='ltr'>hic</span> <span class='ocrx_word' id='word_1_348' title='bbox 843 3579 908 3616; x_wconf 86' lang='lat' dir='ltr'>vum</span> <span class='ocrx_word' id='word_1_349' title='bbox 924 3565 967 3618; x_wconf 91' lang='lat' dir='ltr'>vel</span> <span class='ocrx_word' id='word_1_350' title='bbox 979 3581 1114 3629; x_wconf 89' lang='lat' dir='ltr'>mancum,</span> <span class='ocrx_word' id='word_1_351' title='bbox 1133 3568 1183 3618; x_wconf 88' lang='lat' dir='ltr'>sed</span> <span class='ocrx_word' id='word_1_352' title='bbox 1193 3569 1258 3619; x_wconf 89' lang='lat' dir='ltr'>artis</span> <span class='ocrx_word' id='word_1_353' title='bbox 1274 3582 1377 3633; x_wconf 84' lang='lat' dir='ltr'>expers</span> 
     </span>
     <span class='ocr_line' id='line_1_39' title="bbox 281 3641 1379 3707; baseline 0.003 -13"><span class='ocrx_word' id='word_1_354' title='bbox 281 3643 352 3694; x_wconf 89' lang='lat' dir='ltr'>mala</span> <span class='ocrx_word' id='word_1_355' title='bbox 369 3644 569 3705; x_wconf 77' lang='lat' dir='ltr'>significatione.</span> <span class='ocrx_word' id='word_1_356' title='bbox 605 3646 703 3695; x_wconf 86' lang='lat' dir='ltr'>Contra</span> <span class='ocrx_word' id='word_1_357' title='bbox 714 3645 763 3695; x_wconf 88' lang='lat' dir='ltr'>Od.</span> <span class='ocrx_word' id='word_1_358' title='bbox 776 3643 805 3706; x_wconf 84' lang='grc'>4,</span> <span class='ocrx_word' id='word_1_359' title='bbox 844 3643 872 3691; x_wconf 88' lang='grc'>44</span> <span class='ocrx_word' id='word_1_360' title='bbox 883 3641 1039 3706; x_wconf 88' lang='lat' dir='ltr'>impolitum,</span> <span class='ocrx_word' id='word_1_361' title='bbox 1054 3642 1127 3707; x_wconf 91' lang='lat' dir='ltr'>quod</span> <span class='ocrx_word' id='word_1_362' title='bbox 1137 3642 1199 3694; x_wconf 89' lang='lat' dir='ltr'>lime</span> <span class='ocrx_word' id='word_1_363' title='bbox 1208 3647 1301 3694; x_wconf 84' lang='lat' dir='ltr'>careat</span> <span class='ocrx_word' id='word_1_364' title='bbox 1312 3659 1379 3697; x_wconf 88' lang='lat' dir='ltr'>nec·</span> 
     </span>
     <span class='ocr_line' id='line_1_40' title="bbox 281 3716 1378 3782; baseline 0.003 -14"><span class='ocrx_word' id='word_1_365' title='bbox 281 3719 311 3779; x_wconf 69' lang='grc'>4,</span> <span class='ocrx_word' id='word_1_366' title='bbox 330 3718 360 3767; x_wconf 84' lang='lat'>7:</span> <span class='ocrx_word' id='word_1_367' title='bbox 380 3717 467 3767; x_wconf 76' lang='lat' dir='ltr'>Feroci</span> <span class='ocrx_word' id='word_1_368' title='bbox 482 3719 663 3780; x_wconf 69' lang='lat' dir='ltr'>inmensusque</span> <span class='ocrx_word' id='word_1_369' title='bbox 677 3719 730 3768; x_wconf 70' lang='lat' dir='ltr'>ma</span> <span class='ocrx_word' id='word_1_370' title='bbox 743 3733 808 3782; x_wconf 86' lang='lat' dir='ltr'>pro-</span> <span class='ocrx_word' id='word_1_371' title='bbox 844 3716 909 3766; x_wconf 91' lang='lat' dir='ltr'>dum</span> <span class='ocrx_word' id='word_1_372' title='bbox 929 3716 1074 3767; x_wconf 91' lang='lat' dir='ltr'>multorum</span> <span class='ocrx_word' id='word_1_373' title='bbox 1091 3718 1229 3768; x_wconf 89' lang='lat' dir='ltr'>bominum</span> <span class='ocrx_word' id='word_1_374' title='bbox 1247 3719 1378 3772; x_wconf 89' lang='lat' dir='ltr'>manibus</span> 
     </span>
     <span class='ocr_line' id='line_1_41' title="bbox 280 3791 1376 3856; baseline 0.004 -16"><span class='ocrx_word' id='word_1_375' title='bbox 280 3791 359 3855; x_wconf 76' lang='grc'><strong>[4444444</strong></span> <span class='ocrx_word' id='word_1_376' title='bbox 374 3791 500 3840; x_wconf 75' lang='lat' dir='ltr'>Piadarra</span> <span class='ocrx_word' id='word_1_377' title='bbox 515 3804 567 3841; x_wconf 88' lang='lat' dir='ltr'>cre.</span> <span class='ocrx_word' id='word_1_378' title='bbox 587 3793 715 3854; x_wconf 84' lang='lat' dir='ltr'>—capsis</span> <span class='ocrx_word' id='word_1_379' title='bbox 734 3805 808 3853; x_wconf 80' lang='lat' dir='ltr'>quem</span> <span class='ocrx_word' id='word_1_380' title='bbox 845 3793 986 3841; x_wconf 88' lang='lat' dir='ltr'>tractatum</span> <span class='ocrx_word' id='word_1_381' title='bbox 1015 3791 1061 3851; x_wconf 87' lang='lat' dir='ltr'>sit,</span> <span class='ocrx_word' id='word_1_382' title='bbox 1092 3793 1128 3842; x_wconf 89' lang='lat' dir='ltr'>ita</span> <span class='ocrx_word' id='word_1_383' title='bbox 1155 3793 1185 3840; x_wconf 92' lang='lat' dir='ltr'>ut</span> <span class='ocrx_word' id='word_1_384' title='bbox 1212 3795 1376 3856; x_wconf 89' lang='lat' dir='ltr'>sequentia,</span> 
     </span>
     <span class='ocr_line' id='line_1_42' title="bbox 280 3863 1375 3932; baseline 0.004 -18"><span class='ocrx_word' id='word_1_385' title='bbox 280 3866 355 3928; x_wconf 67' lang='lat' dir='ltr'>(aaa</span> <span class='ocrx_word' id='word_1_386' title='bbox 370 3869 406 3914; x_wconf 78' lang='lat' dir='ltr'>est</span> <span class='ocrx_word' id='word_1_387' title='bbox 423 3863 484 3928; x_wconf 80' lang='lat' dir='ltr'>cet]</span> <span class='ocrx_word' id='word_1_388' title='bbox 504 3865 595 3916; x_wconf 74' lang='lat' dir='ltr'>«cuius</span> <span class='ocrx_word' id='word_1_389' title='bbox 612 3868 684 3916; x_wconf 91' lang='lat' dir='ltr'>tanta</span> <span class='ocrx_word' id='word_1_390' title='bbox 701 3869 760 3916; x_wconf 90' lang='lat' dir='ltr'>erat</span> <span class='ocrx_word' id='word_1_391' title='bbox 774 3865 807 3916; x_wconf 94' lang='lat' dir='ltr'>li·</span> <span class='ocrx_word' id='word_1_392' title='bbox 845 3865 943 3928; x_wconf 90' lang='lat' dir='ltr'>quibus</span> <span class='ocrx_word' id='word_1_393' title='bbox 973 3866 1077 3916; x_wconf 83' lang='lat' dir='ltr'>Graecis</span> <span class='ocrx_word' id='word_1_394' title='bbox 1106 3867 1229 3916; x_wconf 76' lang='lat' dir='ltr'>iatoctsao</span> <span class='ocrx_word' id='word_1_395' title='bbox 1260 3867 1375 3932; x_wconf 86' lang='lat' dir='ltr'>dicitur,</span> 
     </span>
     <span class='ocr_line' id='line_1_43' title="bbox 281 3937 1377 4005; baseline 0.005 -17"><span class='ocrx_word' id='word_1_396' title='bbox 281 3937 394 3988; x_wconf 89' lang='lat' dir='ltr'>brorum</span> <span class='ocrx_word' id='word_1_397' title='bbox 416 3937 451 3988; x_wconf 92' lang='lat' dir='ltr'>ab</span> <span class='ocrx_word' id='word_1_398' title='bbox 475 3951 507 3988; x_wconf 92' lang='lat' dir='ltr'>eo</span> <span class='ocrx_word' id='word_1_399' title='bbox 529 3940 690 4004; x_wconf 87' lang='lat' dir='ltr'>scriptorum</span> <span class='ocrx_word' id='word_1_400' title='bbox 713 3944 742 3992; x_wconf 91' lang='grc'>44</span> <span class='ocrx_word' id='word_1_401' title='bbox 761 3955 808 3992; x_wconf 89' lang='lat' dir='ltr'>ca·</span> <span class='ocrx_word' id='word_1_402' title='bbox 845 3953 899 3990; x_wconf 91' lang='lat' dir='ltr'>non</span> <span class='ocrx_word' id='word_1_403' title='bbox 915 3953 1014 3991; x_wconf 81' lang='lat' dir='ltr'>novum</span> <span class='ocrx_word' id='word_1_404' title='bbox 1032 3938 1131 4003; x_wconf 87' lang='lat' dir='ltr'>aliquid</span> <span class='ocrx_word' id='word_1_405' title='bbox 1149 3939 1199 3990; x_wconf 89' lang='lat' dir='ltr'>sed</span> <span class='ocrx_word' id='word_1_406' title='bbox 1215 3941 1377 4005; x_wconf 88' lang='lat' dir='ltr'>propiorem</span> 
     </span>
     <span class='ocr_line' id='line_1_44' title="bbox 282 4011 1378 4080; baseline 0.004 -16"><span class='ocrx_word' id='word_1_407' title='bbox 282 4025 407 4077; x_wconf 87' lang='lat' dir='ltr'>pserum,</span> <span class='ocrx_word' id='word_1_408' title='bbox 427 4013 454 4062; x_wconf 91' lang='lat' dir='ltr'>in</span> <span class='ocrx_word' id='word_1_409' title='bbox 475 4011 572 4076; x_wconf 88' lang='lat' dir='ltr'>quibus</span> <span class='ocrx_word' id='word_1_410' title='bbox 588 4014 806 4078; x_wconf 86' lang='lat' dir='ltr'>asservabantur,</span> <span class='ocrx_word' id='word_1_411' title='bbox 844 4016 947 4066; x_wconf 85' lang='lat' dir='ltr'>tantum</span> <span class='ocrx_word' id='word_1_412' title='bbox 957 4014 1159 4080; x_wconf 87' lang='lat' dir='ltr'>explicationem</span> <span class='ocrx_word' id='word_1_413' title='bbox 1168 4015 1325 4066; x_wconf 88' lang='lat' dir='ltr'>contineant</span> <span class='ocrx_word' id='word_1_414' title='bbox 1338 4017 1378 4080; x_wconf 89' lang='lat' dir='ltr'>(ut</span> 
     </span>
     <span class='ocr_line' id='line_1_45' title="bbox 283 4086 1378 4152; baseline 0.004 -14"><span class='ocrx_word' id='word_1_415' title='bbox 283 4087 374 4152; x_wconf 89' lang='lat' dir='ltr'>copia,</span> <span class='ocrx_word' id='word_1_416' title='bbox 404 4090 433 4136; x_wconf 90' lang='lat' dir='ltr'>ut</span> <span class='ocrx_word' id='word_1_417' title='bbox 460 4086 518 4136; x_wconf 89' lang='lat' dir='ltr'>eins</span> <span class='ocrx_word' id='word_1_418' title='bbox 543 4087 667 4139; x_wconf 81' lang='lat' dir='ltr'>mdaveri</span> <span class='ocrx_word' id='word_1_419' title='bbox 693 4090 808 4141; x_wconf 90' lang='lat' dir='ltr'>combu-</span> <span class='ocrx_word' id='word_1_420' title='bbox 844 4091 934 4141; x_wconf 90' lang='lat' dir='ltr'>iuven.</span> <span class='ocrx_word' id='word_1_421' title='bbox 949 4091 989 4152; x_wconf 94' lang='grc'>44,</span> <span class='ocrx_word' id='word_1_422' title='bbox 1004 4091 1067 4140; x_wconf 82' lang='lat' dir='ltr'>tito:</span> <span class='ocrx_word' id='word_1_423' title='bbox 1086 4090 1378 4142; x_wconf 75' lang='lat' dir='ltr'>TaacmaisetGroias</span> 
     </span>
     <span class='ocr_line' id='line_1_46' title="bbox 282 4161 1376 4229; baseline 0.005 -17"><span class='ocrx_word' id='word_1_424' title='bbox 282 4161 367 4212; x_wconf 87' lang='lat' dir='ltr'>rende</span> <span class='ocrx_word' id='word_1_425' title='bbox 389 4161 576 4225; x_wconf 69' lang='lat' dir='ltr'>sufficerent»,</span> <span class='ocrx_word' id='word_1_426' title='bbox 599 4189 627 4200; x_wconf 90' lang='lat'><em>-</em></span> <span class='ocrx_word' id='word_1_427' title='bbox 651 4163 806 4226; x_wconf 73' lang='grc'><strong>4444444444]</strong></span> <span class='ocrx_word' id='word_1_428' title='bbox 843 4165 936 4216; x_wconf 81' lang='lat' dir='ltr'>otirari</span> <span class='ocrx_word' id='word_1_429' title='bbox 952 4165 1048 4216; x_wconf 78' lang='lat' dir='ltr'>nesciris</span> <span class='ocrx_word' id='word_1_430' title='bbox 1069 4165 1171 4229; x_wconf 64' lang='lat' dir='ltr'>arim),</span> <span class='ocrx_word' id='word_1_431' title='bbox 1190 4164 1289 4216; x_wconf 88' lang='lat' dir='ltr'>deiude</span> <span class='ocrx_word' id='word_1_432' title='bbox 1307 4180 1376 4218; x_wconf 88' lang='lat' dir='ltr'>vero</span> 
     </span>
    </p>
   </div>
   <div class='ocr_carea' id='block_1_5' title="bbox 0 0 1475 4892">
    <p class='ocr_par' dir='ltr' id='par_1_6' title="bbox 0 0 1475 4892">
     <span class='ocr_line' id='line_1_47' title="bbox 0 0 1475 4892; baseline 0 0"><span class='ocrx_word' id='word_1_433' title='bbox 0 0 1475 4892; x_wconf 95' lang='lat' dir='ltr'> </span> 
     </span>
    </p>
   </div>
  </div>
 </body>
</html>
