2925 4892
188 358 190 363 ’
286 333 328 396 30
667 334 796 385 donaro
813 335 994 387 samalaud

287 490 425 571 Quidam
447 501 542 557 notus
565 490 661 557 bomo
683 511 758 557 com
780 490 883 556 exiret
905 490 1042 565 lornice,
1065 490 1167 556 llacte

287 613 406 679 Virtute
428 621 514 687 esto,
540 612 642 699 inquit
663 612 823 678 sententia
844 611 898 677 dia
921 612 1065 677 Catonis.

286 736 366 800 Nam
388 732 481 798 simul
504 754 542 800 ac
565 754 664 799 venas
688 732 808 799 inflavit
830 742 912 799 tetra
932 732 1049 809 libido,

287 856 357 921 Huc
377 856 512 920 iuvenes
535 874 676 940 aequum
698 867 749 920 est
770 854 987 929 descendere,
1012 874 1076 919 uon
1098 853 1221 919 alienas

286 974 470 1042 'permolere
492 996 621 1043 uxores.
666 974 771 1042 Nolim
791 974 971 1051 laudarier,
997 975 1112 1062 inquit,
1334 977 1378 1038 35

288 1097 341 1164 Sic
362 1117 430 1175 me,
455 1098 587 1162 mirator
609 1097 704 1163 cunni
728 1096 927 1183 Cupiennius
950 1096 1023 1162 albi.

286 1218 405 1285 Audire
428 1229 478 1285 est
499 1238 620 1305 operae
643 1217 801 1305 pretium,
825 1218 1006 1304 procedere
1029 1230 1117 1284 recte

286 1341 348 1419 Qui
371 1339 525 1406 moechos
548 1337 745 1415 mavoltis,
770 1350 805 1405 ut
827 1339 912 1404 omni
937 1349 1029 1425 parte
1050 1338 1214 1417 laborent;

286 1463 390 1549 thue
413 1459 473 1527 illis
496 1459 594 1527 multo
617 1472 769 1548 corrupta
792 1459 905 1526 dolore
929 1459 1093 1546 voluptas,

350 1640 390 1690 32.
409 1641 468 1690 diuo
484 1655 511 1705 p.
533 1668 559 1677 -
578 1641 618 1691 36.
639 1642 781 1703 coponium
796 1655 823 1706 p.
839 1670 867 1679 -
880 1642 920 1692 38.
934 1642 1040 1691 irroratis
1063 1641 1234 1705 obspnctrt
1243 1678 1248 1700 ‚
1271 1654 1341 1690 moe-

318 1713 383 1765 olm*
401 1716 427 1770 d.
449 1717 488 1777 (Ut
504 1728 553 1766 nos
571 1729 599 1777 c,
618 1734 647 1781 γ,
666 1730 722 1767 var.
742 1716 803 1767 leot.
821 1732 860 1778 φ,
885 1730 953 1766 ουιι.
972 1733 990 1764 κ
1007 1720 1035 1766 et
1051 1719 1106 1766 tres
1124 1715 1258 1778 Pottierii.)

286 1875 350 1924 sost.
369 1875 441 1923 Οι.
431 1892 451 1925 ι.
464 1888 490 1938 p
503 1874 562 1923 268.
576 1876 620 1925 a:
639 1871 811 1939 culpata--
846 1875 881 1925 de
903 1876 986 1935 coitu,
1013 1876 1043 1923 ut
1065 1871 1186 1938 palliam
1210 1875 1322 1923 Theocr
1342 1875 1375 1931 4,

286 1942 476 2035 ἀργυρώνητα
502 1947 544 1999 ἐπ’
572 1946 699 2018 αἰσχύνῃ
726 1950 810 2031 npqi'-
846 1949 887 1999 ta.
911 1950 1028 1999 dedotore
1050 1946 1126 2013 Apul.
1145 1949 1206 2000 blet.
1226 1949 1255 2008 8,
1280 1950 1305 1999 7.
1334 1951 1376 1999 De

284 2018 408 2085 στάντας
425 2022 466 2073 ἐτ’
484 2020 807 2095 οἰκημάτωνριιιιαρῶν,
845 2021 970 2073 liberiore
998 2023 1151 2073 huiusmodi
1178 1986 1376 2075 vocabulorum

284 2098 329 2146 Ιιι
330 2112 373 2146 vv.
391 2098 486 2160 fornico
502 2103 609 2148 stantem
625 2098 711 2148 littera
728 2113 742 2147 e
757 2112 809 2149 uon
845 2092 1025 2168 ἀφροδισίων
1052 2108 1104 2147 usu
1133 2097 1304 2147 iudicandum
1330 2103 1378 2149 est

284 2172 439 2235 producitur
463 2176 524 2223 anta
555 2172 688 2237 duplicem
715 2179 751 2235 st,
781 2176 811 2223 ut
846 2187 879 2223 ex
897 2171 984 2223 indole
1005 2171 1156 2222 tabularum
1177 2175 1327 2234 togatarum
1346 2177 1377 2223 et

284 2259 345 2295 mox
363 2259 388 2297 v.
408 2248 447 2295 74.
468 2249 520 2298 Sat.
540 2250 569 2309 4,
588 2248 617 2309 3,
637 2248 677 2299 lt.
706 2250 759 2298 Sat.
779 2251 808 2309 4,
846 2249 976 2312 imprimis
997 2248 1094 2296 satirae
1117 2246 1279 2303 Lucilianum
1304 2248 1378 2297 inter

283 2322 312 2381 5,
340 2321 380 2371 35.
405 2348 433 2358 —
457 2324 565 2385 Quidam
589 2323 675 2387 octos]
704 2326 811 2374 «hone-
846 2323 1009 2372 recentiores
1019 2320 1117 2371 eadem
1127 2320 1232 2371 licentia
1243 2334 1375 2373 concessa

283 2400 325 2445 sto
342 2394 402 2446 loeo
420 2402 506 2459 ortus,
525 2412 578 2448 non
596 2398 744 2461 ignobilis.»
763 2401 811 2449 Le·
846 2398 894 2447 luit
910 2398 1005 2447 Bernto
1021 2398 1133 2461 eiusque
1149 2397 1327 2447 imitatoribus
1347 2404 1378 2449 et

284 2470 344 2535 pida
354 2475 395 2523 est
404 2476 513 2524 Acronis
523 2472 732 2524 narratiuncula:
745 2476 811 2525 «Ca-
847 2472 911 2522 lud.
922 2473 1070 2536 Sergardio.
1093 2474 1274 2524 Romanorum
1284 2474 1318 2524 de
1331 2478 1376 2524 to—

284 2546 345 2595 tone
372 2550 525 2599 transeunte
551 2548 660 2613 quidam
686 2552 750 2599 exiit
774 2550 809 2600 de
845 2548 872 2595 ta
901 2548 952 2597 bac
977 2560 1007 2597 re
1033 2548 1185 2611 opinionem
1214 2550 1256 2599 bis
1282 2549 1376 2601 verbis

283 2620 397 2682 lornico;
423 2636 506 2686 quem
524 2637 588 2674 cum
606 2626 723 2688 lugeret,
752 2624 810 2675 lau·
846 2620 1001 2686 complexus
1024 2627 1066 2672 est
1087 2622 1194 2675 Plautus
1217 2623 1324 2675 Curcul.
1344 2640 1373 2675 v.

282 2696 355 2747 davit
383 2701 410 2748 et
437 2701 594 2757 revocavit.v
624 2702 719 2751 Postea
747 2713 809 2749 cum
845 2696 1377 2759 emnmorroqoemquompoomapra

283 2772 447 2836 frequentius
465 2787 528 2823 cum
550 2778 692 2827 exeuntem
715 2775 749 2825 de
762 2790 810 2826 eo-
846 2770 910 2822 bibet
925 2772 977 2820 oio.
1012 2773 1122 2822 Domoe
1134 2785 1183 2835 per
1196 2773 1376 2835 (ommone-

283 2846 346 2895 dem
363 2846 481 2909 lupanari
499 2848 623 2907 vidisset,
642 2848 741 2899 diuisae
756 2849 810 2899 ler-
842 2851 917 2908 ptum
931 2846 1014 2909 socios
1029 2848 1157 2907 ιιιιιιιιιιιι,
1176 2849 1244 2896 Dum
1260 2848 1377 2898 tetootrs-

283 2922 339 2969 lnr:
373 2921 528 2981 Adolescens,
561 2934 607 2984 opo
639 2927 662 2971 te
689 2924 808 2985 bodoni,
846 2921 927 2970 tineos
947 2926 1042 2983 nupto,
1071 2922 1163 2982 oidoo,
1192 2923 1301 2985 airoino,
1326 2924 1377 2971 lu-

282 3000 413 3054 tomqoom
428 2995 476 3043 loc
493 2996 742 3058 intermiscentes,
760 3013 810 3048 ooo
846 3000 945 3045 cantate
961 3001 984 3045 et
1005 2998 1092 3057 poeria
1107 2997 1204 3046 liberis:
1229 3010 1290 3046 arao
1311 2999 1377 3058 quid

282 3074 413 3131 tamquam
440 3070 479 3118 tic
506 3070 665 3119 habitores.»
696 3098 723 3107 —
753 3086 811 3121 em-
847 3071 975 3121 lubet·
1006 3072 1145 3136 numae]
1172 3074 1228 3126 liae
1251 3072 1377 3121 infinitivi

281 3145 359 3195 tentio
384 3146 427 3193 dio
451 3144 566 3208 Catonis]
595 3142 707 3194 formula
731 3147 811 3195 buci-
846 3146 932 3195 lorma
947 3147 1055 3209 antiqua
1073 3148 1154 3196 utitur
1171 3146 1330 3195 etiaminlra
1345 3160 1374 3196 v

281 3215 365 3267 liena:
395 3219 475 3268 Valeri
497 3221 618 3269 audentio
639 3221 692 3270 dio.
722 3221 811 3269 lmita-
827 3200 887 3269 Ι78.
906 3222 958 3270 Sat.
978 3223 1007 3279 4,
1026 3221 1057 3282 8,
1076 3222 1116 3270 64.
1152 3222 1261 3284 appa,
1281 3222 1308 3281 4,
1327 3220 1375 3271 et.

283 3294 309 3341 ta
326 3294 368 3343 est
383 3292 496 3358 Sulpicia
513 3294 566 3343 Sat.
584 3308 609 3343 v.
622 3293 708 3344 48-
682 3297 807 3357 -oenoal
845 3297 874 3355 2,
894 3296 923 3353 t,
943 3294 1048 3346 448-
1067 3293 1245 3357 ιιιιιιιιιι4441ι
1232 3296 1377 3357 «Respexit

281 3368 312 3417 ut
335 3370 408 3419 Pers.
432 3369 463 3431 6,
491 3370 538 3419 74ε
567 3382 806 3421 ιιιονοιιι--υιιια,
845 3369 879 3418 ad
896 3368 992 3420 stolam
1014 3369 1168 3429 candidam,
1195 3382 1247 3432 qua
1270 3369 1379 3418 vestie-

282 3440 376 3493 Plurali
392 3447 483 3494 autem
501 3445 594 3505 utitur,
614 3446 675 3506 quia
693 3458 808 3507 genera·
844 3444 943 3494 bantur
959 3447 1109 3503 matronae;
1134 3456 1196 3493 nam
1214 3444 1377 3493 meretrices

281 3518 312 3571 lis
329 3525 370 3571 est
391 3522 535 3583 sententia,
563 3521 598 3570 ad
615 3533 710 3572 omnes
732 3521 808 3569 iuve-
844 3517 981 3568 habebant
1004 3520 1107 3582 nigram
1130 3517 1179 3581 (vel
1202 3519 1289 3582 potius
1310 3517 1378 3580 pul-

280 3608 329 3645 nes
352 3597 497 3659 pertinens.
519 3623 546 3631 -
565 3596 719 3656 descendere]
744 3595 808 3643 For·
842 3592 1048 3657 lamlvestem.a
1078 3594 1256 3650 Conmendo.
1276 3593 1377 3653 {Minus

280 3670 354 3719 nicea
379 3670 420 3719 isti
441 3670 517 3719 arant
537 3668 620 3720 cellae
639 3671 805 3730 cameratae,
844 3670 963 3733 apposite
990 3681 1016 3717 v.
1035 3668 1086 3716 otti
1110 3668 1145 3717 de
1172 3666 1261 3717 colora
1287 3665 1378 3728 ipsius

280 3746 306 3792 in
326 3746 424 3792 terram
442 3743 598 3807 depressae.
621 3770 647 3781 υ
660 3743 806 3806 Ρινιιιοίινι]
843 3746 995 3803 matronae,
1013 3744 1043 3791 ut
1061 3745 1178 3793 estsane
1190 3755 1215 3789 v.
1230 3739 1298 3801 tal..
1316 3740 1377 3790 hoc

280 3816 394 3868 Lucilius
412 3819 442 3879 7,
462 3819 505 3867 4οε
525 3819 597 3867 Hono
613 3816 718 3876 molere,
737 3816 807 3865 ittmn
843 3831 951 3881 quoque
963 3815 1022 3867 loco
1034 3818 1157 3881 exposuit
1165 3815 1274 3866 Schmid
1282 3814 1376 3863 Sctulf

279 3896 306 3941 ot
316 3892 469 3954 [moncatum
478 3905 590 3942 cannara
601 3898 655 3941 tom
665 3891 711 3939 oia.
729 3892 807 3940 Pom·
842 3892 978 3956 1494834.
991 3904 1018 3954 p.
1029 3892 1097 3953 286.)
1111 3919 1137 3927 -
1148 3888 1307 3954 Cupiennius]
1321 3890 1375 3939 «C.

279 3968 374 4031 pontus
399 3968 484 4017 Bothii
501 3981 528 4031 p.
548 3968 609 4016 443;
638 3966 724 4015 Nescio
751 3968 806 4027 pois
842 3967 1006 4030 Cupiennius
1018 3965 1083 4015 Libo
1095 3967 1376 4027 eumonus‚augostt

278 4046 351 4103 tepet
362 4042 437 4090 odoro
449 4041 712 4102 quamintraverant
723 4044 804 4098 loom·
841 4040 1017 4091 lamiliaritate
1046 4040 1147 4101 clarus,
1177 4040 1298 4104 corporis
1327 4042 1377 4089 sui

279 4116 318 4165 lto
335 4116 412 4164 oculta
427 4116 519 4177 opertis
534 4116 619 4165 simitu
635 4116 807 4165 manducator
842 4114 1071 4179 diligentissimus,
1099 4118 1216 4167 sectator
1233 4115 1378 4164 matrona-

279 4202 310 4238 oo
326 4190 404 4239 molit.
439 4192 544 4241 Patron.
563 4190 603 4239 23.
620 4190 650 4239 V.
671 4190 804 4239 comicum
841 4202 901 4239 rum
929 4189 1112 4240 concubitus.»
1149 4192 1241 4239 Porro.
1277 4187 1315 4250 (L.
1343 4192 1377 4237 et
