<?xml version="1.0" encoding="UTF-8"?>
<!DOCTYPE html PUBLIC "-//W3C//DTD XHTML 1.0 Transitional//EN"
    "http://www.w3.org/TR/xhtml1/DTD/xhtml1-transitional.dtd">
<html xmlns="http://www.w3.org/1999/xhtml" xml:lang="en" lang="en">
 <head>
  <title>
</title>
<meta http-equiv="Content-Type" content="text/html;charset=utf-8" />
  <meta name='ocr-system' content='tesseract 3.04.00' />
  <meta name='ocr-capabilities' content='ocr_page ocr_carea ocr_par ocr_line ocrx_word'/>
</head>
<body>
  <div class='ocr_page' id='page_1' title='image "./qhoratiusflaccu03baitgoog/qhoratiusflaccu03baitgoog_0321.png"; bbox 0 0 2925 4892; ppageno 0'>
   <div class='ocr_carea' id='block_1_1' title="bbox 485 380 1272 447">
    <p class='ocr_par' dir='ltr' id='par_1_1' title="bbox 485 380 1272 447">
     <span class='ocr_line' id='line_1_1' title="bbox 485 380 1272 447; baseline -0.006 -16"><span class='ocrx_word' id='word_1_1' title='bbox 485 380 544 431; x_wconf 85' lang='lat' dir='ltr'>uua.</span> <span class='ocrx_word' id='word_1_2' title='bbox 563 380 594 431; x_wconf 85' lang='grc' dir='ltr'>η.</span> <span class='ocrx_word' id='word_1_3' title='bbox 629 380 697 431; x_wconf 80' lang='lat' dir='ltr'>sir.</span> <span class='ocrx_word' id='word_1_4' title='bbox 717 380 760 431; x_wconf 84' lang='lat' dir='ltr'>vu.</span> <span class='ocrx_word' id='word_1_5' title='bbox 1106 382 1170 447; x_wconf 74' lang='lat'>3⁴9</span> <span class='ocrx_word' id='word_1_6' title='bbox 1269 420 1272 426; x_wconf 83' lang='lat'>.</span> 
     </span>
    </p>
   </div>
   <div class='ocr_carea' id='block_1_2' title="bbox 135 532 1167 1222">
    <p class='ocr_par' dir='ltr' id='par_1_2' title="bbox 137 532 1126 989">
     <span class='ocr_line' id='line_1_2' title="bbox 139 532 1126 622; baseline 0.009 -22"><span class='ocrx_word' id='word_1_7' title='bbox 139 534 319 622; x_wconf 82' lang='lat' dir='ltr'>Quicunque</span> <span class='ocrx_word' id='word_1_8' title='bbox 341 532 457 601; x_wconf 82' lang='lat' dir='ltr'>obvius</span> <span class='ocrx_word' id='word_1_9' title='bbox 479 544 544 609; x_wconf 80' lang='lat' dir='ltr'>eat,</span> <span class='ocrx_word' id='word_1_10' title='bbox 567 554 620 601; x_wconf 88' lang='lat' dir='ltr'>me</span> <span class='ocrx_word' id='word_1_11' title='bbox 644 535 796 603; x_wconf 83' lang='lat' dir='ltr'>consulit:</span> <span class='ocrx_word' id='word_1_12' title='bbox 820 538 851 605; x_wconf 90' lang='lat'>0</span> <span class='ocrx_word' id='word_1_13' title='bbox 872 536 974 616; x_wconf 87' lang='lat' dir='ltr'>bone,</span> <span class='ocrx_word' id='word_1_14' title='bbox 997 559 1072 607; x_wconf 87' lang='lat' dir='ltr'>nam</span> <span class='ocrx_word' id='word_1_15' title='bbox 1093 550 1126 609; x_wconf 91' lang='lat' dir='ltr'>te</span> 
     </span>
     <span class='ocr_line' id='line_1_3' title="bbox 139 654 1034 747; baseline 0.009 -26"><span class='ocrx_word' id='word_1_16' title='bbox 139 656 234 733; x_wconf 88' lang='lat' dir='ltr'>Scire,</span> <span class='ocrx_word' id='word_1_17' title='bbox 258 654 337 723; x_wconf 83' lang='lat' dir='ltr'>deus</span> <span class='ocrx_word' id='word_1_18' title='bbox 359 654 512 743; x_wconf 89' lang='lat' dir='ltr'>quoniam</span> <span class='ocrx_word' id='word_1_19' title='bbox 534 657 669 745; x_wconf 87' lang='lat' dir='ltr'>propius</span> <span class='ocrx_word' id='word_1_20' title='bbox 692 658 867 747; x_wconf 74' lang='lat' dir='ltr'>contingis,</span> <span class='ocrx_word' id='word_1_21' title='bbox 890 670 1034 746; x_wconf 80' lang='lat' dir='ltr'>oportet3</span> 
     </span>
     <span class='ocr_line' id='line_1_4' title="bbox 137 775 1023 869; baseline 0.008 -26"><span class='ocrx_word' id='word_1_22' title='bbox 137 775 287 864; x_wconf 84' lang='lat' dir='ltr'>Numquid</span> <span class='ocrx_word' id='word_1_23' title='bbox 307 776 350 844; x_wconf 88' lang='lat' dir='ltr'>de</span> <span class='ocrx_word' id='word_1_24' title='bbox 371 778 468 845; x_wconf 83' lang='lat' dir='ltr'>Dacis</span> <span class='ocrx_word' id='word_1_25' title='bbox 490 777 630 845; x_wconf 78' lang='lat' dir='ltr'>audisti?</span> <span class='ocrx_word' id='word_1_26' title='bbox 651 777 700 845; x_wconf 91' lang='lat' dir='ltr'>Nil</span> <span class='ocrx_word' id='word_1_27' title='bbox 720 780 884 869; x_wconf 79' lang='lat' dir='ltr'>equidem.</span> <span class='ocrx_word' id='word_1_28' title='bbox 927 782 967 851; x_wconf 90' lang='lat' dir='ltr'>Ut</span> <span class='ocrx_word' id='word_1_29' title='bbox 988 793 1023 850; x_wconf 92' lang='lat' dir='ltr'>tu</span> 
     </span>
     <span class='ocr_line' id='line_1_5' title="bbox 138 898 1038 989; baseline 0.008 -26"><span class='ocrx_word' id='word_1_30' title='bbox 138 898 264 986; x_wconf 80' lang='lat' dir='ltr'>Semper</span> <span class='ocrx_word' id='word_1_31' title='bbox 284 901 349 965; x_wconf 84' lang='lat' dir='ltr'>aris</span> <span class='ocrx_word' id='word_1_32' title='bbox 371 898 511 967; x_wconf 86' lang='lat' dir='ltr'>derisor!</span> <span class='ocrx_word' id='word_1_33' title='bbox 538 902 578 965; x_wconf 76' lang='lat' dir='ltr'>it</span> <span class='ocrx_word' id='word_1_34' title='bbox 599 920 712 967; x_wconf 83' lang='lat' dir='ltr'>omnes</span> <span class='ocrx_word' id='word_1_35' title='bbox 734 899 768 967; x_wconf 94' lang='lat' dir='ltr'>di</span> <span class='ocrx_word' id='word_1_36' title='bbox 789 902 952 989; x_wconf 77' lang='lat' dir='ltr'>exagitent</span> <span class='ocrx_word' id='word_1_37' title='bbox 970 923 1038 981; x_wconf 85' lang='lat' dir='ltr'>me,</span> 
     </span>
    </p>

    <p class='ocr_par' dir='ltr' id='par_1_3' title="bbox 135 1018 1167 1222">
     <span class='ocr_line' id='line_1_6' title="bbox 135 1018 1167 1112; baseline 0.01 -29"><span class='ocrx_word' id='word_1_38' title='bbox 135 1019 163 1084; x_wconf 87' lang='lat' dir='ltr'>Si</span> <span class='ocrx_word' id='word_1_39' title='bbox 184 1019 385 1108; x_wconf 81' lang='lat' dir='ltr'>quidquam..</span> <span class='ocrx_word' id='word_1_40' title='bbox 414 1018 523 1100; x_wconf 80' lang='lat' dir='ltr'>Quid?</span> <span class='ocrx_word' id='word_1_41' title='bbox 544 1019 697 1087; x_wconf 81' lang='lat' dir='ltr'>militibus</span> <span class='ocrx_word' id='word_1_42' title='bbox 719 1022 881 1109; x_wconf 83' lang='lat' dir='ltr'>promissa</span> <span class='ocrx_word' id='word_1_43' title='bbox 901 1024 1069 1112; x_wconf 82' lang='lat' dir='ltr'>Triquetra</span> <span class='ocrx_word' id='word_1_44' title='bbox 1126 1029 1167 1093; x_wconf 80' lang='lat'>55</span> 
     </span>
     <span class='ocr_line' id='line_1_7' title="bbox 135 1140 971 1222; baseline 0.005 -16"><span class='ocrx_word' id='word_1_45' title='bbox 135 1140 261 1207; x_wconf 84' lang='lat' dir='ltr'>Praedia</span> <span class='ocrx_word' id='word_1_46' title='bbox 283 1142 418 1222; x_wconf 86' lang='lat' dir='ltr'>Caesar,</span> <span class='ocrx_word' id='word_1_47' title='bbox 443 1164 483 1209; x_wconf 90' lang='lat' dir='ltr'>an</span> <span class='ocrx_word' id='word_1_48' title='bbox 506 1152 555 1210; x_wconf 87' lang='lat' dir='ltr'>est</span> <span class='ocrx_word' id='word_1_49' title='bbox 576 1140 655 1209; x_wconf 87' lang='lat' dir='ltr'>itala</span> <span class='ocrx_word' id='word_1_50' title='bbox 677 1140 791 1209; x_wconf 83' lang='lat' dir='ltr'>tellure</span> <span class='ocrx_word' id='word_1_51' title='bbox 813 1142 971 1211; x_wconf 77' lang='lat' dir='ltr'>daturus?</span> 
     </span>
    </p>
   </div>
   <div class='ocr_carea' id='block_1_3' title="bbox 126 1320 1132 1462">
    <p class='ocr_par' dir='ltr' id='par_1_4' title="bbox 126 1320 1132 1462">
     <span class='ocr_line' id='line_1_8' title="bbox 126 1320 1132 1383; baseline 0.009 -15"><span class='ocrx_word' id='word_1_52' title='bbox 126 1324 162 1368; x_wconf 83' lang='lat' dir='ltr'>rot</span> <span class='ocrx_word' id='word_1_53' title='bbox 177 1333 267 1373; x_wconf 85' lang='lat' dir='ltr'>omues</span> <span class='ocrx_word' id='word_1_54' title='bbox 284 1322 338 1373; x_wconf 87' lang='lat' dir='ltr'>mei</span> <span class='ocrx_word' id='word_1_55' title='bbox 356 1324 383 1373; x_wconf 85' lang='lat' dir='ltr'>et</span> <span class='ocrx_word' id='word_1_56' title='bbox 399 1321 528 1383; x_wconf 85' lang='lat' dir='ltr'>Potiierii,</span> <span class='ocrx_word' id='word_1_57' title='bbox 547 1320 632 1371; x_wconf 83' lang='lat' dir='ltr'>LCtP:</span> <span class='ocrx_word' id='word_1_58' title='bbox 657 1320 756 1371; x_wconf 76' lang='lat' dir='ltr'>Luserit</span> <span class='ocrx_word' id='word_1_59' title='bbox 773 1335 806 1373; x_wconf 81' lang='lat' dir='ltr'>ex</span> <span class='ocrx_word' id='word_1_60' title='bbox 822 1336 876 1373; x_wconf 90' lang='lat' dir='ltr'>uno</span> <span class='ocrx_word' id='word_1_61' title='bbox 893 1323 959 1375; x_wconf 88' lang='lat' dir='ltr'>cod.</span> <span class='ocrx_word' id='word_1_62' title='bbox 979 1324 1044 1377; x_wconf 87' lang='lat' dir='ltr'>coil.</span> <span class='ocrx_word' id='word_1_63' title='bbox 1062 1326 1132 1380; x_wconf 80' lang='lat' dir='ltr'>Prin.</span> 
     </span>
     <span class='ocr_line' id='line_1_9' title="bbox 128 1394 767 1462; baseline 0.002 -16"><span class='ocrx_word' id='word_1_64' title='bbox 128 1394 161 1457; x_wconf 78' lang='lat' dir='ltr'>(oi</span> <span class='ocrx_word' id='word_1_65' title='bbox 176 1394 307 1447; x_wconf 82' lang='lat' dir='ltr'>Bentleiue</span> <span class='ocrx_word' id='word_1_66' title='bbox 325 1398 352 1447; x_wconf 86' lang='lat' dir='ltr'>et</span> <span class='ocrx_word' id='word_1_67' title='bbox 368 1398 402 1447; x_wconf 75' lang='lat' dir='ltr'>ti.</span> <span class='ocrx_word' id='word_1_68' title='bbox 424 1422 451 1433; x_wconf 90' lang='grc'>-</span> <span class='ocrx_word' id='word_1_69' title='bbox 470 1396 511 1446; x_wconf 81' lang='lat' dir='ltr'>to.</span> <span class='ocrx_word' id='word_1_70' title='bbox 531 1396 626 1446; x_wconf 70' lang='lat' dir='ltr'>Comor</span> <span class='ocrx_word' id='word_1_71' title='bbox 642 1408 672 1445; x_wconf 82' lang='lat' dir='ltr'>ue</span> <span class='ocrx_word' id='word_1_72' title='bbox 688 1400 723 1447; x_wconf 79' lang='lat' dir='ltr'>ert</span> <span class='ocrx_word' id='word_1_73' title='bbox 739 1410 767 1462; x_wconf 84' lang='lat' dir='ltr'>p.</span> 
     </span>
    </p>
   </div>
   <div class='ocr_carea' id='block_1_4' title="bbox 27 1552 1208 4305">
    <p class='ocr_par' dir='ltr' id='par_1_5' title="bbox 27 1552 1208 4305">
     <span class='ocr_line' id='line_1_10' title="bbox 101 1552 1166 1622; baseline 0.007 -17"><span class='ocrx_word' id='word_1_74' title='bbox 101 1552 180 1618; x_wconf 79' lang='lat' dir='ltr'>iioq.</span> <span class='ocrx_word' id='word_1_75' title='bbox 216 1554 310 1615; x_wconf 86' lang='lat' dir='ltr'>(Paulo</span> <span class='ocrx_word' id='word_1_76' title='bbox 335 1554 412 1605; x_wconf 85' lang='lat' dir='ltr'>oiiter</span> <span class='ocrx_word' id='word_1_77' title='bbox 435 1556 522 1618; x_wconf 75' lang='lat' dir='ltr'>Reisig</span> <span class='ocrx_word' id='word_1_78' title='bbox 546 1555 602 1604; x_wconf 81' lang='lat' dir='ltr'>Lot.</span> <span class='ocrx_word' id='word_1_79' title='bbox 642 1554 777 1618; x_wconf 83' lang='lat' dir='ltr'>reperitur</span> <span class='ocrx_word' id='word_1_80' title='bbox 805 1554 919 1615; x_wconf 82' lang='lat' dir='ltr'>codice,</span> <span class='ocrx_word' id='word_1_81' title='bbox 948 1559 1029 1622; x_wconf 83' lang='lat' dir='ltr'>atque</span> <span class='ocrx_word' id='word_1_82' title='bbox 1057 1562 1166 1611; x_wconf 88' lang='lat' dir='ltr'>omuino</span> 
     </span>
     <span class='ocr_line' id='line_1_11' title="bbox 100 1626 1166 1695; baseline 0.005 -15"><span class='ocrx_word' id='word_1_83' title='bbox 100 1628 210 1688; x_wconf 54' lang='lat' dir='ltr'>&amp;rocio</span> <span class='ocrx_word' id='word_1_84' title='bbox 223 1644 249 1695; x_wconf 87' lang='lat' dir='ltr'>p.</span> <span class='ocrx_word' id='word_1_85' title='bbox 262 1629 332 1691; x_wconf 74' lang='grc'><strong>5044</strong></span> <span class='ocrx_word' id='word_1_86' title='bbox 349 1632 490 1680; x_wconf 84' lang='lat' dir='ltr'>Praeterea</span> <span class='ocrx_word' id='word_1_87' title='bbox 508 1630 562 1679; x_wconf 90' lang='lat' dir='ltr'>mei</span> <span class='ocrx_word' id='word_1_88' title='bbox 578 1632 605 1678; x_wconf 89' lang='lat' dir='ltr'>et</span> <span class='ocrx_word' id='word_1_89' title='bbox 643 1626 686 1677; x_wconf 88' lang='lat' dir='ltr'>hic</span> <span class='ocrx_word' id='word_1_90' title='bbox 704 1629 793 1679; x_wconf 79' lang='lat' dir='ltr'>minuo</span> <span class='ocrx_word' id='word_1_91' title='bbox 809 1633 902 1694; x_wconf 88' lang='lat' dir='ltr'>aptum</span> <span class='ocrx_word' id='word_1_92' title='bbox 919 1632 979 1693; x_wconf 83' lang='lat' dir='ltr'>eet.)</span> <span class='ocrx_word' id='word_1_93' title='bbox 999 1659 1025 1671; x_wconf 90' lang='lat'><em>-</em></span> <span class='ocrx_word' id='word_1_94' title='bbox 1045 1637 1166 1685; x_wconf 67' lang='lat' dir='ltr'>macarii</span> 
     </span>
     <span class='ocr_line' id='line_1_12' title="bbox 101 1700 1166 1769; baseline 0.006 -20"><span class='ocrx_word' id='word_1_95' title='bbox 101 1702 154 1751; x_wconf 79' lang='lat' dir='ltr'>leae</span> <span class='ocrx_word' id='word_1_96' title='bbox 165 1704 243 1754; x_wconf 82' lang='lat' dir='ltr'>codd.</span> <span class='ocrx_word' id='word_1_97' title='bbox 257 1704 367 1753; x_wconf 84' lang='lat' dir='ltr'>firmant</span> <span class='ocrx_word' id='word_1_98' title='bbox 383 1706 502 1754; x_wconf 83' lang='lat' dir='ltr'>nostram</span> <span class='ocrx_word' id='word_1_99' title='bbox 515 1700 605 1753; x_wconf 90' lang='lat' dir='ltr'>lectio·</span> <span class='ocrx_word' id='word_1_100' title='bbox 641 1703 770 1765; x_wconf 67' lang='lat' dir='ltr'>academ</span> <span class='ocrx_word' id='word_1_101' title='bbox 779 1716 831 1765; x_wconf 85' lang='lat' dir='ltr'>me,</span> <span class='ocrx_word' id='word_1_102' title='bbox 849 1705 878 1755; x_wconf 85' lang='lat' dir='ltr'>si</span> <span class='ocrx_word' id='word_1_103' title='bbox 888 1706 1034 1769; x_wconf 63' lang='lat' dir='ltr'>cotronae]</span> <span class='ocrx_word' id='word_1_104' title='bbox 1047 1708 1166 1759; x_wconf 76' lang='lat' dir='ltr'>«audivi.</span> 
     </span>
     <span class='ocr_line' id='line_1_13' title="bbox 100 1775 1165 1841; baseline 0.008 -16"><span class='ocrx_word' id='word_1_105' title='bbox 100 1790 162 1835; x_wconf 87' lang='lat' dir='ltr'>nem;</span> <span class='ocrx_word' id='word_1_106' title='bbox 180 1778 230 1827; x_wconf 92' lang='lat' dir='ltr'>duo</span> <span class='ocrx_word' id='word_1_107' title='bbox 243 1778 383 1828; x_wconf 84' lang='lat' dir='ltr'>dumtaxat</span> <span class='ocrx_word' id='word_1_108' title='bbox 398 1778 514 1828; x_wconf 88' lang='lat' dir='ltr'>Pottierii</span> <span class='ocrx_word' id='word_1_109' title='bbox 532 1777 604 1827; x_wconf 86' lang='lat' dir='ltr'>exhi-</span> <span class='ocrx_word' id='word_1_110' title='bbox 642 1775 683 1825; x_wconf 82' lang='lat' dir='ltr'>uel</span> <span class='ocrx_word' id='word_1_111' title='bbox 703 1777 799 1827; x_wconf 69' lang='lat' dir='ltr'>ascio».</span> <span class='ocrx_word' id='word_1_112' title='bbox 830 1778 869 1829; x_wconf 77' lang='lat' dir='ltr'>Cf.</span> <span class='ocrx_word' id='word_1_113' title='bbox 887 1780 948 1829; x_wconf 82' lang='lat' dir='ltr'>Tac.</span> <span class='ocrx_word' id='word_1_114' title='bbox 966 1782 1032 1831; x_wconf 75' lang='lat' dir='ltr'>iun.</span> <span class='ocrx_word' id='word_1_115' title='bbox 1046 1782 1077 1841; x_wconf 87' lang='grc'>6,</span> <span class='ocrx_word' id='word_1_116' title='bbox 1096 1783 1120 1832; x_wconf 84' lang='grc'>6.</span> <span class='ocrx_word' id='word_1_117' title='bbox 1139 1784 1165 1834; x_wconf 84' lang='grc' dir='ltr'>4η</span> 
     </span>
     <span class='ocr_line' id='line_1_14' title="bbox 100 1848 1166 1925; baseline 0.008 -26"><span class='ocrx_word' id='word_1_118' title='bbox 100 1849 322 1913; x_wconf 62' lang='lat' dir='ltr'>murmuraverit,</span> <span class='ocrx_word' id='word_1_119' title='bbox 348 1850 435 1902; x_wconf 85' lang='lat' dir='ltr'>nullus</span> <span class='ocrx_word' id='word_1_120' title='bbox 458 1852 552 1901; x_wconf 73' lang='lat' dir='ltr'>latuerit.</span> <span class='ocrx_word' id='word_1_121' title='bbox 574 1877 602 1887; x_wconf 95' lang='lat'>-</span> <span class='ocrx_word' id='word_1_122' title='bbox 642 1848 878 1915; x_wconf 78' lang='lat' dir='ltr'>Tiberlillpiatola:</span> <span class='ocrx_word' id='word_1_123' title='bbox 892 1854 1166 1925; x_wconf 68' lang='lat' dir='ltr'>dimedeoequepelue</span> 
     </span>
     <span class='ocr_line' id='line_1_15' title="bbox 99 1922 1166 1991; baseline 0.007 -18"><span class='ocrx_word' id='word_1_124' title='bbox 99 1924 205 1975; x_wconf 78' lang='lat' dir='ltr'>Fortunae</span> <span class='ocrx_word' id='word_1_125' title='bbox 219 1926 295 1990; x_wconf 68' lang='lat' dir='ltr'>fliius]</span> <span class='ocrx_word' id='word_1_126' title='bbox 308 1927 400 1976; x_wconf 89' lang='lat' dir='ltr'>Graeci</span> <span class='ocrx_word' id='word_1_127' title='bbox 412 1932 480 1989; x_wconf 74' lang='grc' dir='ltr'>παῖς</span> <span class='ocrx_word' id='word_1_128' title='bbox 491 1923 543 1991; x_wconf 75' lang='grc' dir='ltr'>τῆς</span> <span class='ocrx_word' id='word_1_129' title='bbox 554 1922 604 1977; x_wconf 78' lang='lat' dir='ltr'>nl-</span> <span class='ocrx_word' id='word_1_130' title='bbox 638 1926 762 1987; x_wconf 66' lang='lat' dir='ltr'>oecon,</span> <span class='ocrx_word' id='word_1_131' title='bbox 780 1940 858 1988; x_wconf 80' lang='lat' dir='ltr'>quoto</span> <span class='ocrx_word' id='word_1_132' title='bbox 865 1929 950 1989; x_wconf 71' lang='lat' dir='ltr'>noire</span> <span class='ocrx_word' id='word_1_133' title='bbox 960 1942 999 1979; x_wconf 88' lang='lat' dir='ltr'>me</span> <span class='ocrx_word' id='word_1_134' title='bbox 1009 1932 1098 1979; x_wconf 77' lang='lat' dir='ltr'>cotidie</span> <span class='ocrx_word' id='word_1_135' title='bbox 1108 1944 1166 1982; x_wconf 80' lang='lat' dir='ltr'>reo·</span> 
     </span>
     <span class='ocr_line' id='line_1_16' title="bbox 99 2000 1167 2070; baseline 0.007 -21"><span class='ocrx_word' id='word_1_136' title='bbox 99 2011 142 2060; x_wconf 63' lang='grc' dir='ltr'>της</span> <span class='ocrx_word' id='word_1_137' title='bbox 157 2000 239 2063; x_wconf 81' lang='lat' dir='ltr'>(Soph.</span> <span class='ocrx_word' id='word_1_138' title='bbox 256 2000 324 2051; x_wconf 86' lang='lat' dir='ltr'>Oed.</span> <span class='ocrx_word' id='word_1_139' title='bbox 341 2001 403 2062; x_wconf 80' lang='lat' dir='ltr'>Tyr.</span> <span class='ocrx_word' id='word_1_140' title='bbox 423 2001 517 2064; x_wconf 82' lang='grc'><strong>444844.);</strong></span> <span class='ocrx_word' id='word_1_141' title='bbox 536 2012 601 2050; x_wconf 84' lang='lat' dir='ltr'>nos:</span> <span class='ocrx_word' id='word_1_142' title='bbox 641 2001 688 2061; x_wconf 83' lang='lat' dir='ltr'>tio,</span> <span class='ocrx_word' id='word_1_143' title='bbox 707 2001 732 2049; x_wconf 75' lang='lat' dir='ltr'>ot</span> <span class='ocrx_word' id='word_1_144' title='bbox 748 2002 854 2052; x_wconf 78' lang='lat' dir='ltr'>ecto·</span> <span class='ocrx_word' id='word_1_145' title='bbox 875 2002 973 2068; x_wconf 72' lang='lat' dir='ltr'>ouidi]</span> <span class='ocrx_word' id='word_1_146' title='bbox 996 2006 1085 2055; x_wconf 80' lang='lat' dir='ltr'>Norae</span> <span class='ocrx_word' id='word_1_147' title='bbox 1101 2019 1167 2070; x_wconf 81' lang='lat' dir='ltr'>per—</span> 
     </span>
     <span class='ocr_line' id='line_1_17' title="bbox 99 2073 1167 2143; baseline 0.01 -22"><span class='ocrx_word' id='word_1_148' title='bbox 99 2073 148 2121; x_wconf 78' lang='lat' dir='ltr'>·rior</span> <span class='ocrx_word' id='word_1_149' title='bbox 161 2074 343 2125; x_wconf 68' lang='lat' dir='ltr'>Gliiulolotodio</span> <span class='ocrx_word' id='word_1_150' title='bbox 367 2074 449 2137; x_wconf 88' lang='lat' dir='ltr'>(mhd.</span> <span class='ocrx_word' id='word_1_151' title='bbox 469 2076 514 2125; x_wconf 86' lang='lat' dir='ltr'>der</span> <span class='ocrx_word' id='word_1_152' title='bbox 530 2074 604 2125; x_wconf 82' lang='lat' dir='ltr'>Suel-</span> <span class='ocrx_word' id='word_1_153' title='bbox 641 2088 724 2125; x_wconf 82' lang='lat' dir='ltr'>sonae</span> <span class='ocrx_word' id='word_1_154' title='bbox 741 2074 824 2126; x_wconf 81' lang='lat' dir='ltr'>altera</span> <span class='ocrx_word' id='word_1_155' title='bbox 840 2077 909 2127; x_wconf 84' lang='lat' dir='ltr'>haec</span> <span class='ocrx_word' id='word_1_156' title='bbox 926 2079 1096 2143; x_wconf 75' lang='lat' dir='ltr'>iuterrogatio</span> <span class='ocrx_word' id='word_1_157' title='bbox 1118 2083 1167 2132; x_wconf 85' lang='lat' dir='ltr'>tri·</span> 
     </span>
     <span class='ocr_line' id='line_1_18' title="bbox 98 2146 1165 2221; baseline 0.009 -25"><span class='ocrx_word' id='word_1_158' title='bbox 98 2148 134 2195; x_wconf 79' lang='lat' dir='ltr'>iro</span> <span class='ocrx_word' id='word_1_159' title='bbox 149 2146 227 2213; x_wconf 68' lang='lat' dir='ltr'>ime.)</span> <span class='ocrx_word' id='word_1_160' title='bbox 640 2148 749 2200; x_wconf 86' lang='lat' dir='ltr'>bueuda</span> <span class='ocrx_word' id='word_1_161' title='bbox 766 2154 815 2200; x_wconf 85' lang='lat' dir='ltr'>est.</span> <span class='ocrx_word' id='word_1_162' title='bbox 843 2175 870 2187; x_wconf 92' lang='lat'><em>-</em></span> <span class='ocrx_word' id='word_1_163' title='bbox 889 2153 1009 2203; x_wconf 69' lang='lat' dir='ltr'>intucta</span> <span class='ocrx_word' id='word_1_164' title='bbox 1027 2157 1165 2221; x_wconf 70' lang='lat' dir='ltr'>promeae]</span> 
     </span>
     <span class='ocr_line' id='line_1_19' title="bbox 122 2223 1164 2293; baseline 0.009 -21"><span class='ocrx_word' id='word_1_165' title='bbox 122 2223 199 2273; x_wconf 75' lang='lat'>50-56.</span> <span class='ocrx_word' id='word_1_166' title='bbox 227 2224 347 2287; x_wconf 62' lang='grc' dir='ltr'>Γήρίάω</span> <span class='ocrx_word' id='word_1_167' title='bbox 363 2224 425 2289; x_wconf 79' lang='lat' dir='ltr'>cet]</span> <span class='ocrx_word' id='word_1_168' title='bbox 443 2226 504 2288; x_wconf 82' lang='lat' dir='ltr'>«qui</span> <span class='ocrx_word' id='word_1_169' title='bbox 521 2224 603 2288; x_wconf 76' lang='lat' dir='ltr'>trigue</span> <span class='ocrx_word' id='word_1_170' title='bbox 641 2225 689 2275; x_wconf 90' lang='lat' dir='ltr'>iiic</span> <span class='ocrx_word' id='word_1_171' title='bbox 706 2237 814 2288; x_wconf 90' lang='lat' dir='ltr'>quoque</span> <span class='ocrx_word' id='word_1_172' title='bbox 831 2226 928 2277; x_wconf 75' lang='grc' dir='ltr'>ηοᾱοιη</span> <span class='ocrx_word' id='word_1_173' title='bbox 943 2231 1066 2293; x_wconf 83' lang='lat' dir='ltr'>temporo</span> <span class='ocrx_word' id='word_1_174' title='bbox 1084 2232 1117 2293; x_wconf 86' lang='lat' dir='ltr'>(a.</span> <span class='ocrx_word' id='word_1_175' title='bbox 1136 2244 1164 2281; x_wconf 91' lang='lat' dir='ltr'>u.</span> 
     </span>
     <span class='ocr_line' id='line_1_20' title="bbox 98 2296 1165 2365; baseline 0.01 -22"><span class='ocrx_word' id='word_1_176' title='bbox 98 2298 119 2344; x_wconf 88' lang='lat' dir='ltr'>ei</span> <span class='ocrx_word' id='word_1_177' title='bbox 132 2296 246 2349; x_wconf 86' lang='lat' dir='ltr'>timorem</span> <span class='ocrx_word' id='word_1_178' title='bbox 262 2299 383 2349; x_wconf 79' lang='lat' dir='ltr'>incutit.»</span> <span class='ocrx_word' id='word_1_179' title='bbox 424 2298 463 2349; x_wconf 87' lang='lat' dir='ltr'>Cl.</span> <span class='ocrx_word' id='word_1_180' title='bbox 485 2300 551 2364; x_wconf 76' lang='lat' dir='ltr'>Epo.</span> <span class='ocrx_word' id='word_1_181' title='bbox 573 2300 602 2359; x_wconf 91' lang='grc'>4,</span> <span class='ocrx_word' id='word_1_182' title='bbox 642 2312 666 2349; x_wconf 93' lang='lat' dir='ltr'>c.</span> <span class='ocrx_word' id='word_1_183' title='bbox 685 2298 742 2349; x_wconf 74' lang='lat'>723.</span> <span class='ocrx_word' id='word_1_184' title='bbox 765 2302 888 2363; x_wconf 73' lang='lat' dir='ltr'>exeunte)</span> <span class='ocrx_word' id='word_1_185' title='bbox 911 2304 1080 2365; x_wconf 85' lang='lat' dir='ltr'>quotidianus</span> <span class='ocrx_word' id='word_1_186' title='bbox 1097 2306 1165 2355; x_wconf 82' lang='lat' dir='ltr'>civi-</span> 
     </span>
     <span class='ocr_line' id='line_1_21' title="bbox 98 2370 1164 2438; baseline 0.01 -18"><span class='ocrx_word' id='word_1_187' title='bbox 98 2370 121 2429; x_wconf 75' lang='lat' dir='ltr'>t,</span> <span class='ocrx_word' id='word_1_188' title='bbox 135 2372 178 2421; x_wconf 76' lang='lat' dir='ltr'>tt:</span> <span class='ocrx_word' id='word_1_189' title='bbox 204 2374 314 2438; x_wconf 72' lang='lat' dir='ltr'>Friaido</span> <span class='ocrx_word' id='word_1_190' title='bbox 337 2386 459 2425; x_wconf 74' lang='lat' dir='ltr'>coronare</span> <span class='ocrx_word' id='word_1_191' title='bbox 482 2374 601 2438; x_wconf 70' lang='lat' dir='ltr'>[meum.</span> <span class='ocrx_word' id='word_1_192' title='bbox 642 2375 703 2424; x_wconf 88' lang='lat' dir='ltr'>tatis</span> <span class='ocrx_word' id='word_1_193' title='bbox 720 2386 811 2424; x_wconf 81' lang='lat' dir='ltr'>sermo</span> <span class='ocrx_word' id='word_1_194' title='bbox 828 2378 893 2426; x_wconf 89' lang='lat' dir='ltr'>erat.</span> <span class='ocrx_word' id='word_1_195' title='bbox 929 2377 1034 2428; x_wconf 82' lang='lat' dir='ltr'>Etenim</span> <span class='ocrx_word' id='word_1_196' title='bbox 1054 2392 1108 2430; x_wconf 88' lang='lat' dir='ltr'>uon</span> <span class='ocrx_word' id='word_1_197' title='bbox 1129 2381 1164 2431; x_wconf 90' lang='lat' dir='ltr'>de</span> 
     </span>
     <span class='ocr_line' id='line_1_22' title="bbox 98 2444 1166 2518; baseline 0.008 -26"><span class='ocrx_word' id='word_1_198' title='bbox 98 2444 130 2492; x_wconf 75' lang='lat' dir='ltr'>«si</span> <span class='ocrx_word' id='word_1_199' title='bbox 143 2447 244 2497; x_wconf 83' lang='lat' dir='ltr'>sinister</span> <span class='ocrx_word' id='word_1_200' title='bbox 259 2446 357 2511; x_wconf 81' lang='lat' dir='ltr'>aliquis</span> <span class='ocrx_word' id='word_1_201' title='bbox 369 2460 401 2497; x_wconf 90' lang='lat' dir='ltr'>ac</span> <span class='ocrx_word' id='word_1_202' title='bbox 416 2447 603 2499; x_wconf 74' lang='lat' dir='ltr'>formidolosus</span> <span class='ocrx_word' id='word_1_203' title='bbox 642 2446 692 2497; x_wconf 86' lang='lat' dir='ltr'>alia</span> <span class='ocrx_word' id='word_1_204' title='bbox 709 2460 834 2511; x_wconf 79' lang='lat' dir='ltr'>agrorum</span> <span class='ocrx_word' id='word_1_205' title='bbox 847 2448 975 2501; x_wconf 82' lang='lat' dir='ltr'>divisione</span> <span class='ocrx_word' id='word_1_206' title='bbox 992 2453 1019 2502; x_wconf 82' lang='lat' dir='ltr'>lu.</span> <span class='ocrx_word' id='word_1_207' title='bbox 1033 2450 1050 2502; x_wconf 94' lang='lat' dir='ltr'>l.</span> <span class='ocrx_word' id='word_1_208' title='bbox 1060 2454 1102 2517; x_wconf 77' lang='lat' dir='ltr'>agi</span> <span class='ocrx_word' id='word_1_209' title='bbox 1118 2467 1166 2518; x_wconf 85' lang='lat' dir='ltr'>po-</span> 
     </span>
     <span class='ocr_line' id='line_1_23' title="bbox 97 2521 1167 2588; baseline 0.009 -19"><span class='ocrx_word' id='word_1_210' title='bbox 97 2530 173 2570; x_wconf 84' lang='lat' dir='ltr'>mmor</span> <span class='ocrx_word' id='word_1_211' title='bbox 190 2534 239 2585; x_wconf 84' lang='lat' dir='ltr'>per</span> <span class='ocrx_word' id='word_1_212' title='bbox 258 2521 362 2585; x_wconf 78' lang='lat' dir='ltr'>singula</span> <span class='ocrx_word' id='word_1_213' title='bbox 382 2521 453 2573; x_wconf 83' lang='lat' dir='ltr'>bivia</span> <span class='ocrx_word' id='word_1_214' title='bbox 470 2524 604 2587; x_wconf 78' lang='lat' dir='ltr'>spargitur</span> <span class='ocrx_word' id='word_1_215' title='bbox 642 2524 706 2582; x_wconf 85' lang='lat' dir='ltr'>test,</span> <span class='ocrx_word' id='word_1_216' title='bbox 731 2534 813 2585; x_wconf 89' lang='lat' dir='ltr'>quam</span> <span class='ocrx_word' id='word_1_217' title='bbox 831 2521 865 2572; x_wconf 87' lang='lat' dir='ltr'>de</span> <span class='ocrx_word' id='word_1_218' title='bbox 883 2535 929 2583; x_wconf 81' lang='lat' dir='ltr'>aa,</span> <span class='ocrx_word' id='word_1_219' title='bbox 948 2538 1018 2588; x_wconf 88' lang='lat' dir='ltr'>quae</span> <span class='ocrx_word' id='word_1_220' title='bbox 1037 2526 1106 2577; x_wconf 84' lang='lat' dir='ltr'>iacta</span> <span class='ocrx_word' id='word_1_221' title='bbox 1123 2532 1167 2579; x_wconf 82' lang='lat' dir='ltr'>est</span> 
     </span>
     <span class='ocr_line' id='line_1_24' title="bbox 96 2595 1164 2660; baseline 0.009 -17"><span class='ocrx_word' id='word_1_222' title='bbox 96 2595 210 2647; x_wconf 67' lang='lat' dir='ltr'>nimmia</span> <span class='ocrx_word' id='word_1_223' title='bbox 226 2596 260 2647; x_wconf 90' lang='lat' dir='ltr'>ab</span> <span class='ocrx_word' id='word_1_224' title='bbox 280 2596 346 2647; x_wconf 87' lang='lat' dir='ltr'>lulio</span> <span class='ocrx_word' id='word_1_225' title='bbox 363 2599 479 2649; x_wconf 81' lang='lat' dir='ltr'>Caesare</span> <span class='ocrx_word' id='word_1_226' title='bbox 497 2599 524 2649; x_wconf 93' lang='lat' dir='ltr'>iu</span> <span class='ocrx_word' id='word_1_227' title='bbox 544 2610 603 2647; x_wconf 89' lang='lat' dir='ltr'>me·</span> <span class='ocrx_word' id='word_1_228' title='bbox 641 2598 968 2660; x_wconf 74' lang='lat' dir='ltr'>postpugnamactiacam</span> <span class='ocrx_word' id='word_1_229' title='bbox 976 2600 1164 2653; x_wconf 85' lang='lat' dir='ltr'>mediahiema</span> 
     </span>
     <span class='ocr_line' id='line_1_25' title="bbox 96 2666 1163 2736; baseline 0.008 -19"><span class='ocrx_word' id='word_1_230' title='bbox 96 2666 131 2717; x_wconf 90' lang='lat' dir='ltr'>dio</span> <span class='ocrx_word' id='word_1_231' title='bbox 146 2671 205 2721; x_wconf 86' lang='lat' dir='ltr'>Poro</span> <span class='ocrx_word' id='word_1_232' title='bbox 222 2672 358 2723; x_wconf 81' lang='lat' dir='ltr'>collocatis</span> <span class='ocrx_word' id='word_1_233' title='bbox 377 2672 514 2736; x_wconf 79' lang='lat' dir='ltr'>(Dezobry</span> <span class='ocrx_word' id='word_1_234' title='bbox 535 2674 555 2723; x_wconf 94' lang='lat'>1.</span> <span class='ocrx_word' id='word_1_235' title='bbox 574 2685 600 2736; x_wconf 87' lang='lat' dir='ltr'>p.</span> <span class='ocrx_word' id='word_1_236' title='bbox 641 2685 665 2722; x_wconf 88' lang='lat' dir='ltr'>a.</span> <span class='ocrx_word' id='word_1_237' title='bbox 679 2669 807 2728; x_wconf 71' lang='lat'>723-724;</span> <span class='ocrx_word' id='word_1_238' title='bbox 834 2683 896 2721; x_wconf 90' lang='lat' dir='ltr'>cum</span> <span class='ocrx_word' id='word_1_239' title='bbox 914 2673 1015 2723; x_wconf 79' lang='lat' dir='ltr'>Caesar</span> <span class='ocrx_word' id='word_1_240' title='bbox 1030 2687 1063 2724; x_wconf 85' lang='lat' dir='ltr'>ex</span> <span class='ocrx_word' id='word_1_241' title='bbox 1086 2677 1163 2735; x_wconf 81' lang='lat' dir='ltr'>lisia,</span> 
     </span>
     <span class='ocr_line' id='line_1_26' title="bbox 95 2743 1166 2812; baseline 0.007 -20"><span class='ocrx_word' id='word_1_242' title='bbox 95 2743 348 2812; x_wconf 62' lang='lat' dir='ltr'>datumoptimum</span> <span class='ocrx_word' id='word_1_243' title='bbox 358 2749 603 2809; x_wconf 80' lang='lat' dir='ltr'>emanavit,omnee</span> <span class='ocrx_word' id='word_1_244' title='bbox 642 2746 687 2796; x_wconf 83' lang='lat' dir='ltr'>uhi</span> <span class='ocrx_word' id='word_1_245' title='bbox 704 2748 763 2796; x_wconf 88' lang='lat' dir='ltr'>tum</span> <span class='ocrx_word' id='word_1_246' title='bbox 774 2743 941 2805; x_wconf 87' lang='lat' dir='ltr'>morabatur,</span> <span class='ocrx_word' id='word_1_247' title='bbox 959 2750 1071 2811; x_wconf 85' lang='lat' dir='ltr'>repente</span> <span class='ocrx_word' id='word_1_248' title='bbox 1083 2750 1166 2799; x_wconf 81' lang='lat' dir='ltr'>Bruu-</span> 
     </span>
     <span class='ocr_line' id='line_1_27' title="bbox 96 2818 1166 2887; baseline 0.007 -22"><span class='ocrx_word' id='word_1_249' title='bbox 96 2828 131 2866; x_wconf 89' lang='lat' dir='ltr'>me</span> <span class='ocrx_word' id='word_1_250' title='bbox 144 2832 232 2871; x_wconf 83' lang='lat' dir='ltr'>uerum</span> <span class='ocrx_word' id='word_1_251' title='bbox 249 2822 322 2873; x_wconf 80' lang='lat' dir='ltr'>scire</span> <span class='ocrx_word' id='word_1_252' title='bbox 340 2822 493 2885; x_wconf 82' lang='lat' dir='ltr'>opinantur,</span> <span class='ocrx_word' id='word_1_253' title='bbox 511 2824 603 2887; x_wconf 85' lang='lat' dir='ltr'>utpote</span> <span class='ocrx_word' id='word_1_254' title='bbox 641 2820 738 2871; x_wconf 89' lang='lat' dir='ltr'>disium</span> <span class='ocrx_word' id='word_1_255' title='bbox 755 2818 891 2884; x_wconf 79' lang='lat' dir='ltr'>proiectus</span> <span class='ocrx_word' id='word_1_256' title='bbox 908 2824 982 2871; x_wconf 74' lang='lat' dir='ltr'>earet</span> <span class='ocrx_word' id='word_1_257' title='bbox 997 2822 1032 2871; x_wconf 89' lang='lat' dir='ltr'>ad</span> <span class='ocrx_word' id='word_1_258' title='bbox 1054 2823 1166 2873; x_wconf 81' lang='lat' dir='ltr'>ecditio·</span> 
     </span>
     <span class='ocr_line' id='line_1_28' title="bbox 96 2891 1165 2959; baseline 0.009 -19"><span class='ocrx_word' id='word_1_259' title='bbox 96 2891 132 2953; x_wconf 90' lang='lat' dir='ltr'>qui</span> <span class='ocrx_word' id='word_1_260' title='bbox 140 2894 300 2959; x_wconf 77' lang='lat' dir='ltr'>principibus</span> <span class='ocrx_word' id='word_1_261' title='bbox 308 2896 371 2947; x_wconf 80' lang='lat' dir='ltr'>viris</span> <span class='ocrx_word' id='word_1_262' title='bbox 379 2897 515 2959; x_wconf 79' lang='lat' dir='ltr'>proximus</span> <span class='ocrx_word' id='word_1_263' title='bbox 524 2896 600 2947; x_wconf 78' lang='lat' dir='ltr'>sim·</span> <span class='ocrx_word' id='word_1_264' title='bbox 641 2908 702 2945; x_wconf 89' lang='lat' dir='ltr'>nem</span> <span class='ocrx_word' id='word_1_265' title='bbox 718 2895 919 2954; x_wconf 86' lang='lat' dir='ltr'>veteranorum,</span> <span class='ocrx_word' id='word_1_266' title='bbox 937 2907 1007 2958; x_wconf 85' lang='lat' dir='ltr'>quos</span> <span class='ocrx_word' id='word_1_267' title='bbox 1017 2897 1076 2947; x_wconf 82' lang='lat' dir='ltr'>aine</span> <span class='ocrx_word' id='word_1_268' title='bbox 1087 2898 1165 2951; x_wconf 77' lang='lat' dir='ltr'>donia</span> 
     </span>
     <span class='ocr_line' id='line_1_29' title="bbox 97 2970 1163 3033; baseline 0.004 -14"><span class='ocrx_word' id='word_1_269' title='bbox 97 2990 119 2999; x_wconf 82' lang='lat'><em>-</em></span> <span class='ocrx_word' id='word_1_270' title='bbox 132 2971 302 3033; x_wconf 69' lang='lat' dir='ltr'>omoompitu]</span> <span class='ocrx_word' id='word_1_271' title='bbox 319 2982 388 3033; x_wconf 89' lang='lat' dir='ltr'>quae</span> <span class='ocrx_word' id='word_1_272' title='bbox 405 2971 547 3033; x_wconf 67' lang='lat' dir='ltr'>frocum</span> <span class='ocrx_word' id='word_1_273' title='bbox 557 2984 603 3020; x_wconf 88' lang='lat' dir='ltr'>vo-</span> <span class='ocrx_word' id='word_1_274' title='bbox 640 2970 790 3029; x_wconf 79' lang='lat' dir='ltr'>dimiserat,</span> <span class='ocrx_word' id='word_1_275' title='bbox 804 2970 1037 3033; x_wconf 75' lang='lat' dir='ltr'>compescendum.</span> <span class='ocrx_word' id='word_1_276' title='bbox 1056 2973 1106 3023; x_wconf 90' lang='lat' dir='ltr'>Dio</span> <span class='ocrx_word' id='word_1_277' title='bbox 1117 2974 1163 3033; x_wconf 79' lang='lat' dir='ltr'>iii,</span> 
     </span>
     <span class='ocr_line' id='line_1_30' title="bbox 96 3042 1208 3117; baseline 0.01 -29"><span class='ocrx_word' id='word_1_278' title='bbox 96 3042 233 3103; x_wconf 57' lang='lat' dir='ltr'>celsata,</span> <span class='ocrx_word' id='word_1_279' title='bbox 252 3045 285 3105; x_wconf 78' lang='lat'>3,</span> <span class='ocrx_word' id='word_1_280' title='bbox 303 3045 344 3094; x_wconf 78' lang='lat' dir='ltr'>at.</span> <span class='ocrx_word' id='word_1_281' title='bbox 365 3068 393 3080; x_wconf 94' lang='lat'><em>-</em></span> <span class='ocrx_word' id='word_1_282' title='bbox 412 3045 524 3109; x_wconf 63' lang='lat' dir='ltr'>ramum]</span> <span class='ocrx_word' id='word_1_283' title='bbox 545 3044 602 3096; x_wconf 81' lang='lat' dir='ltr'>Noli</span> <span class='ocrx_word' id='word_1_284' title='bbox 640 3044 665 3095; x_wconf 83' lang='lat' dir='ltr'>i.</span> <span class='ocrx_word' id='word_1_285' title='bbox 708 3044 765 3104; x_wconf 87' lang='lat' dir='ltr'>Qua</span> <span class='ocrx_word' id='word_1_286' title='bbox 790 3044 930 3094; x_wconf 77' lang='lat' dir='ltr'>occatione</span> <span class='ocrx_word' id='word_1_287' title='bbox 959 3043 1086 3097; x_wconf 70' lang='lat' dir='ltr'>militibus</span> <span class='ocrx_word' id='word_1_288' title='bbox 1108 3048 1165 3099; x_wconf 75' lang='lat' dir='ltr'>auls</span> <span class='ocrx_word' id='word_1_289' title='bbox 1202 3110 1208 3117; x_wconf 87' lang='lat'>.</span> 
     </span>
     <span class='ocr_line' id='line_1_31' title="bbox 97 3118 1165 3186; baseline 0.007 -21"><span class='ocrx_word' id='word_1_290' title='bbox 97 3126 179 3175; x_wconf 81' lang='lat' dir='ltr'>ponere</span> <span class='ocrx_word' id='word_1_291' title='bbox 203 3120 418 3182; x_wconf 79' lang='lat' dir='ltr'>interrogationis</span> <span class='ocrx_word' id='word_1_292' title='bbox 441 3120 546 3183; x_wconf 75' lang='lat' dir='ltr'>siguum</span> <span class='ocrx_word' id='word_1_293' title='bbox 569 3133 602 3170; x_wconf 78' lang='lat' dir='ltr'>en</span> <span class='ocrx_word' id='word_1_294' title='bbox 640 3120 737 3184; x_wconf 82' lang='lat' dir='ltr'>partim</span> <span class='ocrx_word' id='word_1_295' title='bbox 752 3120 896 3183; x_wconf 83' lang='lat' dir='ltr'>pecuniam</span> <span class='ocrx_word' id='word_1_296' title='bbox 912 3118 997 3180; x_wconf 85' lang='lat' dir='ltr'>dedit,</span> <span class='ocrx_word' id='word_1_297' title='bbox 1022 3120 1091 3182; x_wconf 79' lang='lat' dir='ltr'>nitio,</span> <span class='ocrx_word' id='word_1_298' title='bbox 1118 3122 1165 3186; x_wconf 85' lang='lat' dir='ltr'>qui</span> 
     </span>
     <span class='ocr_line' id='line_1_32' title="bbox 27 3191 1165 3259; baseline 0.008 -20"><span class='ocrx_word' id='word_1_299' title='bbox 27 3218 28 3237; x_wconf 57' lang='lat' dir='ltr'>i</span> <span class='ocrx_word' id='word_1_300' title='bbox 97 3200 136 3238; x_wconf 70' lang='lat' dir='ltr'>uri</span> <span class='ocrx_word' id='word_1_301' title='bbox 157 3196 335 3243; x_wconf 84' lang='lat' dir='ltr'>recentiorum</span> <span class='ocrx_word' id='word_1_302' title='bbox 359 3192 517 3257; x_wconf 80' lang='lat' dir='ltr'>linguarum.</span> <span class='ocrx_word' id='word_1_303' title='bbox 548 3194 601 3245; x_wconf 89' lang='lat' dir='ltr'>Cir.</span> <span class='ocrx_word' id='word_1_304' title='bbox 641 3194 831 3245; x_wconf 80' lang='lat' dir='ltr'>omniaoecuni</span> <span class='ocrx_word' id='word_1_305' title='bbox 842 3191 1165 3259; x_wconf 60' lang='lat' dir='ltr'>holosericorumque</span> 
     </span>
     <span class='ocr_line' id='line_1_33' title="bbox 97 3262 1163 3331; baseline 0.003 -13"><span class='ocrx_word' id='word_1_306' title='bbox 97 3262 149 3328; x_wconf 75' lang='lat' dir='ltr'>Epo.</span> <span class='ocrx_word' id='word_1_307' title='bbox 166 3268 194 3327; x_wconf 90' lang='grc'>4,</span> <span class='ocrx_word' id='word_1_308' title='bbox 211 3270 239 3328; x_wconf 88' lang='grc'>4,</span> <span class='ocrx_word' id='word_1_309' title='bbox 257 3269 302 3319; x_wconf 80' lang='lat'>87.</span> <span class='ocrx_word' id='word_1_310' title='bbox 324 3296 351 3306; x_wconf 91' lang='lat'>-</span> <span class='ocrx_word' id='word_1_311' title='bbox 370 3270 455 3331; x_wconf 81' lang='lat' dir='ltr'>Docto]</span> <span class='ocrx_word' id='word_1_312' title='bbox 476 3270 545 3320; x_wconf 89' lang='lat' dir='ltr'>Cum</span> <span class='ocrx_word' id='word_1_313' title='bbox 561 3270 602 3321; x_wconf 79' lang='lat' dir='ltr'>hia</span> <span class='ocrx_word' id='word_1_314' title='bbox 641 3269 722 3319; x_wconf 86' lang='lat' dir='ltr'>etiam</span> <span class='ocrx_word' id='word_1_315' title='bbox 745 3268 888 3330; x_wconf 74' lang='lat' dir='ltr'>assignavit</span> <span class='ocrx_word' id='word_1_316' title='bbox 909 3281 1004 3319; x_wconf 82' lang='lat' dir='ltr'>coruum</span> <span class='ocrx_word' id='word_1_317' title='bbox 1027 3269 1163 3331; x_wconf 74' lang='lat' dir='ltr'>Italorum,</span> 
     </span>
     <span class='ocr_line' id='line_1_34' title="bbox 97 3338 1162 3407; baseline 0.007 -20"><span class='ocrx_word' id='word_1_318' title='bbox 97 3338 324 3403; x_wconf 79' lang='lat' dir='ltr'>llintoniisociis,</span> <span class='ocrx_word' id='word_1_319' title='bbox 337 3341 601 3406; x_wconf 72' lang='lat' dir='ltr'>ipaoilloonno&#39;lt3.,</span> <span class='ocrx_word' id='word_1_320' title='bbox 641 3344 686 3407; x_wconf 92' lang='lat' dir='ltr'>qui</span> <span class='ocrx_word' id='word_1_321' title='bbox 712 3342 819 3393; x_wconf 74' lang='lat' dir='ltr'>Antonii</span> <span class='ocrx_word' id='word_1_322' title='bbox 845 3344 936 3405; x_wconf 81' lang='lat' dir='ltr'>partes</span> <span class='ocrx_word' id='word_1_323' title='bbox 964 3345 1049 3392; x_wconf 80' lang='lat' dir='ltr'>secuti</span> <span class='ocrx_word' id='word_1_324' title='bbox 1077 3345 1162 3394; x_wconf 85' lang='lat' dir='ltr'>erunt.</span> 
     </span>
     <span class='ocr_line' id='line_1_35' title="bbox 98 3416 1162 3481; baseline 0.007 -20"><span class='ocrx_word' id='word_1_325' title='bbox 98 3422 140 3474; x_wconf 82' lang='lat' dir='ltr'>quo</span> <span class='ocrx_word' id='word_1_326' title='bbox 164 3416 227 3467; x_wconf 85' lang='lat' dir='ltr'>haec</span> <span class='ocrx_word' id='word_1_327' title='bbox 255 3416 340 3467; x_wconf 85' lang='lat' dir='ltr'>Satira</span> <span class='ocrx_word' id='word_1_328' title='bbox 369 3419 515 3481; x_wconf 80' lang='lat' dir='ltr'>composita</span> <span class='ocrx_word' id='word_1_329' title='bbox 547 3421 600 3479; x_wconf 88' lang='lat' dir='ltr'>ost,</span> <span class='ocrx_word' id='word_1_330' title='bbox 641 3417 694 3469; x_wconf 83' lang='lat' dir='ltr'>Cir.</span> <span class='ocrx_word' id='word_1_331' title='bbox 708 3417 967 3475; x_wconf 77' lang='lat' dir='ltr'>Kirchnerouaestt.</span> <span class='ocrx_word' id='word_1_332' title='bbox 982 3417 1071 3466; x_wconf 87' lang='lat' dir='ltr'>iiorat.</span> <span class='ocrx_word' id='word_1_333' title='bbox 1085 3418 1162 3481; x_wconf 80' lang='lat' dir='ltr'><strong>P·⁴9·</strong></span> 
     </span>
     <span class='ocr_line' id='line_1_36' title="bbox 98 3482 1165 3555; baseline 0.005 -19"><span class='ocrx_word' id='word_1_334' title='bbox 98 3482 179 3539; x_wconf 71' lang='lat' dir='ltr'>hilum</span> <span class='ocrx_word' id='word_1_335' title='bbox 196 3490 354 3554; x_wconf 81' lang='lat' dir='ltr'>gerebatur3</span> <span class='ocrx_word' id='word_1_336' title='bbox 373 3491 407 3541; x_wconf 90' lang='lat' dir='ltr'>ad</span> <span class='ocrx_word' id='word_1_337' title='bbox 422 3490 530 3555; x_wconf 90' lang='lat' dir='ltr'>quoda.</span> <span class='ocrx_word' id='word_1_338' title='bbox 544 3492 601 3543; x_wconf 74' lang='grc'><strong>424.</strong></span> <span class='ocrx_word' id='word_1_339' title='bbox 641 3494 698 3553; x_wconf 86' lang='lat' dir='ltr'>Quo</span> <span class='ocrx_word' id='word_1_340' title='bbox 715 3494 837 3555; x_wconf 80' lang='lat' dir='ltr'>tempore</span> <span class='ocrx_word' id='word_1_341' title='bbox 850 3490 918 3539; x_wconf 87' lang='lat' dir='ltr'>haec</span> <span class='ocrx_word' id='word_1_342' title='bbox 929 3491 1049 3553; x_wconf 81' lang='lat' dir='ltr'>scripsit,</span> <span class='ocrx_word' id='word_1_343' title='bbox 1068 3492 1165 3541; x_wconf 87' lang='lat' dir='ltr'>etium-</span> 
     </span>
     <span class='ocr_line' id='line_1_37' title="bbox 98 3560 1165 3629; baseline 0.004 -18"><span class='ocrx_word' id='word_1_344' title='bbox 98 3560 252 3626; x_wconf 79' lang='lat' dir='ltr'>li.cratsue,</span> <span class='ocrx_word' id='word_1_345' title='bbox 279 3563 362 3627; x_wconf 82' lang='lat' dir='ltr'>illiue,</span> <span class='ocrx_word' id='word_1_346' title='bbox 390 3567 435 3629; x_wconf 90' lang='lat' dir='ltr'>qui</span> <span class='ocrx_word' id='word_1_347' title='bbox 460 3580 475 3617; x_wconf 84' lang='lat' dir='ltr'>a</span> <span class='ocrx_word' id='word_1_348' title='bbox 500 3567 602 3619; x_wconf 86' lang='lat' dir='ltr'>Parthis</span> <span class='ocrx_word' id='word_1_349' title='bbox 640 3568 704 3618; x_wconf 87' lang='lat' dir='ltr'>tuuc</span> <span class='ocrx_word' id='word_1_350' title='bbox 721 3563 919 3627; x_wconf 76' lang='lat' dir='ltr'>ambigebatur,</span> <span class='ocrx_word' id='word_1_351' title='bbox 938 3567 1064 3614; x_wconf 88' lang='lat' dir='ltr'>utrumne</span> <span class='ocrx_word' id='word_1_352' title='bbox 1081 3566 1108 3614; x_wconf 95' lang='lat' dir='ltr'>in</span> <span class='ocrx_word' id='word_1_353' title='bbox 1123 3566 1165 3615; x_wconf 83' lang='lat' dir='ltr'>si-</span> 
     </span>
     <span class='ocr_line' id='line_1_38' title="bbox 99 3636 1164 3705; baseline 0.004 -18"><span class='ocrx_word' id='word_1_354' title='bbox 99 3636 186 3691; x_wconf 79' lang='lat' dir='ltr'>oooisus</span> <span class='ocrx_word' id='word_1_355' title='bbox 197 3641 250 3701; x_wconf 83' lang='lat' dir='ltr'>eet,</span> <span class='ocrx_word' id='word_1_356' title='bbox 264 3638 347 3701; x_wconf 78' lang='lat' dir='ltr'>filiun,</span> <span class='ocrx_word' id='word_1_357' title='bbox 360 3640 458 3691; x_wconf 78' lang='lat' dir='ltr'>missus</span> <span class='ocrx_word' id='word_1_358' title='bbox 470 3642 519 3691; x_wconf 82' lang='lat' dir='ltr'>est.</span> <span class='ocrx_word' id='word_1_359' title='bbox 540 3640 601 3705; x_wconf 78' lang='lat' dir='ltr'>(Cir.</span> <span class='ocrx_word' id='word_1_360' title='bbox 641 3640 698 3693; x_wconf 86' lang='lat' dir='ltr'>cilio</span> <span class='ocrx_word' id='word_1_361' title='bbox 715 3653 750 3690; x_wconf 87' lang='lat' dir='ltr'>au</span> <span class='ocrx_word' id='word_1_362' title='bbox 767 3640 794 3689; x_wconf 92' lang='lat' dir='ltr'>in</span> <span class='ocrx_word' id='word_1_363' title='bbox 810 3638 884 3688; x_wconf 85' lang='lat' dir='ltr'>ltalia</span> <span class='ocrx_word' id='word_1_364' title='bbox 905 3640 1039 3689; x_wconf 85' lang='lat' dir='ltr'>veteranis</span> <span class='ocrx_word' id='word_1_365' title='bbox 1063 3640 1164 3691; x_wconf 88' lang='lat' dir='ltr'>tumui-</span> 
     </span>
     <span class='ocr_line' id='line_1_39' title="bbox 99 3709 1166 3781; baseline 0.005 -19"><span class='ocrx_word' id='word_1_366' title='bbox 99 3709 136 3759; x_wconf 87' lang='lat' dir='ltr'>0d.</span> <span class='ocrx_word' id='word_1_367' title='bbox 151 3712 176 3773; x_wconf 80' lang='lat'>3,</span> <span class='ocrx_word' id='word_1_368' title='bbox 199 3714 229 3775; x_wconf 80' lang='grc'>6,</span> <span class='ocrx_word' id='word_1_369' title='bbox 252 3714 304 3777; x_wconf 85' lang='grc'><strong>44.)</strong></span> <span class='ocrx_word' id='word_1_370' title='bbox 324 3742 352 3751; x_wconf 94' lang='lat'><em>-</em></span> <span class='ocrx_word' id='word_1_371' title='bbox 371 3713 432 3778; x_wconf 81' lang='lat' dir='ltr'>erto]</span> <span class='ocrx_word' id='word_1_372' title='bbox 451 3716 602 3781; x_wconf 78' lang='lat' dir='ltr'>«quemad-</span> <span class='ocrx_word' id='word_1_373' title='bbox 640 3714 776 3767; x_wconf 79' lang='lat' dir='ltr'>tuanlibus</span> <span class='ocrx_word' id='word_1_374' title='bbox 794 3714 894 3764; x_wconf 83' lang='lat' dir='ltr'>Caesar</span> <span class='ocrx_word' id='word_1_375' title='bbox 910 3726 989 3777; x_wconf 77' lang='lat' dir='ltr'>agnou</span> <span class='ocrx_word' id='word_1_376' title='bbox 1001 3712 1166 3767; x_wconf 83' lang='lat' dir='ltr'>dutumsee·</span> 
     </span>
     <span class='ocr_line' id='line_1_40' title="bbox 99 3786 1164 3857; baseline 0.012 -22"><span class='ocrx_word' id='word_1_377' title='bbox 99 3786 331 3850; x_wconf 84' lang='lat' dir='ltr'>modumnuncea,</span> <span class='ocrx_word' id='word_1_378' title='bbox 344 3790 484 3852; x_wconf 71' lang='lat' dir='ltr'>nicetium,</span> <span class='ocrx_word' id='word_1_379' title='bbox 497 3792 601 3842; x_wconf 88' lang='lat' dir='ltr'>utmihi</span> <span class='ocrx_word' id='word_1_380' title='bbox 640 3794 689 3843; x_wconf 82' lang='lat' dir='ltr'>set.</span> <span class='ocrx_word' id='word_1_381' title='bbox 715 3814 743 3826; x_wconf 90' lang='lat'><em>-</em></span> <span class='ocrx_word' id='word_1_382' title='bbox 771 3787 917 3857; x_wconf 67' lang='lat' dir='ltr'>litquqtro]</span> <span class='ocrx_word' id='word_1_383' title='bbox 944 3786 1084 3848; x_wconf 72' lang='lat' dir='ltr'>«tellure».</span> <span class='ocrx_word' id='word_1_384' title='bbox 1110 3804 1164 3841; x_wconf 73' lang='lat'>¹10⁰</span> 
     </span>
     <span class='ocr_line' id='line_1_41' title="bbox 98 3859 1165 3937; baseline 0.004 -28"><span class='ocrx_word' id='word_1_385' title='bbox 98 3859 185 3923; x_wconf 78' lang='lat' dir='ltr'>videre,</span> <span class='ocrx_word' id='word_1_386' title='bbox 202 3866 256 3915; x_wconf 79' lang='lat' dir='ltr'>erio</span> <span class='ocrx_word' id='word_1_387' title='bbox 273 3865 300 3915; x_wconf 91' lang='lat' dir='ltr'>in</span> <span class='ocrx_word' id='word_1_388' title='bbox 317 3866 475 3929; x_wconf 83' lang='lat' dir='ltr'>perpetuum</span> <span class='ocrx_word' id='word_1_389' title='bbox 493 3862 601 3937; x_wconf 72' lang='grc' dir='ltr'>εἴρων.»</span> <span class='ocrx_word' id='word_1_390' title='bbox 642 3863 791 3931; x_wconf 76' lang='lat' dir='ltr'>«praedia»</span> <span class='ocrx_word' id='word_1_391' title='bbox 821 3863 954 3925; x_wconf 76' lang='lat' dir='ltr'>Triquetra</span> <span class='ocrx_word' id='word_1_392' title='bbox 968 3875 1018 3927; x_wconf 84' lang='lat' dir='ltr'>pro</span> <span class='ocrx_word' id='word_1_393' title='bbox 1034 3864 1165 3928; x_wconf 69' lang='lat' dir='ltr'>uiaeqoto</span> 
     </span>
     <span class='ocr_line' id='line_1_42' title="bbox 100 3933 1163 4002; baseline 0.002 -15"><span class='ocrx_word' id='word_1_394' title='bbox 100 3933 130 3983; x_wconf 83' lang='lat' dir='ltr'>lie</span> <span class='ocrx_word' id='word_1_395' title='bbox 144 3936 270 3999; x_wconf 72' lang='lat' dir='ltr'>derisore,</span> <span class='ocrx_word' id='word_1_396' title='bbox 289 3938 458 3991; x_wconf 68' lang='lat' dir='ltr'>minautoro</span> <span class='ocrx_word' id='word_1_397' title='bbox 476 3952 507 3990; x_wconf 91' lang='lat' dir='ltr'>ao</span> <span class='ocrx_word' id='word_1_398' title='bbox 524 3941 602 3991; x_wconf 83' lang='lat' dir='ltr'>dissi-</span> <span class='ocrx_word' id='word_1_399' title='bbox 640 3941 710 3991; x_wconf 86' lang='lat' dir='ltr'>dicte</span> <span class='ocrx_word' id='word_1_400' title='bbox 722 3942 765 3990; x_wconf 84' lang='lat' dir='ltr'>est</span> <span class='ocrx_word' id='word_1_401' title='bbox 778 3937 865 3988; x_wconf 84' lang='lat' dir='ltr'>Sicilia</span> <span class='ocrx_word' id='word_1_402' title='bbox 877 3951 891 3987; x_wconf 87' lang='lat' dir='ltr'>a</span> <span class='ocrx_word' id='word_1_403' title='bbox 904 3938 989 3988; x_wconf 78' lang='lat' dir='ltr'>torma</span> <span class='ocrx_word' id='word_1_404' title='bbox 1002 3937 1163 4002; x_wconf 76' lang='lat' dir='ltr'>triangulari,</span> 
     </span>
     <span class='ocr_line' id='line_1_43' title="bbox 100 4010 1165 4079; baseline 0.002 -18"><span class='ocrx_word' id='word_1_405' title='bbox 100 4010 211 4064; x_wconf 75' lang='lat' dir='ltr'>mulatme</span> <span class='ocrx_word' id='word_1_406' title='bbox 233 4012 336 4077; x_wconf 75' lang='lat' dir='ltr'>(salust.</span> <span class='ocrx_word' id='word_1_407' title='bbox 354 4012 428 4065; x_wconf 87' lang='lat' dir='ltr'>Catil.</span> <span class='ocrx_word' id='word_1_408' title='bbox 445 4016 508 4079; x_wconf 77' lang='lat' dir='ltr'>ii.),»</span> <span class='ocrx_word' id='word_1_409' title='bbox 532 4016 600 4067; x_wconf 91' lang='lat' dir='ltr'>coni.</span> <span class='ocrx_word' id='word_1_410' title='bbox 640 4014 726 4066; x_wconf 78' lang='lat' dir='ltr'>trihus</span> <span class='ocrx_word' id='word_1_411' title='bbox 742 4013 945 4079; x_wconf 75' lang='lat' dir='ltr'>promontoriis,</span> <span class='ocrx_word' id='word_1_412' title='bbox 964 4012 1102 4075; x_wconf 83' lang='lat' dir='ltr'>Pachyno,</span> <span class='ocrx_word' id='word_1_413' title='bbox 1122 4015 1165 4063; x_wconf 82' lang='lat' dir='ltr'>ii-</span> 
     </span>
     <span class='ocr_line' id='line_1_44' title="bbox 100 4083 1161 4154; baseline 0.001 -17"><span class='ocrx_word' id='word_1_414' title='bbox 100 4083 153 4149; x_wconf 71' lang='lat' dir='ltr'>Eup.</span> <span class='ocrx_word' id='word_1_415' title='bbox 166 4088 192 4149; x_wconf 89' lang='lat' dir='ltr'>t,</span> <span class='ocrx_word' id='word_1_416' title='bbox 210 4090 257 4151; x_wconf 85' lang='grc'>48,</span> <span class='ocrx_word' id='word_1_417' title='bbox 276 4090 317 4139; x_wconf 91' lang='grc'>44.</span> <span class='ocrx_word' id='word_1_418' title='bbox 335 4091 365 4139; x_wconf 87' lang='grc' dir='ltr'>Α.</span> <span class='ocrx_word' id='word_1_419' title='bbox 380 4091 407 4139; x_wconf 89' lang='lat' dir='ltr'>P.</span> <span class='ocrx_word' id='word_1_420' title='bbox 419 4089 480 4140; x_wconf 67' lang='lat'>433:</span> <span class='ocrx_word' id='word_1_421' title='bbox 499 4091 604 4142; x_wconf 71' lang='lat' dir='ltr'>Derisor</span> <span class='ocrx_word' id='word_1_422' title='bbox 640 4091 752 4154; x_wconf 81' lang='lat' dir='ltr'>lybano,</span> <span class='ocrx_word' id='word_1_423' title='bbox 771 4088 864 4140; x_wconf 81' lang='lat' dir='ltr'>Peloro</span> <span class='ocrx_word' id='word_1_424' title='bbox 876 4087 957 4137; x_wconf 85' lang='lat' dir='ltr'>fluite.</span> <span class='ocrx_word' id='word_1_425' title='bbox 992 4085 1161 4147; x_wconf 75' lang='lat' dir='ltr'>Cinouintil.</span> 
     </span>
     <span class='ocr_line' id='line_1_45' title="bbox 100 4160 1165 4230; baseline -0.005 -15"><span class='ocrx_word' id='word_1_426' title='bbox 100 4163 212 4224; x_wconf 67' lang='lat' dir='ltr'>molor</span> <span class='ocrx_word' id='word_1_427' title='bbox 226 4164 358 4215; x_wconf 68' lang='lat' dir='ltr'>Motore</span> <span class='ocrx_word' id='word_1_428' title='bbox 372 4171 494 4216; x_wconf 64' lang='lat' dir='ltr'>morum</span> <span class='ocrx_word' id='word_1_429' title='bbox 521 4166 602 4230; x_wconf 65' lang='lat' dir='ltr'>(eor,</span> <span class='ocrx_word' id='word_1_430' title='bbox 642 4167 670 4227; x_wconf 90' lang='grc'>4,</span> <span class='ocrx_word' id='word_1_431' title='bbox 694 4165 723 4225; x_wconf 83' lang='grc'>6,</span> <span class='ocrx_word' id='word_1_432' title='bbox 747 4163 788 4213; x_wconf 78' lang='grc'>30.</span> <span class='ocrx_word' id='word_1_433' title='bbox 821 4162 958 4212; x_wconf 67' lang='lat' dir='ltr'>Trtralcom</span> <span class='ocrx_word' id='word_1_434' title='bbox 979 4160 1094 4213; x_wconf 82' lang='lat' dir='ltr'>eandem</span> <span class='ocrx_word' id='word_1_435' title='bbox 1115 4174 1165 4227; x_wconf 79' lang='lat' dir='ltr'>ap-</span> 
     </span>
     <span class='ocr_line' id='line_1_46' title="bbox 101 4234 1081 4305; baseline -0.009 -12"><span class='ocrx_word' id='word_1_436' title='bbox 101 4234 160 4293; x_wconf 74' lang='lat' dir='ltr'>quod</span> <span class='ocrx_word' id='word_1_437' title='bbox 174 4240 323 4290; x_wconf 88' lang='lat' dir='ltr'>uunuemini</span> <span class='ocrx_word' id='word_1_438' title='bbox 346 4238 459 4304; x_wconf 81' lang='lat' dir='ltr'>placuit,</span> <span class='ocrx_word' id='word_1_439' title='bbox 484 4242 511 4292; x_wconf 89' lang='lat' dir='ltr'>iu</span> <span class='ocrx_word' id='word_1_440' title='bbox 532 4238 603 4291; x_wconf 89' lang='lat' dir='ltr'>nullo</span> <span class='ocrx_word' id='word_1_441' title='bbox 641 4238 722 4305; x_wconf 85' lang='lat' dir='ltr'>pellat</span> <span class='ocrx_word' id='word_1_442' title='bbox 739 4236 875 4288; x_wconf 85' lang='lat' dir='ltr'>claudian.</span> <span class='ocrx_word' id='word_1_443' title='bbox 889 4238 918 4287; x_wconf 79' lang='lat' dir='ltr'>it.</span> <span class='ocrx_word' id='word_1_444' title='bbox 932 4238 961 4287; x_wconf 89' lang='lat' dir='ltr'>P.</span> <span class='ocrx_word' id='word_1_445' title='bbox 976 4236 1005 4297; x_wconf 93' lang='grc'>4,</span> <span class='ocrx_word' id='word_1_446' title='bbox 1024 4234 1081 4285; x_wconf 70' lang='lat' dir='ltr'>tm.</span> 
     </span>
    </p>
   </div>
   <div class='ocr_carea' id='block_1_5' title="bbox 0 0 1468 4892">
    <p class='ocr_par' dir='ltr' id='par_1_6' title="bbox 0 0 1468 4892">
     <span class='ocr_line' id='line_1_47' title="bbox 0 0 1468 4892; baseline 0 0"><span class='ocrx_word' id='word_1_447' title='bbox 0 0 1468 4892; x_wconf 95' lang='lat' dir='ltr'> </span> 
     </span>
    </p>
   </div>
  </div>
 </body>
</html>
