2925 4892
254 413 315 477 toi
611 409 740 461 aonam
758 409 980 460 errsromnon

297 573 435 658 Aegroto
458 567 579 634 domini
603 566 737 633 deduxit
758 585 897 653 corpore
919 564 1044 639 febres,

296 693 365 758 Non
389 691 495 757 animo
518 709 622 756 curas.
667 687 777 754 Valeat
798 707 973 775 possessor
994 695 1134 774 oportet,

297 813 330 880 Si
353 812 561 901 comportatis
583 809 682 878 rebus
704 809 789 876 bene
812 809 930 896 cogitat
950 807 1006 874 uti.

297 936 360 1016 Qui
382 934 470 1023 cupit
492 941 547 1000 aut
568 932 694 1008 metuit,
717 931 806 997 iuvat
826 929 915 995 iilum
937 931 985 997 sic
1008 928 1125 995 domus
1147 939 1180 994 et
1200 949 1269 1006 res,

298 1059 337 1127 Ut
359 1055 482 1145 lippum
504 1055 609 1143 pictae
631 1051 775 1130 tabulae,
799 1051 939 1118 fomenta
961 1049 1154 1138 podagram,

320 1293 362 1345 is.
374 1293 471 1342 deducit
480 1289 564 1341 codd.
576 1287 651 1353 aliq..
670 1289 794 1338 moueant
805 1287 890 1338 Codd.
901 1286 963 1351 aiiq.
983 1289 1045 1349 (oon
1053 1287 1157 1349 nostri).
1174 1313 1202 1324 -
1218 1288 1315 1350 febres

289 1370 305 1418 S
318 1369 345 1417 et
354 1368 472 1429 quinque
485 1365 609 1415 Pottierii.
622 1390 650 1398 —
660 1363 701 1413 to.
711 1363 801 1426 copitet
813 1376 882 1412 corr.
893 1362 919 1412 d.
932 1391 959 1400 -
970 1363 1011 1412 st.
1022 1376 1053 1412 oc
1063 1363 1150 1412 minii
1161 1375 1177 1411 e
1187 1362 1274 1413 Codd.
1285 1363 1312 1412 F.

291 1468 318 1478 -
329 1445 374 1490 aut
385 1452 425 1490 res
435 1439 493 1500 d‚L.
506 1467 533 1475 —
547 1439 588 1488 bh.
599 1441 709 1486 toaseoto
717 1437 841 1488 Bouhier.
857 1464 885 1475 —
895 1438 1040 1501 podopnsn
1052 1450 1066 1487 e
1079 1436 1163 1488 Codd.
1176 1436 1312 1488 Bentleius

257 1667 328 1718 enim
346 1664 494 1728 respondet
509 1664 584 1713 uxori
602 1675 664 1712 eum
682 1659 782 1721 liberis,
820 1660 955 1711 interdum
967 1660 1077 1722 accidit,
1100 1666 1130 1711 stt
1144 1661 1207 1710 sibit
1222 1663 1346 1723 mmm-

254 1741 348 1804 tiardas
363 1737 435 1791 silvis
453 1738 616 1802 exstirpatis,
635 1736 703 1786 aeris
714 1747 784 1785 nosr-
815 1737 879 1798 poni
889 1735 961 1785 dolor
975 1736 1103 1798 potiatur,
1122 1737 1206 1786 immo
1221 1736 1346 1787 fomentis

254 1829 301 1866 oos
317 1821 340 1866 et
356 1815 416 1864 auri
433 1815 551 1876 argento.
567 1839 594 1848 -
607 1809 719 1873 dedunt]
732 1802 783 1858 oio·
819 1812 958 1873 augeatur.
993 1811 1027 1860 Et
1051 1810 1104 1860 hoc
1128 1809 1240 1873 quidem
1265 1811 1346 1861 mom

257 1891 361 1962 ρίστως
373 1889 538 1952 detempore
550 1887 689 1950 perpetuo.
704 1885 784 1936 Utde
818 1885 940 1950 plerique
957 1883 1104 1949 explicant,
1129 1897 1226 1935 verum
1246 1886 1348 1936 rectior

256 1967 346 2016 cedam
362 1976 467 2025 corpore
483 1961 562 2024 febres
574 1961 687 2024 [Lucret.
700 1960 726 2018 2,
740 1957 781 2008 34.
818 1959 925 2010 videtur
940 1959 1067 2009 antzeri
1084 1959 1282 2023 interpretatio:
1301 1960 1348 2010 «iit

257 2037 326 2090 Cels.
341 2037 370 2098 3,
389 2037 435 2098 a),
458 2036 497 2086 sic
514 2035 594 2084 etiam
612 2035 699 2084 dommi
716 2045 783 2097 pos-
819 2047 900 2085 sanos
917 2031 1009 2084 oeulos
1026 2033 1161 2084 delectant
1178 2031 1286 2084 tabulae
1304 2035 1348 2098 pi·

257 2115 332 2172 sunt;
360 2111 421 2161 alibi
439 2110 564 2161 dicuntur
580 2107 662 2172 obici,
681 2107 781 2169 depelli,
819 2110 892 2169 ctae,
910 2105 1026 2172 lippum,
1044 2109 1090 2170 qui
1107 2121 1154 2158 eas
1171 2105 1348 2172 contemplari

257 2185 456 2249 tolli-Valent]
468 2185 552 2233 asana
562 2182 715 2232 sitmensin
725 2194 784 2230 cor-
819 2183 927 2246 nequit,
945 2180 981 2231 nii
998 2181 1105 2240 iuvant;
1123 2183 1154 2230 ut
1170 2181 1289 2232 fomenta
1300 2182 1349 2232 ho·

256 2274 323 2327 pore
335 2273 427 2310 sano.»
444 2269 608 2320 -possessor
618 2281 632 2292 -
643 2283 657 2293 -
668 2255 714 2318 asts]
726 2255 783 2304 Ari·
819 2257 884 2320 mini
901 2254 1029 2317 molliori,
1053 2256 1202 2306 dummodo
1223 2255 1296 2306 bona
1313 2257 1348 2307 sit

258 2338 319 2386 stoi.
332 2336 408 2385 Rhet.
422 2334 450 2393 t,
464 2333 492 2382 b:
510 2326 546 2381 τὸ
557 2327 691 2380 πλουτεῖν
703 2327 782 2380 ἐστὶν
818 2329 985 2391 valetudine,
997 2334 1072 2393 grata
1084 2334 1161 2391 sunt,
1179 2331 1290 2381 minime
1301 2343 1348 2382 ve

256 2409 343 2476 ἐντῷ
361 2404 516 2479 χρῆσθαι
532 2402 645 2471 μᾶλλον
662 2397 683 2470 ἢ
699 2400 781 2471 ἐντῷ
818 2419 849 2455 ro
867 2404 985 2470 podagra
1002 2404 1098 2455 abacto
1116 2407 1199 2469 (cuius
1221 2405 1345 2467 dolores,

256 2480 462 2549 κεκτῆσθαι.
487 2505 516 2518 -
541 2481 610 2542 saepit
626 2485 672 2530 nat
686 2479 782 2543 antrat]
819 2479 905 2540 addo,
928 2478 1063 2530 interdum
1080 2480 1195 2543 augente
1219 2481 1251 2530 ut
1266 2493 1348 2530 aures

257 2561 327 2610 Seite
360 2559 504 2618 utramque
539 2553 666 2604 affectum
694 2553 783 2603 seiun-
818 2556 934 2606 hominis
951 2557 1009 2606 sani
1026 2556 1193 2620 symphoniis
1210 2553 1349 2606 obiectan-

255 2635 305 2696 xit,
331 2632 393 2696 quia
411 2629 508 2680 eodem
530 2627 659 2692 temporis
681 2629 782 2692 puncto
819 2630 876 2691 tur,
896 2643 949 2680 non
965 2631 1031 2680 item
1048 2617 1120 2691 eius,'
1138 2632 1181 2680 eui
1193 2629 1296 2691 dolent,
1309 2631 1347 2680 ita

255 2709 282 2760 in
295 2707 393 2758 eodem
404 2717 486 2755 avaro
504 2703 593 2753 iocum
605 2715 658 2752 non
669 2701 780 2762 habent,
818 2705 956 2755 hominem
978 2705 1071 2770 paucis
1094 2705 1248 2755 contentum
1273 2706 1349 2755 iuvat

256 2783 305 2834 sed
330 2780 412 2832 modo
438 2779 511 2843 cupit
534 2777 653 2838 divitias,
684 2775 780 2836 modo,
820 2778 917 2830 domus
937 2781 965 2829 et
984 2791 1030 2828 res
1048 2779 1137 2842 (etiam
1158 2778 1284 2842 modica),
1302 2780 1349 2831 in-

256 2872 290 2908 ne
308 2855 510 2922 partaamittat,
529 2853 635 2911 metuit;
655 2852 782 2917 quocirca
819 2852 969 2904 satiabiiem
989 2867 1189 2918 nequaquam.»
1217 2855 1348 2906 Fomenta

257 2929 430 2982 reiiciendum
449 2931 490 2979 eet
507 2927 574 2976 Fece
593 2941 624 2976 ac
639 2927 734 2977 metuit
753 2953 780 2963 -
819 2928 909 2977 autem
927 2929 1007 2979 etiam
1023 2941 1039 2978 a
1056 2929 1128 2979 sanis
1145 2928 1269 2979 adhiberi
1285 2929 1348 2981 soli·

255 3006 327 3056 iamet
342 3005 414 3052 ilium
430 3003 466 3051 ss'c
477 3000 541 3064 cet]
559 2999 713 3050 «dominum
726 3013 783 3050 mo·
819 3005 846 3052 ta
863 3014 937 3064 esse,
962 3016 1015 3066 qua
1036 3001 1071 3052 de
1089 3015 1119 3053 re
1135 3001 1225 3053 adhuc
1241 3003 1349 3054 dubite-

256 3079 292 3130 do
309 3077 451 3142 pecuniam
466 3073 625 3125 corrodendi
643 3073 781 3138 cupidum,
818 3076 910 3138 batur,
928 3077 995 3126 scite
1007 3077 1176 3128 demonstrat
1188 3077 1347 3130 iocoSene-

256 3149 783 3213 modoiacturaemetueotem‚ipsado-
819 3165 867 3203 cae
885 3151 920 3201 de
936 3150 1081 3215 providi,
1099 3151 1130 3201 9:
1157 3154 1236 3215 mem
1254 3167 1347 3216 speon-

256 3239 317 3278 mus
339 3227 366 3275 et
387 3237 431 3275 rea
453 3225 492 3274 sic
507 3224 587 3272 verat
603 3225 683 3287 atque
701 3223 781 3286 angit,
818 3225 1346 3292 toriosmerobofflotuaisdieooem,

256 3303 286 3351 ut
302 3297 409 3351 tabulae
422 3299 509 3364 pictae
522 3297 636 3362 lippum,
656 3298 714 3360 qui,
728 3310 782 3360 quo
817 3301 889 3351 matos
900 3303 977 3364 pedes
986 3301 1348 3365 isterfmnentosabindema-

256 3376 341 3439 magis
358 3387 405 3426 eas
422 3375 517 3426 intueri
534 3375 660 3435 conatur,
680 3387 712 3425 eo
724 3387 783 3438 gra·
818 3379 1024 3438 manupoemot,
1042 3377 1348 3427 commesationessnb-

254 3451 375 3502 vioribus
392 3448 528 3501 doloribus
546 3449 672 3508 officiium
693 3451 722 3499 ui
741 3448 784 3498 io-
818 3451 885 3500 dum
900 3455 924 3500 et
935 3450 1076 3512 perietibus
1091 3451 1259 3515 &summos
1273 3451 1348 3502 catos·

255 3527 362 3586 menta,
389 3523 515 3576 medendi
541 3537 622 3575 cauea
648 3522 781 3584 adhibita,
818 3525 1217 3586 cenomannensium
1231 3527 1348 3577 κωπίω

255 3600 329 3651 hand
351 3612 412 3650 raro
434 3598 569 3664 podagrae
591 3597 696 3649 dolores
718 3610 783 3648 era·
814 3599 929 3661 periculo
944 3599 1057 3663 stsiapet.
1082 3600 1159 3650 Idem
1171 3600 1205 3652 de
1216 3602 1271 3651 vita
1281 3600 1349 3651 bea·

256 3675 352 3731 cunum
378 3674 407 3722 ut
423 3673 600 3737 symphoniae
617 3685 715 3724 nervos
733 3685 783 3722 au·
818 3677 845 3724 ta
863 3675 907 3735 it,
926 3673 954 3723 3:
975 3675 1034 3724 Vade
1048 3674 1093 3725 bos
1108 3675 1205 3726 eosdem
1222 3675 1348 3738 (Nomen-

256 3749 349 3799 ditoris
375 3748 551 3798 vehementer
571 3749 686 3810 irritant,
719 3760 783 3798 cum
819 3751 911 3799 mcum
928 3750 956 3797 et
972 3748 1102 3812 Apicium)
1121 3754 1347 3814 amputaturum

257 3823 317 3888 quis
334 3824 444 3886 propter
455 3821 576 3872 sordium
589 3823 689 3872 coitum
702 3820 780 3886 (Cels.
817 3827 955 3886 spectemus
968 3823 1092 3885 popisma
1107 3837 1195 3886 mass,
1212 3837 1347 3877 moo-

256 3898 286 3958 6,
305 3897 340 3958 7.)
359 3895 607 3946 auribuslaborat.»
623 3922 650 3933 -
662 3897 781 3961 formento]
818 3909 876 3946 casn
891 3909 966 3958 sono,
987 3898 1134 3960 spectaculis
1149 3898 1247 3959 casios,
1268 3911 1347 3962 sapo-

256 3972 285 4022 ln
309 3971 389 4021 variis
409 3969 542 4034 podagrae
562 3969 707 4033 generibus
729 3971 783 4021 uti-
817 3972 1266 4033 mahummariam.
1284 3975 1348 4026 Moi-

257 4059 310 4110 que
322 4043 486 4096 adhibebant
498 4043 711 4096 calidaiomenta
724 4044 780 4110 (cir.
818 4047 882 4097 libus
903 4047 1046 4107 lenibusque
1066 4048 1182 4110 fmamtis
1202 4053 1284 4100 totum
1305 4050 1347 4100 to-

258 4118 413 4180 celeuma,
431 4117 473 4168 ai.
503 4117 568 4169 Plio,
583 4120 613 4169 H.
627 4120 657 4170 N.
671 4121 719 4180 ἢ,
737 4120 780 4181 22,
818 4122 922 4172 cessum
937 4133 1024 4171 sonsa
1045 4133 1136 4185 corpses
1155 4127 1193 4184 st,
1217 4135 1251 4173 se
1272 4136 1349 4174 aum

257 4195 318 4258 34.);
341 4195 384 4244 hio
401 4194 491 4244 autem
511 4195 589 4258 poete
612 4192 730 4258 loquitur
746 4194 781 4244 de
818 4196 920 4246 interim
935 4201 1042 4258 emunt,
1060 4195 1179 4247 odoribm
1192 4197 1276 4246 oasim
1292 4197 1349 4262 isfl-

258 4283 305 4332 eo,
322 4268 396 4332 quod
413 4270 523 4320 auctore
536 4267 633 4318 eodem
645 4266 723 4319 Celso
735 4266 752 4318 Ι.
762 4267 780 4318 Ι.
819 4271 887 4322 ntes
902 4271 971 4322 iocur
985 4272 1037 4334 ipse
1052 4272 1080 4322 is
1097 4285 1147 4335 quo
1162 4272 1348 4336 isawioepo-
