2925 4892
522 364 582 416 aiii.
602 362 632 413 ll.
668 363 738 415 ssi.
755 364 788 414 V.

159 520 219 585 Aut
240 538 332 605 spem
354 516 500 605 deponas
522 528 577 585 aut
598 528 700 585 anem
722 518 836 585 illusus
858 520 994 587 amicas.

159 642 270 727 ilagna
292 639 438 706 minorve
461 638 530 705 loro
552 640 579 705 si
602 660 656 707 res
678 640 854 707 certabitur
875 640 967 718 olim,

156 762 245 828 Vivet
265 770 338 827 uter
358 758 505 848 locuples
528 760 598 828 sine
620 761 739 849 gnatis,
763 762 946 849 improbus,
969 762 1054 829 ultro

156 883 218 961 Qui
240 880 409 949 meliorem
431 880 537 949 audax
559 890 653 949 vocet
675 882 706 947 in
729 883 795 959 ius,
819 882 905 950 illius
925 893 997 951 esto

155 1004 329 1083 [telensem
353 1001 435 1069 fama
459 1004 564 1070 civem
586 1024 751 1091 causaque
776 1004 919 1091 priorem
1159 1006 1202 1071 30

153 1126 296 1211 Sperne,
320 1123 408 1190 domi
432 1124 459 1190 si
481 1134 596 1211 gnatus
619 1126 680 1191 erit
702 1124 879 1191 fecundave
901 1125 1030 1193 coniux.

153 1246 288 1323 Quinte,
313 1255 404 1333 puta,
429 1255 484 1310 aut
499 1244 607 1323 Publi,
623 1282 666 1295 -
678 1246 820 1333 gaudent
830 1250 1040 1334 praenomine
1053 1246 1168 1314 molles

151 1364 326 1433 luriculae
339 1402 382 1415 -
397 1364 453 1432 tibi
477 1386 529 1432 me
551 1366 651 1433 virius
674 1377 729 1433 tua
750 1366 826 1435 fecit
846 1370 1002 1448 amicum

143 1658 159 1709 b
175 1586 215 1721 ῗθ.
238 1597 324 1721 urscccg
341 1586 397 1635 tres
409 1584 547 1635 Tomentii.
564 1610 591 1620 -
604 1582 698 1647 illusus]
716 1582 784 1633 illius
795 1582 823 1633 b.
839 1610 865 1620 —
878 1584 919 1633 28.
935 1584 1007 1633 Vivat
1020 1597 1047 1648 p.
1064 1612 1090 1622 -
1102 1587 1170 1635 nutis

187 1672 244 1709 nou
329 1696 334 1706 .

113 1847 180 1896 terea
198 1846 336 1909 ingratam
352 1846 448 1909 ingerit
468 1846 636 1909 positionem.
673 1844 734 1907 bru,
751 1846 833 1906 uitro,
851 1842 948 1895 nudari
966 1845 1076 1910 -putul
1093 1858 1201 1897 «exem-

112 1920 160 1971 Cfr.
174 1922 266 1983 iieisig
282 1922 338 1970 ιιι.
352 1920 410 1983 spr.
423 1932 450 1984 p.
463 1918 521 1971 aii.
535 1922 562 1969 et
575 1920 636 1969 asi.
673 1920 709 1985 pii
732 1932 843 1980 musa-3
867 1922 912 1984 qui
935 1921 1125 1985 imperativus,
1153 1922 1200 1972 ubi

112 1994 196 2058 ibique
221 1996 321 2045 iiaase.
349 2021 376 2031 -
396 1993 638 2057 praeroso-tomo]
675 1996 753 2060 quasi
764 1994 884 2046 adverbii
895 1996 969 2046 uices
981 1996 1062 2059 gerit,
1080 1993 1201 2047 ultimam

112 2073 215 2121 rvomta
237 2082 317 2129 esca,
344 2070 509 2134 consumptis
534 2070 587 2118 iuis
611 2070 640 2118 et
675 2068 807 2132 syllabam
824 2070 940 2134 corripit.
981 2069 1201 2132 Antiquissimum

111 2144 220 2208 perditis
241 2142 425 2194 muneribus.»
452 2144 537 2193 Coss.
556 2144 636 2200 cauo.
675 2143 753 2193 huius
770 2140 1203 2208 ususexempiuminprosaora-

112 2218 169 2269 Ptin.
183 2223 286 2281 Paneg.
300 2216 348 2268 ia:
376 2218 512 2267 Caesarum
531 2229 639 2267 munau
675 2220 746 2271 tione
758 2220 935 2270 videturesse
947 2220 1023 2269 ithet.
1037 2220 1072 2270 ad
1084 2222 1199 2271 iiereun.

110 2294 179 2344 iilum
204 2293 272 2344 cibis
294 2292 394 2353 Moror,
421 2298 518 2354 operam
539 2293 639 2354 proedo
674 2295 708 2353 2,
728 2296 773 2357 tf,
794 2295 840 2345 iii:
867 2296 895 2344 Si
918 2294 1064 2360 urnbipuran
1085 2296 1203 2345 asturi-

110 2370 210 2430 inquaos
238 2366 441 2417 aernulubuatur.
476 2365 586 2417 Martiei.
609 2368 637 2428 6,
671 2372 757 2430 pium,
784 2373 825 2430 ut,
850 2374 927 2431 putu,
953 2370 1204 2431 procurarique

111 2442 153 2503 63,
186 2446 222 2493 5:
266 2442 375 2491 ifuucm
408 2454 505 2505 mupnu
540 2442 639 2501 quidem
672 2443 759 2504 plures
785 2446 919 2492 ualentius
945 2444 1013 2493 fruti
1037 2445 1128 2506 possit,
1156 2444 1203 2494 froc

109 2519 184 2579 misit,
210 2516 257 2565 sect
277 2516 345 2564 misti
366 2515 393 2563 tu
415 2516 498 2564 tuma
529 2515 636 2564 Lucian.
674 2520 748 2567 modo
762 2519 924 2567 ucciandum
934 2524 977 2567 est.
996 2517 1204 2569 Pluriessiere·

15 2582 16 2635 i
110 2592 138 2641 Ι).
157 2593 190 2641 ii.
211 2592 244 2650 6,
263 2588 288 2639 t.
311 2589 466 2652 heredipeta
492 2588 527 2639 de
552 2602 637 2639 seue:
675 2593 777 2655 peritur
788 2592 859 2656 apud
871 2590 988 2641 Celsum.
1008 2591 1047 2641 Cf.
1061 2592 1164 2642 Cotum.
1176 2594 1201 2652 c,

111 2658 172 2717 ὀόὲ
190 2658 338 2715 τοσοῦτόν
359 2678 411 2727 μοι
428 2660 529 2733 δέλεαρ
549 2676 639 2713 κατα·
675 2668 704 2726 2,
723 2665 752 2716 l:
771 2667 818 2715 Sin
834 2671 918 2715 butan
934 2671 1055 2715 mirantur
1069 2680 1133 2729 uper
1146 2666 1204 2729 fila-

111 2737 181 2790 πιών
198 2735 369 2803 ἐφειστήκει
381 2736 640 2807 θαπτομένῳνρῴ-
676 2741 723 2801 n't,
747 2744 788 2801 ut,
809 2744 887 2803 putu,
911 2740 1000 2802 baptis
1013 2741 1088 2802 portas
1105 2745 1204 2790 cantum

110 2831 144 2880 ην
168 2810 320 2879 ἐπιγελῶν.
352 2838 379 2849 -
407 2812 502 2877 crtarn]
531 2814 637 2862 Luciau.
677 2815 740 2874 cet,
766 2813 813 2863 ubi
838 2812 917 2877 paulo
943 2816 1004 2863 ante
1031 2817 1072 2863 eat
1096 2814 1204 2876 aoecnipti

110 2890 217 2941 ibid.3:
249 2890 324 2951 (Vos,
343 2888 493 2951 captatores
502 2887 517 2951 ,i
535 2884 640 2952 καινήν
676 2902 765 2939 causo.
786 2912 814 2923 -
836 2888 1009 2953 praenomine]
1035 2891 1203 2939 Praenomen

110 2980 171 3015 τινα
188 2958 303 3028 ταύτην
317 2962 423 3026 τέχνην
437 2958 640 3026 ἐπινενοήκατε
677 2963 728 3014 civi
752 2960 837 3012 libero
859 2963 998 3027 proprium
1020 2966 1048 3013 et
1069 2964 1140 3013 inter
1156 2977 1204 3013 co-

112 3038 205 3109 γραῶν
223 3038 276 3087 καὶ
292 3032 435 3106 γερόντων
445 3030 578 3107 ἐρῶντες,
590 3036 640 3087 καὶ
676 3040 771 3100 gnatos
782 3036 980 3100 familiaresque
991 3039 1126 3088 usitatum.
1146 3039 1201 3089 Cir.

111 3113 239 3179 passura
256 3115 283 3163 ει·
304 3106 421 3162 ἄτεκνοι
442 3108 507 3161 slav.
537 3113 639 3163 Seneca
677 3112 858 3173 situaai.
889 3114 943 3162 Cic.
954 3111 989 3161 ad
1001 3112 1146 3173 Fam.t,9,
1161 3112 1201 3163 ts.

17 3182 18 3195 ¹
114 3190 144 3239 de
160 3188 256 3240 Beuef.
270 3189 299 3247 6,
318 3188 363 3237 38;
384 3186 534 3237 martium
550 3193 574 3237 at
584 3188 641 3237 liu·
678 3188 708 3245 0.
723 3186 817 3237 Cicero
829 3186 864 3235 de
877 3188 931 3235 Pet.
945 3188 1025 3236 Cons.
1039 3186 1067 3246 i,
1087 3188 1133 3238 28:
1153 3186 1202 3247 oui

114 3266 201 3314 crima
218 3268 244 3314 et
258 3266 367 3322 ceteros,
393 3261 437 3323 qui
457 3263 641 3323 captandorum
677 3262 782 3323 nuptm
797 3261 918 3311 Antonius
929 3260 1204 3323 muuqeoaquotu-

114 3342 315 3389 morum
339 3341 421 3386 mtem
442 3336 548 3398 professi
573 3342 638 3386 aaut.
676 3334 968 3394 uituroudomtcttiom,
988 3348 1049 3396 quos
1062 3348 1110 3395 par
1123 3347 1204 3383 seam

116 3414 165 3463 Emi
192 3414 268 3462 recte
297 3410 396 3460 dicitur
420 3422 505 3459 arcein
530 3411 642 3460 omilim
676 3411 777 3461 omna
792 3409 921 3472 sapatum
936 3422 986 3457 uon
1001 3408 1101 3471 pontt?
1128 3410 1201 3458 Pers.

115 3485 369 3549 proureiinquereu,
389 3488 479 3535 tanim
497 3485 540 3535 hic
556 3497 640 3548 prope
677 3486 705 3545 a,
725 3484 770 3534 79:
789 3486 894 3534 ramea
908 3484 1003 3533 Duum.
1040 3480 1137 3544 (Simile
1154 3483 1205 3532 Ar·

116 3561 240 3611 ridiculus
259 3564 302 3610 esi
319 3572 395 3609 error
413 3559 497 3610 Codd.
512 3558 573 3622 aliq.
678 3559 756 3609 eadio
773 3558 913 3609 consilium
938 3556 1052 3621 praebet
1075 3556 1204 3618 synesius

146 3636 234 3685 tici.
258 3636 281 3683 st
297 3648 338 3684 res
354 3634 500 3698 certabitur]
519 3635 572 3685 Cir.
586 3634 639 3683 Sat.
678 3635 711 3685 de
729 3636 820 3698 Regno
832 3633 871 3684 ii.
884 3646 911 3697 p.
925 3633 967 3682 ai.
993 3630 1129 3693 iirabiug.,
1148 3634 1204 3680 uta

117 3711 143 3771 i,
161 3711 189 3769 t,
207 3709 250 3760 ta.
275 3709 330 3759 Ην.
344 3710 389 3768 iii,
409 3708 438 3758 a:
464 3709 506 3757 cui
524 3706 640 3772 (multae)
678 3708 748 3759 duce
773 3720 860 3771 usque
885 3707 920 3758 ad
944 3706 1084 3770 signiferos
1109 3719 1204 3756 omues

117 3786 247 3833 mundus
274 3796 333 3833 casm
361 3784 413 3833 cites
437 3784 582 3833 adumbret.
611 3806 639 3818 -
678 3783 728 3835 sibi
747 3785 825 3832 notos
841 3782 999 3831 nominatim
1016 3779 1151 3844 appellare
1169 3794 1204 3831 ne

118 3858 181 3922 olba]
199 3858 372 3923 «aliquando,
400 3860 474 3908 certo
492 3860 641 3920 tempore.»
678 3857 846 3919 dedignetur.
887 3856 962 3906 conf.
981 3854 1055 3905 ovid.
1074 3857 1104 3906 Α.
1122 3857 1152 3904 Α.
1171 3856 1202 3915 2,

123 3960 146 3969 -
161 3934 228 3984 Vivat
238 3959 250 3970 ·
260 3959 272 3970 ·
283 3932 420 3996 improbus]
433 3933 555 3983 Refertur
566 3944 642 3995 prae·
678 3932 741 3982 253:
760 3930 866 3980 Nomina
882 3942 1003 3993 quotaque
1021 3929 1147 3992 (servum)
1159 3942 1205 3979 suo

118 4008 208 4058 sertim
229 4006 263 4056 ad
284 4006 369 4057 litium
391 4008 547 4057 iniustarum
568 4006 642 4056 culu—
678 4005 760 4069 (nullu
776 4009 814 4055 cst
831 4002 942 4067 ustura)
953 4004 1059 4068 saluta.)
1072 4032 1099 4040 —
1112 4004 1205 4069 nullas]

118 4079 441 4145 mutarumqueatudium.
472 4080 643 4143 Aliiiungunt
679 4092 765 4143 «quae
782 4077 915 4130 blanditiis
932 4078 1093 4143 permulcen'
1115 4081 1206 4130 amant

119 4168 143 4206 v.
160 4156 286 4219 inprobus
310 4168 373 4206 eum
394 4168 420 4205 u.
438 4158 519 4216 vocet,
547 4168 641 4206 verum
679 4158 718 4215 et,
737 4156 825 4205 unua
838 4152 1049 4217 permulceatur,
1063 4153 1206 4204 offendun-

120 4232 157 4282 sie
174 4233 250 4284 nimis
268 4230 470 4283 cumularentur
487 4244 528 4281 vv.
545 4231 642 4293 impro-
678 4232 747 4279 tur.»
782 4229 847 4279 i’fin.
861 4230 956 4292 Paneg.
971 4229 1017 4279 68:
1039 4229 1122 4279 Scires
1139 4227 1205 4276 moi-
