2925 4892
235 334 298 401 296
622 334 752 386 nonant
769 334 952 389 sarrnanuu

278 492 359 561 Utne
381 502 487 579 tegam
509 510 627 579 spureo
649 492 773 559 Damae
794 490 902 558 latus?
924 491 1018 558 Haud
1043 492 1087 558 ita
1108 492 1221 559 Troiae

277 615 328 681 lle
350 614 437 701 gessi
459 622 588 680 certans
610 633 741 701 semper
762 612 961 681 melioribus.
1005 614 1090 701 Ergo

276 737 405 822 Pauper
426 736 501 802 eris.
546 738 674 803 Fortem
696 734 758 802 hoe
779 735 923 802 animum
944 733 1084 802 tolerare
1106 734 1244 816 iubeb03
1281 737 1326 802 20

277 858 316 923 Et
337 855 500 945 quondam
522 856 645 924 maiora
667 854 734 922 tuli.
778 858 824 922 Tu
846 856 1007 944 protinus,
1030 854 1118 923 unda

276 978 410 1045 Divitias
432 977 584 1065 aerisque
606 998 715 1055 ruam,
739 976 793 1044 dio
814 998 932 1065 augur,
956 997 1102 1045 acervos.

276 1099 348 1165 Dixi
371 1098 525 1187 equidem
550 1108 583 1166 et
604 1098 692 1165 dioo:
716 1108 827 1187 captes
849 1108 974 1165 astutus
996 1098 1119 1187 ubique

277 1222 481 1287 Testamenta
502 1240 629 1297 senum,
654 1241 733 1298 neu,
757 1222 784 1286 si
803 1220 893 1287 valer
914 1241 998 1285 unus
1020 1230 1053 1287 et
1074 1219 1154 1287 alter

278 1340 501 1409 Insidiatorem
523 1361 679 1441 praeroso
702 1341 819 1429 fugerit
839 1340 949 1419 hamo,
989 1374 992 1380 ,
1282 1344 1325 1410 25

302 1523 342 1572 ⁴8.
361 1522 423 1572 haut
439 1522 468 1573 E.
489 1548 519 1559 —
547 1522 615 1573 troia
631 1522 661 1572 Ε.
682 1547 710 1557 -
736 1521 778 1571 2⁰.
795 1519 882 1572 uidebo
898 1519 925 1570 h.
945 1546 975 1557 —
1001 1520 1042 1569 tl.
1062 1522 1159 1571 maiore
1183 1522 1290 1585 (animo)

267 1598 297 1648 E.
319 1622 346 1633 -
361 1602 482 1659 protenus
498 1595 583 1648 Bentl.
604 1625 631 1635 -
656 1596 697 1647 22.
715 1608 806 1648 oruorn
822 1610 850 1659 o,
875 1602 974 1647 stntorn
990 1597 1132 1647 Schrader.
1152 1624 1181 1635 -
1200 1595 1241 1649 il.
1260 1611 1293 1647 ne

270 1684 403 1737 supersor.
422 1686 440 1722 n
456 1669 483 1721 b.

236 1822 410 1875 animadverti
423 1822 760 1888 nonpoterat‚uterprio-
797 1821 851 1871 anit
865 1822 970 1872 tiaran
985 1822 1080 1872 Dana.
1117 1821 1194 1872 utino
1208 1834 1326 1871 unwor-

235 1912 294 1951 ram
314 1899 405 1951 locum
425 1900 452 1950 iu
468 1896 631 1949 ambulando
646 1909 761 1961 oocupa-
795 1896 1053 1960 teramnanae.»
1072 1894 1111 1946 cl.
1125 1896 1177 1947 Sat.
1192 1896 1263 1956 t‚o‚
1280 1895 1323 1946 38.

236 1976 303 2025 rat.»
331 2000 360 2011 -
388 1974 448 2023 lltne
473 1972 535 2035 cet]
561 1973 588 2021 in
613 1984 693 2035 prosa
719 1984 758 2020 or.
800 1994 828 2006 -
866 1969 978 2034 antam]
1013 1968 1184 2021 «aemulatus
1213 1981 1327 2034 semper

237 2061 338 2112 «agone
355 2048 385 2097 nt
403 2048 525 2110 legam‘l»
553 2047 658 2097 Terent.
677 2044 759 2101 Andr,
798 2042 927 2095 Achillem
944 2047 971 2093 et
990 2046 1125 2095 Aiacem.»

237 2124 267 2183 l,
285 2123 313 2183 5,
337 2122 387 2171 28:
415 2122 478 2171 Eine
500 2133 545 2183 eoo
566 2124 596 2169 nt
619 2117 762 2169 αονονεονλ
829 2119 919 2169 stt-aa
937 2118 991 2183 lton]
1009 2131 1062 2169 non
1081 2118 1262 2182 «paupertatis
1280 2118 1326 2168 in-

194 2196 204 2214 *
236 2196 306 2247 Scite
329 2196 408 2247 heros
425 2208 479 2245 non
496 2195 553 2245 sine
570 2192 657 2257 aliqua
674 2195 762 2243 retra-
798 2192 985 2245 commodum»
1009 2194 1047 2257 (ut
1067 2194 1205 2243 Daoierius
1226 2192 1326 2257 aliique

235 2271 350 2321 statione
383 2269 499 2319 Tiresiae
533 2267 761 2319 exhortationibus
799 2267 1032 2332 exposuerunt‚id
1045 2267 1117 2330 quod
1128 2280 1213 2331 prope
1224 2271 1328 2332 pugnat

237 2357 330 2397 aurem
352 2343 473 2411 praebet.
495 2370 522 2381 -
541 2341 761 2407 naamanin]
798 2355 860 2393 cum
877 2354 955 2405 seqq.
981 2341 1017 2391 Tu
1034 2342 1153 2403 protinus
1174 2341 1248 2406 eet),
1274 2341 1327 2393 sed

237 2422 328 2471 luvan.
339 2418 364 2481 3,
378 2418 441 2469 tat:
464 2418 606 2468 Dioitlslrto
616 2417 763 2468 sornialon·
799 2417 884 2468 «hane
900 2418 988 2480 ipsam
1010 2416 1194 2479 ignominiam,
1219 2418 1249 2465 ut
1273 2416 1328 2466 ho-

236 2496 273 2545 dit
304 2494 370 2545 lotan
395 2494 562 2557 inpensarum
588 2492 679 2543 Filias:
714 2491 762 2542 ubi
798 2491 862 2541 mini
888 2489 1011 2555 improbo
1033 2492 1113 2554 atqua
1139 2489 1231 2540 inlami
1256 2487 1327 2541 latrrs

212 2568 215 2575 '
236 2567 335 2621 solsol:
355 2569 397 2619 nin
413 2566 675 2619 sinistraamhulat.r
694 2568 762 2617 Sua-
798 2568 899 2629 tegam,
918 2566 1051 2629 patienter
1067 2563 1216 2623 toleraho;·
1236 2566 1267 2614 ut
1282 2577 1328 2615 re-

236 2646 291 2695 ton.
311 2642 402 2694 Claud.
421 2643 470 2694 il:
499 2644 597 2695 Phntlo
621 2644 762 2693 ouationem
799 2643 841 2691 cte
866 2641 1057 2704 interpretatus
1082 2640 1124 2689 est
1148 2640 1273 2688 Dttntzor.
1294 2665 1325 2675 -

236 2719 344 2769 decrerit
366 2716 508 2780 (Claudius)
530 2720 689 2783 inpressoque
713 2731 761 2767 nr-
797 2716 906 2765 tolerare
921 2714 1016 2779 iubebo]
1039 2712 1151 2763 Parodla
1172 2712 1326 2774 Homerica,

236 2791 290 2843 born
305 2792 405 2842 obviam
425 2806 573 2855 promenus
592 2798 615 2843 et
640 2794 666 2842 ln
684 2792 762 2855 Copi-
798 2791 894 2854 Odyss.
905 2804 936 2851 o,
950 2790 995 2839 te:
1013 2783 1196 2852 Τέτλαθτδή,
1208 2784 1325 2855 κραδίη·

236 2868 323 2918 toliurn
339 2868 446 2917 sentiet
462 2867 763 2918 indernrsnsreoarlentt
798 2864 847 2915 not
872 2860 1009 2935 κύντερον
1033 2856 1106 2912 ἄλλο
1132 2863 1195 2912 ποτ
1221 2858 1326 2926 ἔτλης,

237 2944 318 2992 totns
334 2943 420 2991 texit.
455 2942 564 3006 Eutrop.
578 2944 607 3002 t,
627 2942 672 2992 ta:
701 2942 761 2993 Tam
799 2954 853 3004 quo
864 2940 942 3001 qnasi
958 2937 1102 3003 proverbio
1120 2938 1147 2987 ln
1158 2935 1256 2988 scholls
1267 2939 1329 2987 ute-

235 3016 316 3066 mallis
330 3017 400 3066 circa
416 3016 539 3077 quosdam
555 3016 649 3065 amieos
668 3018 763 3067 asstitit
797 3015 904 3065 bantur.
940 3014 1045 3065 Maxim.
1058 3014 1119 3075 Tyr.
1133 3014 1164 3073 t,
1182 3012 1214 3061 7:
1231 3005 1329 3078 Ἀνάγ-

238 3090 391 3155 (Claudius),
408 3096 436 3140 nt
452 3092 528 3140 etiarn
537 3091 663 3141 Plautiano
673 3093 762 3141 triant-
798 3106 836 3155 κη
852 3084 905 3139 τὸν
915 3082 1110 3160 ἀνθρωπίνοις
1127 3082 1329 3152 συμπτώμασι

232 3166 354 3229 plantem
373 3166 426 3229 ipso
440 3170 584 3227 moreretur
600 3170 623 3215 et
644 3179 762 3217 consent-
799 3160 1043 3235 περιβαλλόμενον
1069 3158 1207 3223 πολλάκις
1231 3159 1326 3228 βοᾷν·

236 3241 303 3292 danti
328 3240 479 3302 Capitolium
506 3240 613 3290 laeuus
638 3240 762 3290 incede-
799 3238 921 3290 Τέτλαθι
936 3237 995 3289 κτλ.
1017 3262 1044 3273 -
1061 3237 1186 3302 protinus]
1203 3238 1235 3286 ln
1248 3236 1325 3298 Virg.

234 3320 293 3365 ret.
333 3314 421 3379 Tenere
445 3313 670 3376 mendicabant,
698 3316 761 3379 quia
797 3312 977 3375 Aen.3,ll6.
997 3311 1255 3375 edebantprotensu,
1274 3310 1330 3360 sed

235 3390 342 3441 laevum
368 3388 435 3441 latus
456 3388 586 3440 infirmius
604 3390 631 3439 et
651 3403 762 3455 aggres-
798 3390 916 3453 Wagner
926 3389 952 3438 in
965 3386 1033 3439 Edit.
1047 3388 1168 3450 Orthogr.
1178 3385 1299 3448 protiw
1310 3398 1329 3434 e

235 3466 302 3518 sioni
325 3466 410 3528 magis
433 3464 582 3529 expositum
608 3467 658 3515 est.
694 3466 761 3517 llulo
798 3463 863 3514 Cod.
883 3462 1011 3514 Medieeo.
1037 3486 1064 3497 -
1089 3462 1175 3522 ruam]
1199 3471 1326 3519 «eruam,

235 3536 431 3611 ἀντίστροφον
450 3542 504 3590 est:
532 3540 598 3601 qaod
611 3540 762 3600 pnnwsto-
798 3551 912 3603 propere
938 3538 1003 3588 mihi
1032 3549 1154 3601 parem.»
1193 3535 1224 3584 t.
1249 3545 1330 3585 mm

235 3617 281 3665 tim
296 3616 350 3677 dio,
370 3614 508 3677 (Traiana)
526 3614 593 3662 latus
612 3617 683 3663 tuum
704 3628 761 3665 rre-
798 3612 933 3662 transitive
950 3613 1108 3675 usurpatum
1124 3612 1179 3669 est,
1197 3606 1327 3658 utPlaut.

235 3692 304 3740 dnos
320 3688 458 3739 omnibus.»
484 3686 758 3750 Plin.Paneg.T3.-
797 3686 1005 3747 nud.2‚6‚sa:
1024 3685 1331 3743 lotnucorrnorapom

233 3762 341 3827 Damna]
361 3762 477 3813 «homini
493 3759 570 3811 alicui
588 3760 630 3811 rili
647 3774 679 3811 ao
695 3775 760 3826 per·
796 3760 882 3810 nieles
897 3761 1005 3811 dloitim
1042 3760 1112 3823 virg.
1135 3762 1181 3810 Ge.
1205 3759 1235 3819 l,
1257 3758 1328 3807 ton:

234 3839 303 3900 dito,
321 3835 429 3901 qualem
442 3838 470 3886 tu
482 3835 672 3899 descripsistis
701 3837 758 3887 Nou
795 3834 1093 3896 mmntmqmrattmon
1105 3833 1328 3899 planteam.

233 3913 340 3966 videtur
356 3923 471 3977 persona
489 3911 576 3969 certa,
603 3923 673 3973 quae
695 3914 759 3961 tunc
795 3912 861 3959 Aen.
880 3910 925 3971 ll,
944 3910 1010 3960 att:
1040 3914 1064 3958 et
1088 3909 1195 3972 nonnoso
1217 3906 1333 3957 meent

234 3991 260 4038 in
282 3988 348 4037 rivis
371 3985 459 4045 luerit,
487 3985 535 4035 sed
558 3997 656 4035 nomen
681 3998 758 4036 eom·
796 3982 927 4046 (celeriter
954 3982 1127 4047 colligebant)
1156 3982 1220 4031 ono
1250 3980 1327 4043 socia

234 4074 314 4114 mune
340 4060 454 4111 hominis
471 4057 574 4110 sarvllis
598 4057 649 4109 loci
675 4062 756 4122 atque
795 4057 879 4109 Codd.
901 4057 962 4122 aliq.
984 4070 1073 4107 mern
1101 4060 1143 4107 est
1170 4052 1329 4119 glossema3

233 4134 342 4195 indolis,
368 4136 398 4184 ut
422 4146 483 4184 mox
509 4147 535 4183 v,
557 4134 613 4183 l0l.
633 4136 660 4183 et
685 4134 756 4198 apud
793 4138 890 4183 struant
907 4136 998 4184 autem
1015 4130 1232 4182 illudselrraderi
1243 4128 1330 4183 llllxis

232 4212 353 4265 Persium
375 4212 402 4270 5,
430 4209 479 4260 78:
505 4214 627 4260 momento
651 4208 758 4260 turbinis
792 4210 972 4275 impatientiae
982 4208 1054 4260 haud
1066 4207 1233 4259 convenitne
1244 4218 1335 4271 prae·
