2925 4892
505 370 563 421 litt.
582 370 601 419 l.
640 370 707 421 SAT.
726 370 756 419 V.
1140 372 1180 433 9:⁸5

135 527 168 589 ,ti
191 526 275 591 ioret
296 535 428 591 exsecto
450 526 551 601 bons,
576 526 693 613 inquit,
717 524 797 613 quid
820 524 959 600 iaceres,
984 547 1056 593 cum

134 647 185 712 Sic
206 645 341 713 mutilus
365 646 546 713 minitaris?
567 648 606 713 At
627 644 671 711 illi
693 646 788 712 ioeda
810 646 940 713 cicatrix
1137 650 1178 713 60

135 768 283 833 Setosam
304 765 389 833 laevi
411 767 549 833 frontem
571 776 758 855 turpaverat
779 768 855 833 oris.

133 888 333 975 Campanum
354 889 387 952 in
409 888 579 965 morbum,
602 889 634 953 in
655 888 771 955 lacicm
792 887 953 976 permulta
975 890 1113 962 iocatus.

132 1011 300 1075 Pastorem
322 1007 454 1076 saltaret
474 1009 521 1073 uti
543 1008 686 1098 Cyclopa
709 1009 857 1096 rogabat:

132 1129 178 1193 Nil
200 1128 244 1194 iiii
269 1127 360 1195 larva
383 1140 439 1195 aut
460 1130 591 1217 tragicis
613 1150 696 1218 opus
718 1150 793 1197 esse
816 1130 989 1197 cothurnis.

131 1250 225 1315 Multa
247 1249 415 1316 Cicirrbus
436 1227 599 1317 adhaec:
622 1252 784 1317 Donasset
806 1252 912 1319 iamne
934 1262 1081 1321 catenam
1136 1256 1176 1320 iiii

131 1372 173 1436 Ex
194 1381 272 1437 voto
294 1370 449 1449 Laribus,
472 1371 667 1459 quaerebat3
690 1372 798 1439 scriba
820 1373 908 1461 quod
932 1386 1035 1452 esset,

119 1551 190 1673 &aad
206 1552 337 1634 maranes
352 1562 393 1614 pr.
414 1550 446 1610 d,
473 1553 599 1613 quattuor
616 1552 733 1601 Pottierii
753 1552 777 1611 7,
801 1552 841 1609 44,
863 1552 905 1613 48,
927 1554 968 1603 ἥ.
992 1558 1020 1604 et
1037 1568 1069 1605 ex
1086 1554 1143 1606 aliis

154 1639 171 1673 a
191 1637 263 1674 erus,

88 1773 225 1835 l,6,66:
250 1773 614 1835 Pietatetaclarrartmeaat-
650 1774 719 1822 aaa.
749 1773 803 1822 Cic.
823 1772 918 1823 deor.
938 1774 967 1835 Ξ,
996 1776 1042 1835 49,
1069 1776 1126 1825 239.
1148 1804 1174 1813 -

87 1860 131 1906 aar
145 1848 277 1895 maiam
291 1848 385 1895 meam.
651 1848 809 1909 &manem
830 1848 857 1897 ia
874 1848 997 1914 morbum]
1016 1851 1087 1900 «Hoc
1104 1852 1176 1902 enim

114 1920 202 1971 att-63.
229 1920 344 1983 Accipio]
371 1922 461 1970 «tuam
480 1933 613 1983 provoca·
650 1921 1177 1987 quasianaturacampanislereomni-

86 1995 285 2057 tiouemeaque
303 1993 369 2044 mibi
385 2006 498 2057 prorsus
514 1994 611 2057 placeb
650 1994 702 2045 bue
727 1996 811 2056 inest,
839 1999 868 2045 ut
893 1998 985 2061 capitis
1010 1998 1176 2063 temporibus

86 2072 111 2116 et
126 2068 171 2117 tibi
188 2069 290 2132 (capite
308 2068 449 2117 minaciter
468 2070 549 2130 moto)
567 2069 614 2119 de·
650 2082 762 2131 magnae
791 2083 920 2122 verrucae
952 2073 1122 2123 innascantur
1148 2075 1175 2124 ia

86 2142 239 2193 monstrabo
267 2154 314 2191 me
339 2154 454 2193 revera
477 2144 539 2206 eqni
564 2143 613 2192 leri
650 2144 760 2194 modurn
778 2158 923 2196 cornuum:
942 2160 1082 2209 quoscum
1095 2146 1174 2197 incidi

86 2215 195 2266 similem
206 2228 300 2267 esee.»
316 2243 345 2251 -
358 2220 404 2265 lua
414 2216 476 2279 cet]
494 2217 521 2265 in
532 2228 612 2280 prose
649 2217 761 2281 iaciunt,
780 2220 917 2271 cicatrices
929 2222 954 2271 in
967 2220 1053 2271 ironle
1067 2225 1176 2273 manent

85 2292 211 2341 ambone:
230 2291 612 2342 anisicornuloretexseotum
649 2295 725 2355 qnasi
746 2297 824 2344 notae
844 2298 1014 2347 caseatorum
1032 2308 1172 2347 cornuum.

86 2366 157 2415 nonii
174 2368 269 2415 tuae.»
284 2392 313 2401 -
326 2366 612 2430 castanearum
648 2367 678 2416 ln
694 2368 766 2418 bunc
784 2381 847 2432 ergo
864 2368 989 2429 morbum,
1009 2369 1035 2418 id
1053 2372 1108 2429 est,
1133 2370 1175 2420 la-

86 2438 322 2490 tenibilisloreel·
336 2440 612 2503 -miaitarisienunc
649 2442 699 2491 clei
723 2443 831 2501 vitium,
861 2456 915 2506 quo
942 2444 1070 2507 Campani
1098 2442 1175 2494 labo-

86 2515 200 2577 ipsum»;
227 2517 323 2577 itaque
339 2515 498 2566 indicativus
515 2515 612 2565 modus
648 2519 721 2574 rant,
747 2518 850 2567 iocatur
871 2520 1052 2569 sarmentus.»
1088 2520 1172 2569 Corra.

86 2591 234 2651 apt'ssimus
272 2590 322 2638 est.
368 2590 454 2639 Minus
487 2592 612 2639 accurate
649 2590 728 2647 Cano.
773 2592 820 2640 Est
850 2592 953 2654 primus
986 2590 1176 2653 elephantiasis

85 2662 226 2714 Bensseius:
257 2663 471 2725 «antiquiores»
499 2663 612 2725 (Editio-
648 2663 756 2725 gradus.
801 2666 839 2713 Dc
863 2662 1014 2727 syphilitide
1037 2676 1100 2713 cum
1123 2665 1175 2713 lto-

86 2750 142 2797 nes,
155 2736 551 2801 utiqueettampraestansilla
562 2738 613 2787 Ve-
648 2736 807 2789 senbaumio
849 2736 960 2799 aliisque
1005 2736 1174 2799 cogitandum

86 2811 248 2873 natalitii.)
269 2811 417 2869 «macru,
436 2812 612 2862 cummaiore
649 2824 703 2861 noa
728 2812 779 2860 est.
807 2838 833 2847 -
858 2812 985 2860 Pastorem
1009 2811 1115 2860 saltaret
1138 2812 1176 2860 uti

86 2890 154 2947 parte
172 2884 427 2935 membranarum.»
454 2885 506 2935 sed
519 2886 611 2950 optimi
648 2885 770 2949 canapo]
797 2886 842 2933 «ut
866 2884 986 2935 saltando
1013 2883 1173 2949 Cyclopem,

86 2962 179 3023 quique
192 2958 312 3009 Codices
324 2960 391 3019 mei,
409 2958 535 3020 oberlini,
553 2960 613 3009 Pot·
649 2959 737 3009 lerum
762 2956 834 3009 illurn
860 2958 983 3009 Galateae
1009 2962 1172 3018 amatorem,

86 3034 147 3083 tierii
162 3035 232 3084 satis
251 3034 361 3082 meatur
381 3032 561 3083 indicativum.
582 3058 611 3069 —-
650 3034 799 3083 imitaretur
826 3046 857 3081 nc
885 3033 1023 3083 referret.»
1059 3034 1111 3084 Cir.
1139 3033 1175 3085 ad

86 3109 112 3155 ll
125 3108 162 3157 illi
179 3108 248 3169 cet]
269 3108 416 3157 «Graecum
426 3104 459 3157 δέ
474 3112 564 3170 perat
577 3108 613 3157 ita
649 3108 717 3172 app.
730 3108 760 3167 2,
778 3107 807 3167 Ξ,
827 3106 889 3157 tel:
907 3114 935 3157 at
952 3108 994 3169 qai
1011 3109 1084 3159 Nunc
1100 3110 1175 3170 Sato-

87 3184 237 3245 exprimunt
268 3181 394 3244 (poetae),
423 3184 454 3231 ut
481 3181 613 3245 oppositio
649 3195 721 3242 nen,
740 3194 806 3229 nunc
823 3186 945 3244 oprertem
962 3181 1071 3244 Cyclopa
1088 3196 1174 3233 moue

87 3255 127 3305 liat
140 3270 197 3307 non
213 3256 370 3316 notionum,
390 3256 439 3306 scd
457 3256 611 3318 imaginum,
649 3261 699 3305 tar.
736 3255 766 3304 V.
779 3254 873 3304 aalma
890 3256 928 3305 sic
941 3268 1003 3305 cum
1022 3258 1174 3307 accusativo

87 3330 132 3379 boe
141 3334 200 3386 est.
220 3332 254 3379 ut
265 3330 428 3379 contrarium
441 3342 494 3379 non
511 3330 538 3379 in
555 3330 613 3393 ipsa
651 3330 731 3379 etiam
746 3328 773 3378 in
783 3341 863 3392 prose
875 3340 914 3378 or.
927 3326 1018 3377 Vellei.
1032 3331 1134 3379 Patere.
1147 3330 1173 3390 2,

88 3417 124 3465 re,
144 3405 198 3457 sed
215 3405 245 3454 in
263 3402 394 3454 locatione
411 3405 547 3468 appareat.
583 3402 613 3453 ld
649 3404 694 3454 83:
712 3403 819 3453 Planceu
834 3403 1176 3452 arm--Gloaciensollae-

87 3481 171 3530 autem
199 3477 350 3542 plurimum
376 3478 406 3527 lit
433 3478 459 3527 in
485 3479 612 3529 extremis
648 3484 691 3528 sel.
710 3478 796 3527 Etiam
809 3476 1079 3540 passiveusurpatur.
1098 3476 1172 3527 ovid.

87 3554 218 3612 rersibus,
245 3553 277 3601 ut
292 3551 411 3613 videtur,
438 3551 473 3601 ad
489 3549 613 3602 attolien·
649 3554 725 3603 lrist.
738 3553 769 3611 i,
788 3550 849 3599 ula:
876 3550 909 3598 at
928 3561 986 3599 ntea
1005 3554 1063 3599 atat
1080 3550 1175 3612 papirio

88 3626 156 3687 deam
176 3640 251 3691 quae
269 3628 297 3676 in
315 3626 369 3676 tine
385 3638 512 3677 versuum
524 3625 613 3690 depri·
647 3627 743 3676 saltata
755 3627 877 3687 acenteta
888 3636 969 3685 saepe.
985 3648 1014 3659 -
1026 3623 1109 3688 larua]
1122 3636 1174 3675 non

88 3704 179 3763 mitur,
197 3702 330 3752 orationis
340 3701 405 3750 vim.
434 3701 613 3751 liubi-atilli
648 3702 691 3751 est
706 3698 861 3763 simpliciter
880 3712 1003 3760 persona,
1030 3698 1080 3748 scd
1101 3712 1175 3768 μορ-

88 3774 220 3837 dicuntur,
248 3778 296 3840 qui
320 3788 419 3839 graece
441 3776 472 3824 ol
490 3775 614 3839 μέν-οἱ
647 3770 823 3840 polemon,
843 3786 974 3837 «persona
991 3772 1109 3823 horribili
1126 3787 1174 3825 sua

87 3846 123 3899 δέ.
155 3854 260 3901 Lucan.
278 3850 308 3909 4,
327 3851 372 3900 36:
398 3850 443 3899 llis
457 3851 538 3900 virtuts
557 3851 612 3913 fer-
649 3849 715 3900 lacie
732 3851 864 3899 umorem
882 3848 1038 3899 incutiens.»

88 3939 189 3987 mque
202 3927 287 3975 mea
300 3924 439 3987 womutlt,
457 3929 486 3973 at
500 3925 549 3974 iltis
558 3925 613 3987 lpse
682 3924 770 3974 tta-70.
789 3924 912 3973 Donasset
922 3922 984 3987 cet]
998 3923 1176 3973 «consecras-

88 4000 179 4050 bear.·
217 3999 295 4051 Hand
319 4001 394 4049 Ture.
413 4000 432 4048 l.
454 4012 480 4063 p
499 3998 543 4049 424
569 4012 610 4063 sq.
649 4001 725 4048 setae
742 3998 767 4047 in
785 3999 889 4060 signum
907 3995 1035 4046 libertatis
1047 4000 1174 4060 acceptae

91 4100 115 4109 -
134 4074 254 4139 maie]
278 4074 317 4124 Ex
338 4073 509 4135 aanuorum
530 4084 612 4122 sensu
649 4074 771 4123 catenam
785 4070 910 4131 Laribus,
930 4073 959 4121 ut
975 4071 1080 4133 ingenui
1098 4071 1175 4133 pueri

90 4154 121 4196 cal
134 4152 213 4199 αὸωι
229 4148 397 4211 calamitatis
413 4150 437 4195 et
453 4147 614 4208 romarisvi-
650 4148 765 4209 (sumpta
783 4144 850 4195 virili
869 4145 936 4208 toga)
954 4144 1041 4194 bullas
1059 4148 1086 4193 et
1097 4141 1174 4207 puel-

14 4279 15 4284 ,
90 4223 177 4273 turrea
192 4226 255 4273 satia
269 4222 508 4273 bellamalen‘esaa
524 4222 613 4271 meao-
648 4220 690 4270 lae
712 4221 835 4283 pupasi»
866 4218 1002 4283 (Similiter
1024 4220 1064 4267 vlr
1090 4218 1174 4265 iustus
