2925 4892
254 365 317 430 750
734 359 864 410 nonnrn

295 519 505 587 Nanciscetur
526 517 612 584 enim
633 517 774 604 pretium
795 533 978 600 nomenque
1001 520 1133 599 poetae,

297 641 330 708 Si
353 639 456 706 tribus
476 639 635 728 Anticyris
656 647 754 725 caput
774 633 952 702 insanabile
974 653 1139 721 nunquam
1278 631 1334 696 300

297 761 431 826 Tonsori
453 760 564 826 Licino
585 757 790 824 commiserit.
836 758 865 823 Ο
888 777 949 843 ego
972 749 1098 830 laevus,

297 880 360 961 Qui
381 900 503 967 purgor
524 879 622 946 bilem
643 876 704 945 sub
726 878 816 944 verni
841 877 995 964 temporis
1016 876 1143 942 boram!

297 1004 367 1068 Non
388 1000 471 1066 alius
491 1001 612 1066 luceret
632 997 766 1065 meliora
788 1005 953 1086 poemat-¹13
976 1017 1086 1063 verum

296 1121 344 1188 Nil
367 1122 443 1187 tanti
466 1129 524 1187 est.
569 1120 653 1206 lingo
676 1119 790 1205 iungar
813 1119 884 1185 vice
907 1119 1001 1193 cotis,
1025 1127 1155 1184 acutum

319 1300 377 1350 299.
390 1313 479 1349 nomen
488 1299 644 1360 pretiumque
655 1297 681 1346 d.
698 1325 725 1333 -
739 1297 796 1346 302.
806 1309 890 1359 perpe
903 1295 932 1356 d,
952 1295 1022 1358 uegit
1034 1298 1154 1359 septem,
1173 1297 1201 1344 et
1212 1293 1302 1344 Lamb.

290 1403 311 1411 -
329 1375 402 1424 oerni
417 1373 461 1422 sab
478 1371 544 1422 Cod.
559 1371 655 1422 Helieri
667 1374 694 1422 et
706 1369 835 1434 Cuningb.
851 1396 879 1406 -
893 1368 950 1421 3⁰l.
964 1370 1040 1419 tantis
1050 1373 1120 1432 temo
1131 1381 1166 1418 ex
1177 1369 1305 1432 scriptura

287 1449 373 1498 tantia
389 1449 418 1498 ll.
439 1475 466 1483 --
484 1448 578 1510 (uapor
594 1446 648 1496 duo
664 1445 736 1511 apud
753 1443 910 1495 Gonodium.

256 1607 329 1665 «Quo
348 1605 488 1656 videantur
511 1604 600 1654 divino
621 1603 665 1654 iilo
691 1603 779 1653 lurore
817 1615 879 1653 nam
891 1603 990 1652 bomini
1003 1601 1124 1666 quamvis
1135 1599 1273 1665 improbo,
1291 1600 1340 1650 sed

254 1680 361 1742 perciti,
388 1692 522 1730 summam
545 1678 731 1743 negligentiam
754 1678 779 1726 in
817 1676 851 1727 ab
868 1679 985 1740 Augusto
1003 1675 1148 1726 bonoribus
1166 1675 1276 1734 allecto,
1302 1676 1339 1724 sic

255 1765 368 1817 corpore
387 1755 506 1805 curando
523 1754 675 1804 affectant.»
690 1779 715 1788 -
735 1752 780 1801 tn·-
816 1749 927 1800 illudere
948 1753 990 1798 vix
1011 1752 1123 1813 poterat.
1159 1749 1252 1812 Utique
1274 1750 1341 1798 Lici-

255 1827 301 1876 bar
327 1828 454 1890 Anticaria
478 1828 548 1892 cet]
578 1827 714 1886 «insanin,
737 1825 779 1874 cui
815 1826 860 1886 ni,
886 1827 915 1875 ut
940 1825 990 1872 viri
1012 1823 1117 1886 indigne
1137 1823 1292 1886 praedivitis
1313 1825 1342 1872 el

254 1904 297 1950 ter
329 1904 433 1954 tantum
471 1900 614 1962 hellebori,
650 1901 778 1963 quantum
816 1899 1012 1964 praepotentis,
1037 1910 1135 1947 nomen
1153 1899 1247 1960 postea
1265 1898 1341 1960 quam

254 1976 396 2037 nnttcyme
420 1978 561 2040 quotannis
584 1975 695 2033 erescit,
720 1987 780 2023 me·
816 1973 841 2021 in
859 1971 992 2036 proverbii
1013 1971 1235 2022 consuetudinem
1253 1973 1339 2022 uenit:

255 2050 313 2101 deri
335 2063 389 2100 non
413 2052 509 2113 possit,
534 2049 560 2100 id
584 2052 638 2108 est,
668 2059 779 2112 prorsus
815 2049 888 2098 Pers.
906 2047 923 2097 l.
942 2045 958 2096 l.
977 2045 1084 2096 Martial.
1102 2046 1131 2106 8,
1151 2047 1181 2108 3,
1202 2047 1227 2096 6.
1248 2048 1339 2098 turen.

255 2122 435 2174 insanabilis.»
456 2124 509 2173 Cir.
527 2124 630 2173 adsat.
648 2124 673 2180 2,
692 2122 717 2180 3,
736 2121 776 2170 83.
816 2122 847 2182 l,
873 2121 929 2170 409.
959 2123 986 2170 et
1007 2118 1051 2180 ti,
1075 2120 1123 2170 305
1140 2133 1200 2184 sqq.
1231 2122 1339 2170 Sueten.

256 2223 284 2232 —
302 2195 396 2258 biano]
413 2197 513 2245 Licinio
529 2197 578 2247 luit
596 2197 674 2246 buius
691 2196 779 2245 bomi—
816 2195 905 2244 Octav.
920 2195 960 2244 67.
984 2194 1100 2244 Macrob.
1114 2195 1219 2244 saturn.
1232 2195 1262 2254 Ξ,
1276 2194 1302 2246 l.
1314 2209 1339 2259 p.

254 2270 295 2319 nis
307 2280 470 2330 cognomen,
483 2283 536 2320 nou
548 2271 658 2320 Licinias
669 2282 777 2330 nomen,
816 2270 863 2320 335
879 2283 919 2333 sq.
949 2267 1038 2318 Sidon.
1058 2267 1140 2332 Apoll.
1157 2270 1187 2329 b,
1206 2269 1231 2318 t.
1262 2269 1341 2319 Hora-

253 2345 283 2392 ut
295 2340 420 2391 scribitur
430 2353 559 2405 persaepe
570 2345 597 2392 in
611 2355 707 2407 prosae
720 2355 780 2392 ora·
815 2344 916 2392 tianum
940 2344 1031 2392 lamen
1059 2342 1178 2392 Licinum
1205 2343 1340 2394 diuersum

254 2416 332 2465 tionis
344 2413 530 2478 scriptoribus,
550 2416 777 2478 quemadmodum
815 2418 909 2481 putant
925 2418 1041 2466 Diintzer
1057 2419 1084 2466 et
1103 2414 1292 2479 Dillenburger
1307 2416 1338 2466 ab

256 2503 271 2539 e
289 2489 373 2540 Basilo
389 2486 548 2552 plerumque
568 2489 689 2540 lecerunt
704 2491 779 2539 Boti-
816 2503 858 2550 eo,
870 2491 914 2554 qui
924 2490 1031 2552 Augusti
1042 2489 1131 2540 lavore
1142 2489 1290 2540 buebatur.
1301 2490 1338 2540 Cl.

254 2564 325 2614 liuor.
341 2562 379 2624 (V.
390 2563 524 2612 onomast.
535 2560 700 2623 Tullianum.)
714 2565 780 2611 atio-
816 2562 936 2626 Madvigii
949 2563 1036 2626 Opaca.
1047 2563 1176 2613 Acadalt.
1189 2564 1273 2627 pilii
1281 2575 1338 2627 sqq.

254 2651 318 2688 men
336 2639 378 2687 est
394 2638 509 2687 tonsoris
533 2635 640 2696 famosi,
667 2636 712 2698 qui
728 2649 780 2698 po·
849 2637 906 2686 tot.
937 2637 993 2687 302.
1024 2637 1044 2686 0
1068 2636 1338 2700 epolaeoua1Virgil.

254 2714 313 2762 stea
334 2710 430 2761 dicitur
452 2709 537 2760 iactus
553 2713 661 2760 senator
678 2721 693 2757 a
711 2709 780 2757 Cae·
817 2708 871 2760 Ecl.
886 2713 910 2770 t,
921 2711 960 2760 tu.
971 2713 1071 2762 einen.
1081 2711 1106 2771 2,
1117 2709 1161 2761 tt:
1176 2711 1205 2760 Si
1215 2724 1339 2762 mennon

255 2799 329 2846 sare,
349 2784 422 2848 quod
439 2783 539 2834 odisset
555 2785 725 2848 Pompeium,
746 2782 780 2832 dc
817 2783 993 2846 lacoafaicsei.
1013 2787 1048 2835 «0
1060 2798 1103 2834 me
1116 2785 1256 2836 bominem
1267 2799 1340 2850 prae·

256 2872 310 2923 quo
327 2859 379 2909 boo
395 2860 525 2922 scriptum
542 2863 584 2908 est
600 2858 778 2922 epitaphium:
817 2859 968 2921 postorum,
987 2859 1032 2922 qui
1049 2871 1160 2922 magnos
1172 2860 1239 2925 istos
1251 2863 1339 2924 poetas

255 2935 400 2983 limmoreo
422 2931 517 2980 tanao
533 2933 633 2982 Licinus
648 2933 727 2991 iacet,
754 2935 781 2980 at
818 2943 871 2979 non
888 2930 1018 2991 imitatus,
1037 2933 1162 2984 remediis
1175 2934 1210 2984 ad
1227 2947 1338 2998 purgan-

255 3007 317 3056 Gaio
340 3005 425 3066 nalo,
450 3007 580 3066 Pompeiae
600 3020 699 3067 patuo:
726 3005 782 3067 qais
818 3003 881 3053 dam
898 3002 979 3054 bilem
1002 3007 1069 3069 aptis
1087 3010 1231 3070 quotannis
1249 3011 1337 3059 uteri·

251 3084 323 3142 patet
333 3091 384 3128 esse
394 3077 486 3127 deaei»
502 3078 676 3135 Conmendo.
692 3077 780 3141 (Paulo
818 3076 865 3128 Rili
882 3078 953 3127 enim
971 3079 1122 3130 tribuebant
1136 3080 1335 3148 μελαγχολίαν.

256 3151 333 3202 aliter
348 3148 435 3201 Sobol.
448 3150 530 3201 Persii
541 3151 567 3209 2,
584 3150 635 3210 36„
654 3153 698 3214 qui
717 3165 781 3201 eum
819 3150 958 3212 celsona,
979 3152 1023 3202 ⁴3:
1045 3153 1087 3203 abi
1103 3155 1171 3220 lonpi
1186 3157 1338 3218 ualentesque

256 3225 320 3276 dicit
336 3223 450 3274 libertum
461 3224 565 3287 lucrati
577 3224 692 3275 Caesam
700 3237 782 3288 prae-
818 3225 899 3275 morbi
914 3226 966 3276 nne
981 3225 1049 3290 febre
1065 3232 1134 3288 nort,
1154 3235 1183 3279 at
1199 3231 1335 3290 omnnium

255 3300 370 3360 (liniunt,
388 3298 459 3348 ntiae
473 3303 660 3349 moamaentam
671 3304 706 3349 est
718 3313 782 3363 pre·
817 3304 846 3348 at
870 3299 1013 3358 insania,
1038 3306 1140 3350 ueratro
1164 3315 1265 3366 quonam
1288 3303 1336 3354 allo

260 3375 317 3424 tioai
333 3374 416 3436 operti
430 3374 474 3422 oia
485 3374 781 3436 Salariapropcarbem,
818 3374 939 3424 utendum
955 3379 997 3424 eat.
1029 3374 1058 3423 ld
1077 3389 1156 3438 neque
1171 3377 1253 3428 biens
1268 3391 1336 3440 neque
1439 3411 1440 3440 ,

256 3449 292 3498 ad
312 3450 419 3510 lapidem
438 3447 593 3511 toemidwn)
623 3448 722 3508 Quodsi
740 3449 783 3498 Li·
819 3453 912 3497 aestate
934 3453 1000 3499 recte
1023 3450 1116 3510 datur,·
1142 3451 1235 3513 optime
1259 3465 1334 3509 uere,
1439 3463 1440 3520 t

257 3523 334 3572 ciuus
351 3523 394 3572 bic
411 3523 568 3572 Horatianus
586 3535 615 3571 re
628 3535 692 3571 vera
711 3521 782 3572 idem
819 3521 981 3572 tolerabiliter
996 3529 1138 3574 auctamno.
1154 3551 1182 3562 -
1198 3525 1336 3590 puerperii
1439 3523 1440 3536 ²

258 3597 300 3646 eei
316 3597 396 3658 atque
417 3593 473 3655 ille,
496 3597 542 3658 qui
565 3597 675 3645 auctore
698 3596 781 3645 Dione
819 3595 874 3659 bm]
893 3596 918 3644 in
935 3609 1015 3660 prosa
1033 3601 1099 3648 orat.
1118 3598 1172 3648 bila.
1199 3601 1247 3651 Est
1263 3613 1335 3652 accu-

259 3667 407 3728 Cassiobl,
426 3669 467 3718 at.
495 3670 594 3732 origiue
614 3668 702 3720 Gallus
715 3671 781 3731 erat,
819 3669 918 3721 sativos
940 3673 1071 3722 Graecus:
1098 3673 1191 3736 «quod
1210 3675 1245 3725 ad
1262 3674 1335 3725 bilem

259 3743 406 3804 captusque
429 3754 444 3790 a
465 3743 590 3793 Romanis
611 3756 705 3794 servus
726 3741 782 3794 Iulii
819 3745 938 3794 attinet.»
954 3773 980 3780 -
993 3746 1090 3810 maen]
1113 3749 1190 3798 renni
1209 3751 1333 3814 tempusa·

259 3815 383 3866 Caesaris
399 3814 486 3865 iuerat
501 3818 529 3865 el
545 3815 579 3866 ab
592 3830 625 3867 eo
636 3819 784 3868 manumis-
820 3820 849 3866 ut
866 3816 913 3866 Od.
927 3817 951 3879 3,
965 3818 1005 3879 43,
1019 3820 1043 3869 9.

257 3901 319 3947 aus,
338 3886 372 3938 ab
389 3889 506 3950 Augusto
519 3888 616 3940 Galliae
628 3893 784 3953 procurator
854 3889 974 3940 303-308.
999 3893 1042 3942 Nil
1052 3894 1118 3943 tanti
1128 3895 1171 3957 oct]
1184 3895 1266 3946 «Nihil
1278 3895 1334 3945 tanti

259 3961 345 4015 iactus
357 3964 399 4011 est
409 3975 434 4010 a,
448 3974 474 4010 u.
488 3975 512 4011 c.
524 3963 594 4024 739„
612 3965 783 4015 statuendum
821 3965 947 4026 aestimo,
966 3963 1036 4015 nulla
1053 3979 1163 4031 prorsus
1180 3971 1245 4020 mibi
1261 3979 1333 4020 caasa

260 4037 323 4097 erit,
342 4049 375 4086 eo
392 4037 526 4099 tempore,
545 4051 599 4100 quo
616 4040 665 4089 Ars
678 4039 783 4103 poetica
821 4039 875 4098 est,
900 4050 948 4088 cur
964 4050 1077 4103 magnus
1094 4043 1172 4105 poeta
1190 4043 1224 4092 ed
1239 4041 1333 4092 illoram

261 4111 407 4175 mmposita
425 4111 480 4170 est,
499 4108 572 4160 illurn
589 4111 642 4162 iam
660 4125 691 4162 ex
709 4113 784 4176 prin·
820 4109 921 4162 scilicet
938 4111 1077 4164 modulum
1093 4114 1153 4166 fieri
1170 4118 1294 4181 cupiam.»
1305 4139 1331 4150 -·
1439 4093 1440 4160 l

262 4183 328 4246 cipis
353 4184 442 4236 favore
465 4183 595 4234 excidisse
613 4184 654 4235 rel
678 4185 782 4245 obisse,
819 4185 888 4249 Erpa
901 4186 962 4251 cet]
981 4187 1064 4252 «Ergo
1076 4190 1202 4251 wentam
1213 4191 1261 4240 boc
1273 4187 1331 4239 mibi
1439 4201 1440 4252 ᾗ
