2925 4892
270 360 332 427 532
628 354 759 407 lionam
775 352 997 405 aristocreon

314 514 377 596 Qui
399 512 545 581 consulta
567 520 709 598 patrum,
733 510 789 597 qni
812 508 901 595 leges
923 508 1061 594 iureque
1082 516 1206 583 servet,

314 638 387 717 Quo
411 633 530 701 multae
552 650 756 718 magnaeque
779 638 931 697 secantur
952 627 1060 695 indice
1081 627 1170 703 lites.

314 760 386 838 Quo
409 776 463 823 res
485 772 644 843 sponsore
666 762 700 819 et
720 771 787 838 quo
809 770 929 818 causae
950 759 1033 817 teste
1055 758 1213 816 tenentur.

314 878 379 947 Sed
402 876 491 944 videt
511 875 597 942 hunc
619 873 723 939 omnis
744 872 863 953 domus
884 880 918 938 et
938 870 1055 938 vicinia
1076 879 1143 937 tote

315 1001 491 1066 incursum
512 1004 654 1082 turpem,
678 994 866 1081 speciosum
887 991 972 1079 pelle
993 990 1123 1058 decora.
1321 992 1358 1055 ie

248 1210 250 1219 Α
337 1168 378 1219 te.
399 1168 452 1230 Quo
468 1176 615 1227 responsore
631 1162 732 1227 bSEcp‚
747 1165 785 1213 ot.
803 1190 829 1199 -
843 1161 884 1213 ie.
898 1163 1037 1211 lntrorm
1052 1162 1095 1223 Sc,
1108 1160 1196 1212 Lctos
1214 1164 1243 1211 et
1259 1173 1330 1211 corr.

305 1241 340 1292 E:
359 1242 483 1291 totrm
499 1236 546 1303 bp,
564 1240 597 1305 yi;
613 1238 640 1287 et
656 1250 696 1303 pr.
712 1252 741 1299 κ,
759 1235 894 1287 Bentleios
911 1239 939 1287 et
954 1238 983 1299 F,
999 1236 1071 1286 llaec
1083 1248 1191 1299 prorem
1206 1248 1249 1300 pr.
1267 1236 1289 1287 Ε
1305 1240 1333 1286 et

273 1389 332 1438 «cui
349 1390 459 1452 propter
475 1387 592 1447 medos,
611 1384 638 1434 id
654 1387 707 1445 est,
726 1384 798 1445 vitia,
837 1384 936 1435 merari
962 1386 1056 1448 coeptu
1085 1386 1178 1445 erant,
1207 1382 1305 1435 saltem
1329 1397 1359 1434 ex

272 1460 500 1526 quihuslaborat‚
519 1458 656 1519 conducit¹
676 1460 799 1508 utsanee
837 1460 922 1521 perte.
942 1459 1114 1521 Cic'lcptt,
1132 1458 1179 1507 28:
1206 1458 1360 1519 stanteis:

271 1534 455 1601 philosophiae
481 1547 532 1599 ope
559 1533 593 1583 ab
619 1532 650 1601 iis
672 1532 801 1595 purgetur
837 1532 908 1582 etoile
924 1532 991 1581 dicct
1007 1532 1034 1581 td
1048 1544 1112 1593 este,
1134 1532 1200 1594 nied
1215 1533 1243 1581 to
1259 1532 1358 1595 uptam,

271 1622 304 1661 ac
333 1610 414 1659 vitam
438 1622 515 1660 suem
538 1607 683 1659 emendare
706 1606 800 1657 condi·
837 1610 939 1656 motos
953 1606 1085 1664 cunm,
1102 1606 1361 1667 westemonaste-

272 1686 354 1735 scat.»
373 1684 412 1734 Ci.
433 1696 503 1733 vers.
522 1684 563 1733 tt.
582 1684 704 1744 Magnam
720 1681 800 1731 huius
836 1681 1022 1743 stapes-item
1032 1680 1196 1741 ooctodtote,
1212 1682 1362 1731 maseno-

272 1758 394 1809 lectionis
412 1758 598 1808 auctoritatem
615 1757 696 1806 ctiam
714 1758 801 1805 exter
836 1757 998 1819 ptatrotm
1009 1756 1359 1816 moraoeqattotecosststot.

273 1844 335 1882 uam
354 1844 415 1883 esse
425 1832 502 1882 vides
517 1832 542 1881 in
555 1832 616 1881 Ver.
630 1832 712 1881 Lectt.
732 1831 801 1880 Con·
837 1831 917 1880 Gaios
929 1832 953 1879 l.
966 1828 990 1893 5.
1004 1827 1035 1880 i:
1052 1830 1160 1879 m
1175 1831 1361 1881 cosmum·-

272 1908 313 1956 tra
329 1906 474 1955 mosera
489 1904 640 1969 proiectum
651 1902 801 1953 mihivide
837 1904 898 1967 lepis
924 1904 1003 1952 vicem
1030 1902 1138 1963 oblim,
1173 1905 1290 1964 mois
1315 1906 1363 1967 {rsit

272 1982 317 2030 tur
333 1979 367 2029 ab
386 1992 433 2039 eo,
452 1980 498 2043 qui
515 1992 540 2027 v.
558 1979 734 2029 missadeds
746 1990 798 2027 nou
837 1978 985 2038 peccem
1004 1977 1047 2026 Sic
1059 1977 1216 2027 estiuS.C.
1227 1976 1362 2029 Velletauo

272 2055 336 2105 satis
363 2050 510 2115 intelligens
536 2065 551 2101 a
574 2052 755 2116 praecedente
770 2064 797 2101 v.
838 2051 982 2114 (blaivi.
997 2050 1085 2113 ml:
1105 2050 1234 2099 most
1249 2056 1363 2101 monas

270 2128 382 2177 mendac
406 2126 441 2176 ad
464 2127 499 2175 ita
521 2124 737 2190 interpolandnm
758 2126 800 2175 in·
836 2130 902 2175 recte
917 2129 994 2186 stow
1009 2124 1098 2173 ordios
1113 2124 1237 2187 imeres,
1256 2126 1293 2174 od
1303 2138 1364 2187 quot

272 2200 368 2251 doctus
381 2202 463 2259 esset,
476 2201 596 2261 argutam
608 2201 718 2264 insuper
728 2200 799 2249 hanc
837 2200 867 2248 de
883 2212 914 2247 eo
928 2210 958 2247 re
973 2199 1001 2247 to
1017 2199 1073 2248 tore
1088 2199 1186 2248 oweno
1201 2199 1263 2259 erit,
1281 2200 1305 2248 oi
1319 2200 1363 2249 de-

272 2276 350 2339 quasi
364 2268 519 2343 ἀναφορὰν
530 2278 667 2337 reputans.
686 2275 743 2324 lloc
754 2287 800 2323 au·
836 2274 919 2322 derisi
940 2284 1058 2334 moon,
1084 2276 1114 2320 ot
1129 2273 1156 2321 ia
1171 2285 1204 2321 oo
1217 2285 1247 2321 te
1262 2278 1364 2323 matus

272 2351 328 2399 tom
352 2348 433 2399 leret:
462 2347 571 2407 «idem,
599 2349 645 2412 qui
667 2350 799 2413 perpetuo
836 2348 952 2397 colentes
968 2351 1087 2397 maor.
1107 2345 1146 2396 Cl.
1162 2346 1225 2396 Tac.
1242 2345 1309 2397 Dial.
1328 2347 1362 2397 de

272 2424 412 2485 mentitur,
431 2422 459 2471 id
471 2424 525 2483 est,
538 2420 603 2473 alios
616 2422 743 2486 decipere
755 2436 800 2472 cu·
837 2423 880 2472 Or.
894 2422 941 2472 32:
959 2426 989 2471 st
1003 2422 1120 2484 tpacrm
1135 2421 1212 2483 leco,
1230 2434 1283 2470 eoo
1299 2427 1364 2474 tote·

270 2497 323 2562 pit,
347 2497 411 2547 dnm
429 2510 458 2547 se
476 2496 577 2546 bonum
595 2497 798 2561 sapientemque
836 2502 882 2546 ont
904 2501 1007 2546 motos
1032 2496 1158 2556 comalio,
1190 2496 1232 2544 tus
1254 2498 1365 2548 Mittit

271 2582 331 2621 esse
344 2566 466 2628 simulat,
485 2570 541 2634 ipse
554 2584 662 2634 quoque
675 2570 799 2621 mendaci
835 2572 903 2620 sit-o
919 2571 1057 2620 massot.
1077 2598 1105 2606 -
1124 2570 1250 2634 mette]
1273 2571 1364 2622 «deci-

270 2642 378 2693 infanda
389 2642 483 2691 terreri
496 2642 588 2694 solute
610 2644 649 2695 Cl.
664 2644 800 2696 Mitstther
837 2643 949 2703 duntur,
977 2644 1182 2707 transiguntur.»
1209 2642 1249 2693 ci.
1268 2646 1325 2695 Sat.
1338 2647 1362 2706 4,

270 2718 322 2771 lich
332 2720 440 2769 itacem.
452 2717 549 2767 Venus.
560 2715 584 2765 8.
597 2731 624 2779 p.
636 2718 660 2767 7.
674 2719 703 2768 lu
713 2718 799 2769 Hoch·
837 2718 881 2778 40,
896 2720 936 2767 to.
963 2716 1077 2768 Arbitrio
1094 2718 1264 2781 potissimum
1281 2720 1364 2782 signi-

271 2792 346 2843 ederl
364 2804 428 2842 vero
444 2791 586 2840 mendicum
602 2802 656 2839 non
667 2792 738 2842 cadit
750 2793 800 2856 sot·
837 2791 912 2851 ficet.
941 2804 1011 2855 quae
1032 2805 1048 2841 a
1069 2789 1230 2853 iitigantibus
1247 2791 1285 2841 sd
1300 2807 1364 2844 eum

271 2878 313 2917 aas
329 2866 409 2915 iocor
426 2876 476 2913 nec
493 2864 605 2913 mendac
621 2863 739 2926 infamio,
757 2868 799 2915 st-
837 2867 1004 2928 deieruntur,
1023 2866 1086 2929 quia
1102 2866 1129 2915 in
1140 2865 1223 2915 rebus
1233 2868 1365 2929 pecunia-

271 2952 324 3003 que
342 2938 450 2989 omnino
468 2940 509 2987 est
526 2934 666 2985 arbitraria
684 2937 800 3001 interpc-
836 2941 881 2991 riis
905 2940 987 2991 homo
1006 2940 1109 3002 integer
1129 2942 1210 3002 atque
1234 2940 1364 2991 honestus

271 3010 341 3061 latio.
358 3036 387 3047 -
409 3012 453 3059 Vir
468 3011 546 3059 toust
561 3014 597 3058 est
613 3009 701 3074 notri]
725 3012 800 3060 «lam
837 3014 1011 3064 existimetur.

271 3097 371 3143 vero‚»
398 3084 495 3146 inqrrit,
524 3084 696 3133 «accuratius
718 3084 799 3133 etiam
870 3087 910 3138 li.
930 3089 984 3149 Quo
1000 3088 1178 3151 rsesposeoro]
1197 3087 1237 3137 ct.
1251 3090 1327 3139 Pers.
1336 3091 1363 3145 5.

270 3155 368 3223 popelli
404 3157 501 3219 iudicia
530 3156 709 3215 excutiamus,
745 3170 799 3219 quc
837 3162 884 3211 79:
900 3163 1364 3224 marcommarmctm

271 3244 351 3297 quam
364 3230 432 3281 levia
447 3232 799 3295 sintquantumqueavera
837 3240 864 3284 tu
888 3235 1024 3284 emensos?
1060 3237 1166 3296 «Quem
1186 3248 1290 3287 omnes
1315 3250 1363 3301 pro

271 3306 398 3370 sapientia
411 3304 588 3366 abhorreant,
605 3306 799 3369 perspiciamus
836 3320 966 3372 sponsore
992 3309 1057 3358 satis
1084 3308 1219 3373 locuplete
1247 3309 1362 3371 habent.

271 3393 358 3445 eaque
381 3383 553 3431 contemnere
575 3378 719 3430 discamm.
756 3380 799 3430 Sic
837 3383 913 3431 cuius
930 3382 957 3431 in
973 3380 1027 3431 fide
1045 3384 1101 3431 tuto
1112 3382 1299 3446 adquiescant.
1317 3387 1365 3435 Pa-

270 3454 358 3505 virum
375 3454 476 3505 bonum
493 3452 611 3518 appellat
626 3452 735 3517 volgus,
754 3467 800 3504 cu·
836 3456 901 3505 riter
922 3454 969 3504 ubi
991 3456 1066 3507 testis
1083 3456 1110 3506 in
1126 3457 1223 3507 iudicio
1240 3462 1285 3509 est
1300 3472 1365 3523 pro·

270 3530 312 3580 ios
335 3530 388 3579 vita
406 3528 515 3592 quidem
539 3526 622 3579 civilis
640 3530 712 3579 certa
730 3540 798 3592 qua·
836 3529 949 3589 ductus,
967 3542 1049 3579 nemo
1061 3542 1123 3579 eum
1135 3542 1232 3581 verum
1244 3534 1364 3583 testimo·

271 3602 335 3653 dam
351 3604 507 3653 auctoritate
524 3602 622 3666 gaudet
639 3615 690 3653 nec
706 3615 799 3666 repre·
837 3604 911 3654 nium
928 3602 1019 3653 dicere
1030 3602 1184 3663 addubitat,
1200 3604 1321 3671 ideoque
1331 3610 1362 3667 is,

270 3676 392 3725 hensioni
409 3675 523 3726 obnoxia
542 3679 596 3737 est,
615 3676 680 3726 dum
691 3676 796 3737 vicinia,
836 3690 885 3741 pro
902 3690 956 3740 quo
973 3678 1048 3737 dicit.
1071 3675 1147 3727 iacile
1163 3690 1278 3730 cauum
1293 3682 1365 3732 obti-

271 3760 341 3811 quae
360 3750 417 3799 eius
434 3760 524 3800 mores
535 3750 630 3800 melius
642 3751 723 3811 novit,
744 3764 798 3801 uon
836 3752 893 3812 nat,
912 3750 994 3800 vincit
1009 3751 1220 3802 adversarium.»
1251 3753 1366 3816 (Falsum

271 3822 375 3883 ignorat
392 3820 513 3872 eiusdem
524 3823 606 3873 vitam
621 3823 797 3875 domesticam
835 3824 896 3875 lect.
913 3836 1060 3887 retponsom
1079 3822 1249 3889 explicabant
1270 3828 1365 3878 «iure-

271 3906 332 3945 esse
349 3896 555 3958 turpissimam.»
573 3922 600 3933 —-
621 3898 669 3959 (tet
684 3898 798 3947 consulto
836 3896 987 3960 consulto.»
1020 3902 1112 3949 conoe
1140 3900 1365 3953 cousuetudinem

267 3974 373 4033 pam
390 3969 452 4033 cet]
472 3967 538 4020 llale
555 3970 623 4021 haec
640 3970 797 4035 aliiproin·
836 3973 974 4035 latinam.)
1001 3974 1128 4024 Ceterum
1144 3986 1261 4025 comm
1275 3976 1366 4039 (pecu

272 4040 493 4104 temogstinoibns
521 4042 639 4105 habeut,
672 4056 735 4096 cum
762 4047 798 4096 sit
836 4048 895 4097 aiae
912 4046 970 4097 aliis
982 4046 1108 4110 creditae)
1126 4050 1154 4097 et
1169 4047 1264 4099 Μ
1276 4048 1296 4099 Ι.
1309 4062 1366 4100 me

271 4114 341 4180 volgi
366 4128 534 4179 responsum.
571 4119 684 4169 Senatus
705 4121 797 4171 autem
835 4120 931 4173 uitesto
948 4119 999 4171 sibi
1015 4123 1198 4187 opponantur,
1216 4136 1244 4173 v.
1259 4136 1365 4187 pom

272 4188 392 4244 consulta
409 4191 462 4242 iam
480 4192 543 4243 tune
561 4192 611 4243 iuri
628 4190 696 4243 civili
713 4192 798 4245 adnn-
835 4192 991 4258 simpliciter
1002 4194 1189 4259 explicandum
1201 4210 1236 4247 ex
1247 4198 1324 4249 verr.
1334 4200 1362 4249 i..
