2925 4892
531 358 590 407 iia.
610 358 628 406 Ι.
663 358 730 407 sti.
750 358 780 406 ii.

106 515 264 603 iuppiter!
290 512 467 583 exclamat,
491 511 584 578 simui
608 522 705 601 atque
728 512 874 579 audivit?
895 516 933 579 iit
955 514 985 579 in
1007 534 1045 581 ee

106 640 166 702 Pro
189 644 331 723 quaestu
355 644 517 721 sumptum
541 633 614 701 iacit
636 634 696 701 hic.
742 635 798 701 Vix
819 632 958 701 credere
979 637 1098 723 possis.

103 760 208 837 Quam
231 756 294 822 sibi
317 777 380 821 non
404 756 445 821 sit
467 755 606 831 amicus,
631 754 673 821 iia
696 764 731 820 ui
752 767 845 843 pater
867 754 936 828 iiia,
961 756 1086 823 Terenti
1154 758 1196 823 20

103 876 226 943 Fabula
248 898 349 964 quam
371 877 527 943 miserum
549 886 645 961 gnata
668 877 787 945 vixisse
809 876 918 965 iugata

102 997 245 1074 inducit,
271 1018 336 1063 nan
359 1018 395 1063 se
418 997 511 1084 peius
535 998 727 1063 cruciaverit
748 1008 847 1085 atqua
868 996 930 1065 hic.

102 1122 133 1189 Si
157 1120 234 1207 quis
257 1140 344 1186 nunc
367 1128 503 1205 quaerat
525 1119 597 1197 Qua
618 1139 673 1183 ras
695 1116 776 1186 haec
797 1119 976 1206 pertineti:
1001 1118 1092 1187 illuc:

102 1244 183 1307 Dum
208 1242 310 1307 vitant
334 1239 530 1312 multivida,
557 1238 589 1303 in
611 1240 771 1305 contraria
793 1250 934 1307 currunt.

101 1363 251 1429 Maltinus
274 1362 393 1429 tunicis
417 1361 568 1428 demissis
590 1360 746 1439 ambulat;
769 1364 897 1449 estqui
1152 1367 1194 1429 25

166 1506 207 1555 ⁴8.
227 1504 353 1555 acclamet
371 1504 409 1555 SC
424 1506 484 1565 (nnn
502 1502 613 1567 Bbcdpi.
636 1530 662 1539 -
680 1504 711 1553 At
727 1506 781 1566 ipsa
797 1502 853 1568 bdp
864 1506 892 1554 ei
903 1518 973 1555 aorr.
987 1520 1010 1555 a.
1026 1534 1054 1543 -
1068 1506 1108 1556 it.
1119 1508 1161 1569 la·

129 1583 163 1629 cit
178 1582 227 1631 aaa
244 1592 383 1643 superser.
403 1579 411 1626 i
428 1578 461 1637 b,
478 1578 540 1639 facit
556 1578 612 1627 iia?
627 1578 717 1639 viai,
736 1580 812 1642 laeti,
829 1580 884 1639 iiic,
901 1582 948 1631 nia
964 1582 1000 1640 C,
1017 1582 1091 1644 sacti,
1108 1582 1162 1631 teia

129 1658 174 1704 uir
190 1662 211 1705 t.
227 1682 253 1691 -
271 1656 313 1703 ti.
326 1658 387 1703 nata
399 1653 425 1702 d.
441 1678 469 1689 -
483 1653 523 1701 25.
537 1653 657 1703 Maltinus
672 1654 755 1719 Bp‚y:
773 1654 912 1705 natam
925 1652 1078 1715 spacia.
1096 1658 1163 1707 Nai-

128 1731 218 1779 enim
235 1728 322 1789 bada
341 1742 419 1778 «cum
436 1726 556 1790 pluribus
573 1726 656 1787 aliie»,
677 1728 695 1779 i·¹
713 1732 741 1779 et
758 1726 900 1779 Bentleiua.

98 1864 165 1913 pen,
184 1848 350 1913 obligations.
373 1876 399 1884 -
416 1846 538 1911 sectatur]
558 1852 631 1899 «stu-
668 1852 740 1899 tasse
758 1846 891 1900 subtiliter
907 1846 1023 1913 explicat
1039 1849 1193 1901 «cmciasse

99 1926 170 1975 diase
183 1926 312 1983 venatur,
330 1924 434 1987 quaerit
445 1920 629 1975 adolescentes
668 1924 814 1973 videatur.-

100 2003 205 2050 eirciier
222 2000 291 2049 itti.
305 2011 452 2057 annorum,
472 1999 569 2063 quihus
580 2013 630 2063 pa·
700 1998 789 2049 aaut.
818 2001 872 2061 Qua
887 2012 911 2049 r.
928 1999 952 2049 t.
969 1998 1106 2063 perlinat]
1132 2000 1194 2051 dita

100 2080 151 2125 ires
168 2076 247 2139 parci
271 2076 300 2122 et
320 2074 408 2122 severi
431 2086 484 2123 non
500 2075 563 2125 satis
581 2086 631 2138 pa·
667 2072 791 2123 omnibus
809 2074 835 2123 in
858 2074 977 2125 medium
999 2073 1109 2139 prolatis
1128 2074 1193 2139 quid

100 2150 190 2199 maiae
210 2148 247 2197 ad
266 2150 390 2211 sumptus
408 2146 543 2199 iaciendos
554 2162 631 2213 prae·
667 2148 777 2198 tandem
794 2147 841 2197 tibi
857 2151 934 2199 vis?-
954 2176 982 2185 -
1001 2150 1129 2213 Malliana]
1150 2150 1193 2201 Sic

99 2222 174 2283 hant,
203 2222 304 2285 hisque
329 2219 417 2269 iiiicito
436 2221 516 2271 moda
534 2226 561 2273 et
580 2235 630 2273 suo
667 2235 729 2271 cum
747 2222 831 2271 codd.
851 2222 1025 2273 scribendum
1041 2223 1192 2285 videbatur,

100 2312 158 2347 rum
176 2294 303 2361 periculo
320 2297 463 2359 pecuniam
483 2296 566 2347 tenori
584 2296 630 2347 dai
666 2298 695 2345 ut
711 2296 833 2347 Maltinus
850 2301 891 2345 est
913 2296 1000 2347 iianiii
1018 2312 1073 2349 cns.
1092 2312 1193 2363 cogno-

100 2371 137 2421 rei
154 2373 317 2422 inmortem
335 2370 630 2433 parentumveidouea
667 2384 729 2421 men
755 2370 826 2435 apud
852 2372 982 2422 lustinum
998 2372 1044 2433 38,
1063 2372 1086 2424 3.
1115 2376 1142 2423 et
1166 2373 1193 2422 in

100 2446 154 2509 iege
172 2445 315 2505 Laetoria,
335 2458 404 2507 quae
421 2444 530 2495 vetabat
546 2448 631 2497 raino-
666 2446 742 2509 Trogi
767 2444 878 2509 i’roiogo
895 2446 947 2505 38..
965 2460 980 2495 a
997 2447 1092 2507 matta,
1119 2445 1192 2511 quad

99 2534 153 2571 rem
179 2522 260 2571 annis
287 2520 363 2568 XXV.
391 2518 524 2584 stipulari,
551 2522 629 2573 soluti
665 2534 725 2569 voa.
745 2534 793 2584 per
816 2521 905 2570 iocum
926 2534 976 2584 pra
995 2521 1104 2571 homine
1120 2518 1193 2571 malli

101 2600 215 2647 esseni.»
251 2593 553 2645 Tabulascaniicereet
567 2610 630 2659 syn-
665 2598 747 2658 atque
766 2595 918 2645 eiieminato
936 2594 1109 2659 usurpabant.
1140 2596 1193 2645 Lu-

101 2672 213 2735 graphaa
237 2682 302 2719 cum
325 2682 460 2733 quoquam
484 2670 571 2721 iacere
590 2673 626 2733 is,
666 2668 707 2719 cii.
726 2670 772 2729 ti,
790 2670 834 2718 ii:
860 2670 981 2718 insanam
996 2671 1100 2728 vocam,
1118 2681 1192 2728 qnam

101 2748 141 2808 qui
158 2748 184 2795 in
212 2745 300 2809 patris
326 2746 458 2808 potestate
477 2747 547 2805 erat,
575 2758 628 2796 aon
665 2744 772 2793 maltam
805 2757 836 2791 aa
866 2742 988 2805 seminam
1021 2742 1069 2789 diei
1099 2742 1192 2791 vidant.

100 2824 211 2885 peierat.
250 2819 308 2869 Cic.
328 2831 377 2881 pro
395 2818 465 2869 Cael.
485 2820 512 2879 t,
537 2820 576 2869 ii.
598 2848 625 2856 -
666 2820 773 2877 Postea,
793 2820 822 2867 ut
839 2817 866 2865 in
883 2814 1013 2887 similibus
1029 2816 1193 2877 cognomini-

100 2896 221 2960 iironwn]
250 2896 324 2957 Toga
349 2906 415 2957 pura
442 2894 519 2955 (veria
544 2892 627 2956 vt'rt'it)
665 2892 824 2943 busavitiis
837 2894 864 2943 ei
874 2892 955 2941 animi
972 2893 1000 2941 et
1010 2892 1131 2955 corporis
1141 2891 1194 2954 pri·

100 2974 204 3035 sumpta
221 2970 303 3034 pueri
320 2980 335 3017 a
353 2970 428 3031 patre
446 2969 473 3017 in
484 2967 570 3019 iorum
583 2968 629 3019 de-
666 2980 741 3017 mum
758 2967 860 3028 inditis,
879 2978 960 3017 nemo
977 2967 1030 3015 iam
1048 2967 1074 3016 iu
1092 2979 1125 3015 eo
1137 2966 1192 3015 ari-

100 3045 273 3096 duaebantur
290 3044 399 3093 tirones.
434 3044 506 3092 Suet.
522 3045 583 3092 Nar.
598 3044 627 3091 i:
666 3045 755 3106 ginem
772 3042 947 3107 respiciebat¹
972 3054 1021 3091 nea
1039 3040 1112 3105 quad
1132 3041 1192 3104 quis

101 3122 182 3180 {Nero}
204 3120 327 3169 deductus
338 3118 363 3165 in
374 3117 458 3180 farum
472 3119 521 3166 tiro
534 3118 629 3179 popula
666 3117 787 3168 Maltinus
811 3116 1003 3181 appellaretur,
1033 3119 1189 3180 propterea,

99 3192 519 3257 impiarinm,miiiiidonaiiaan
533 3206 630 3255 prapa-
666 3206 729 3243 aum
755 3192 882 3241 audiebat
906 3193 958 3241 hoc
982 3205 1097 3250 noman,
1128 3204 1191 3241 eum

100 3271 152 3317 mii.
190 3268 269 3317 idem
287 3264 374 3316 iiber.
394 3266 440 3318 ei:
467 3268 591 3317 Naronem
607 3272 631 3317 ai
667 3265 792 3317 mollitiae
813 3265 957 3317 insimulari
975 3266 1118 3328 quisquam
1135 3266 1192 3313 exi-

101 3344 209 3391 litum
217 3341 342 3404 patribus
352 3342 498 3404 cmrcripits
508 3354 631 3391 cananen-
666 3340 800 3392 stimabat.
835 3342 877 3389 Sic
898 3341 949 3389 hoc
970 3338 1029 3387 inco
1047 3352 1079 3388 ex
1099 3338 1191 3389 habitu

101 3418 296 3478 dneiidimnqaa
307 3418 438 3479 mriuanua
449 3418 558 3466 tirocinii
569 3430 631 3467 aaa·
667 3416 816 3476 dumtaxat,
841 3416 886 3478 qui
905 3416 930 3463 in
948 3428 981 3462 eo
999 3415 1115 3473 notatur,
1143 3426 1192 3476 ap·

100 3494 180 3555 paria
192 3490 265 3555 plebi
280 3490 491 3541 dataaaiebrnait.
528 3491 581 3542 Cir.
595 3492 629 3543 ad
667 3493 744 3555 paret
754 3490 892 3539 hominem
904 3490 985 3538 tuisse
997 3486 1114 3549 aliquem
1127 3486 1192 3535 nani-

101 3566 187 3625 udi.
208 3566 256 3625 36,
279 3566 304 3615 9.
327 3592 354 3601 -
373 3566 421 3615 Pro
438 3568 551 3629 quaesta]
570 3581 630 3617 ara·
666 3564 720 3615 lem
747 3569 828 3629 atque
858 3562 1055 3617 eiieminatum;
1085 3559 1192 3611 aliunda

101 3642 166 3689 iiane
190 3643 325 3704 quaestus
345 3639 471 3701 hahita,»
489 3642 553 3691 dant
569 3644 630 3691 iir-
666 3644 744 3690 notus
767 3654 820 3689 non
842 3643 891 3689 ast.
927 3640 994 3687 iiam
1011 3634 1083 3699 quod
1106 3637 1192 3686 Scho-

101 3715 197 3765 werbe
212 3720 345 3779 peanitas.
362 3740 389 3749 -
401 3715 447 3763 sibi
463 3728 512 3764 non
524 3716 630 3767 altami-
667 3712 759 3765 liastaa
777 3715 903 3765 ailerunt:
919 3712 997 3765 ‚aab
1023 3710 1119 3763 itialtini
1144 3726 1192 3763 no-

100 3792 147 3857 nu]
160 3794 207 3841 uut
219 3791 267 3854 qui
286 3791 536 3854 perpetuogenium
549 3804 629 3841 suum
667 3792 739 3839 mine
762 3790 871 3853 quidam
895 3790 1077 3840 Maecenatem
1103 3789 1192 3851 suspi-

101 3865 267 3923 defraudat·
298 3892 324 3900 -
349 3868 425 3926 pater
447 3865 503 3925 iiie,
535 3866 630 3916 Tarenti
667 3867 760 3914 cantur
777 3864 943 3927 significari»,
962 3864 1004 3911 eui
1022 3864 1139 3926 opinioni
1156 3862 1192 3911 ia-

101 3940 160 4004 cet}
178 3938 357 3991 Menedemus
376 3939 402 3988 in
421 3940 535 3990 Terentii
549 3935 630 3992 Ἐαυ-
666 3942 731 3989 vent
748 3940 827 3989 etiam
845 3940 1007 4003 Interpreies
1022 3937 1139 3988 nonnulii
1152 3952 1193 3987 re-

101 4010 148 4063 τὸν
160 4013 380 4083 τιμωρουμένῳ,
395 4014 470 4063 cuius
483 4014 517 4063 ab
529 4016 630 4065 severi-
667 4015 812 4074 aeniiores,
837 4026 924 4077 nuper
946 4015 1027 4064 eiiam
1048 4014 1147 4063 Franka
1165 4016 1192 4062 ei

101 4092 181 4139 iaiem
194 4084 279 4138 Clinia
298 4085 367 4137 fliius
386 4088 411 4137 in
429 4088 518 4137 Asiam
537 4088 629 4139 milita-
667 4088 768 4138 Weber
792 4102 819 4153 p.
844 4088 913 4149 iia,
940 4090 1045 4153 egregia
1070 4088 1193 4138 relutavit

102 4166 155 4211 ium
179 4163 320 4226 proiectam
338 4164 404 4212 erat.
428 4190 454 4197 -
468 4165 627 4227 cruciaverit]
667 4162 771 4225 iladvig
792 4164 905 4227 Opuacr.
925 4164 943 4212 i.
968 4177 1027 4227 pag.
1047 4162 1079 4213 iii
1103 4174 1190 4224 sequ:

104 4236 177 4286 iiand
200 4238 277 4287 lars,
297 4238 339 4286 iii.
360 4250 385 4299 p.
407 4234 462 4287 tat.
483 4238 559 4287 nimis
579 4238 630 4287 ior·
669 4240 751 4289 «sana
770 4238 887 4289 scurrilis
905 4240 930 4287 ei
948 4238 982 4287 ab
1002 4239 1098 4288 lioraiii
1119 4238 1192 4287 tiae-
