2925 4892
480 356 540 405 tm.
559 356 590 405 ll.
626 356 693 406 SA'l'.
711 355 777 405 Vlll.

148 510 271 578 Divitias
293 510 441 577 miseras!
465 508 531 577 Sed
554 514 628 599 quis
650 509 862 577 coenantibus
884 530 964 586 uua,

146 632 301 707 Fundani,
325 629 457 719 pulchre
479 630 574 697 luerit
598 630 670 707 tibi,
694 650 793 697 nosse
815 629 937 697 laboro.

146 754 289 819 Summus
312 773 373 840 ego
396 762 428 819 et
449 772 551 840 prope
573 772 626 817 me
641 751 754 823 Viscus
769 749 928 817 Thurinus
950 761 983 817 et
1004 751 1092 829 inira,
1137 756 1179 819 20

145 874 174 939 si
195 875 338 951 memini,
362 873 489 950 Varius,
513 892 586 940 cum
611 871 748 939 Servilio
768 869 938 938 Balatrone

144 994 294 1073 Vibidius,
318 1015 401 1083 quas
423 995 592 1061 Maecenas
615 992 796 1059 adduxerat
818 992 960 1060 umbras.

136 1174 203 1299 Bttlti
221 1174 360 1259 immines
376 1186 399 1221 c.
420 1196 448 1209 -
467 1172 508 1222 22.
521 1183 585 1231 quos
602 1184 735 1235 supersor.
749 1184 811 1233 qnos
824 1174 856 1233 S,
875 1185 937 1235 quos
951 1172 1036 1239 bEcp‚
1055 1176 1107 1225 bct
1118 1179 1147 1227 et

154 1262 184 1299 en
204 1262 269 1299 erus.

109 1391 200 1449 rentur,
217 1386 296 1439 ualde
314 1388 401 1437 ieiuna
418 1389 446 1437 et
461 1388 550 1451 inepta
566 1384 617 1435 du·
655 1386 906 1447 scammoneae,
932 1388 965 1437 tc
988 1401 1013 1437 es
1036 1391 1178 1452 oettrlieb,

109 1464 182 1519 aeret,
201 1464 294 1511 eontm
311 1476 327 1511 a
344 1460 485 1512 Nasidieuo
503 1460 616 1519 adiectu,
655 1462 713 1509 dass
729 1462 816 1511 liores
830 1461 916 1524 (rapt,
933 1475 989 1511 was
999 1464 1039 1512 dic
1050 1464 1125 1515 Gttsta
1135 1467 1181 1516 do·

109 1534 192 1597 quibu
203 1535 356 1586 diuitiarum
372 1546 483 1585 suarum
499 1535 619 1585 ostenta-
656 1534 693 1583 bet
712 1535 840 1598 pannem,
867 1536 919 1584 und
941 1536 1019 1585 dolo
1037 1550 1072 1586 zu
1090 1540 1180 1589 wasco

108 1610 207 1670 torem,
226 1622 393 1673 quamquam
411 1606 509 1658 insulse
522 1608 619 1657 admo·
654 1610 775 1670 mensem,
791 1610 1181 1664 commentatoribus

109 1681 175 1742 dum,
208 1685 285 1746 quasi
320 1683 454 1744 corrigere
482 1680 617 1741 studeret,
654 1696 766 1745 supepcn
781 1696 917 1746 pavesco.»
937 1683 1080 1745 -pulcbre
1094 1685 1182 1751 mm]

109 1757 208 1807 murima
220 1758 244 1805 vi
262 1759 291 1807 et
309 1756 427 1807 elfloacia
444 1754 544 1820 pollere
556 1767 620 1805 cou-
655 1756 709 1807 Ctr.
723 1758 777 1807 Sat.
790 1756 819 1817 2,
838 1758 867 1817 2,
886 1757 943 1807 tto.
958 1783 986 1792 -
1005 1756 1103 1821 laboro]
1121 1760 1148 1809 b.
1161 1757 1179 1810 l.

108 1830 223 1879 tenderet.
254 1830 357 1881 Verum
368 1832 390 1881 si
402 1830 536 1879 Nasidieni
548 1831 617 1889 suut,
657 1832 766 1894 ncupio,
784 1843 878 1879 aveo»

108 1916 151 1953 nou
164 1906 297 1968 corrigunt
314 1906 392 1955 istam
404 1904 617 1963 ostentationem,
688 1903 776 1954 ao-at.
806 1903 931 1967 Serranus]
949 1904 987 1955 De
1005 1904 1097 1955 ordine
1116 1920 1182 1957 con·

108 1979 147 2027 sed
161 1979 282 2029 simulato
296 1979 446 2029 divitiarum
463 1980 619 2041 contemptu
655 1980 778 2028 vivarum
801 1978 862 2027 vide
885 1978 1034 2028 Excursum
1056 1978 1092 2029 ad
1116 1981 1143 2030 b.
1162 1979 1179 2031 l.

108 2064 191 2103 noram
217 2054 346 2117 produnt.
395 2053 500 2103 Rectius
529 2052 618 2114 itaque
656 2056 684 2102 et
695 2052 772 2101 lland
788 2053 862 2102 turs.
882 2054 925 2102 lll.
944 2066 971 2116 p.
984 2052 1033 2102 375
1050 2066 1091 2117 sq.
1127 2056 1182 2105 No·

109 2130 187 2189 egunt,
206 2130 250 2191 qui
268 2128 456 2187 Nasidienum‚
476 2126 541 2175 dum
561 2125 620 2175 lau·
655 2138 717 2175 vem
735 2127 826 2175 autem
843 2131 905 2177 sunt
922 2127 1181 2179 couviraeersolito

109 2205 143 2251 tus
163 2216 192 2251 ao
216 2200 336 2253 liberalis
361 2202 445 2251 videri
470 2200 539 2259 volt,
569 2200 620 2249 bac
656 2198 727 2264 apud
745 2202 878 2250 Romanos
895 2213 971 2251 more
990 2200 1080 2262 (Plaut.
1098 2204 1180 2253 Sticb.

109 2274 155 2337 ipsa
179 2277 272 2326 iactata
303 2273 457 2325 liberalitate
484 2274 619 2325 sordidam
656 2274 686 2334 3,
704 2274 733 2335 2,
752 2274 793 2324 3t.
823 2274 990 2339 Varroapud
1007 2273 1070 2325 Geli.
1085 2276 1125 2337 ⁴3,
1140 2278 1180 2337 tl,

27 2396 28 2411 ἶ
108 2350 230 2400 araritiam
257 2350 422 2415 prodentem
449 2348 484 2398 ab
513 2348 619 2398 lloratio
656 2348 691 2405 2.)
712 2348 838 2411 idemque
862 2351 1003 2412 comparet
1026 2349 1053 2399 iu
1078 2350 1182 2401 triclinii

109 2422 210 2473 derideri
226 2425 388 2475 existimant.
422 2422 470 2472 Vel
487 2421 550 2472 illud
562 2422 619 2483 Sed,
656 2420 806 2485 anaglypho
823 2423 942 2471 Atestino
960 2423 1031 2486 apud
1048 2422 1183 2475 Furlunet·

108 2498 168 2558 quod
184 2500 271 2549 statim
290 2499 425 2561 sequitur,
443 2498 621 2560 proximesn-
656 2496 790 2545 tumber.
808 2496 834 2543 di
850 2496 908 2545 Este
924 2507 951 2558 p.
966 2496 1022 2545 465.
1049 2522 1076 2532 -
1098 2498 1182 2549 Viscus

108 2572 243 2623 teoedentia
269 2573 378 2622 Horatio
395 2570 536 2621 adiudicat.
572 2572 621 2621 bii-
658 2568 788 2632 lburimo]
801 2567 1182 2634 Thuriis‚Calabriacoppido,

109 2646 264 2697 ueherltcbio
284 2648 393 2696 menne
418 2648 480 2696 sunt
504 2646 619 2703 divitior,
657 2641 799 2701 oriundus,
826 2655 880 2703 quo
906 2644 1064 2703 cognomine
1088 2643 1184 2695 distin·

108 2730 167 2780 quae
182 2722 335 2785 possessori
351 2721 620 2771 miseriascrcantac
657 2718 745 2781 guitur
766 2730 782 2765 a
805 2716 889 2766 Viscis
915 2716 1055 2777 tratribus,
1083 2719 1184 2769 lioratii

109 2794 315 2856 sollicitudiuem,
342 2799 372 2845 ut
395 2796 448 2845 Sat.
469 2796 498 2855 2,
523 2796 553 2856 6,
572 2794 618 2843 79:
657 2792 759 2841 amicis.
786 2792 839 2839 Sat.
855 2790 882 2850 t,
902 2790 948 2850 ro,
967 2790 1007 2839 8³.
1033 2818 1061 2826 -
1085 2792 1183 2857 Vasa]

109 2867 219 2921 Sollicita
236 2898 252 2908 -
272 2884 339 2932 opes.
387 2870 524 2933 Frequens
555 2882 620 2919 saue
658 2868 745 2928 Ρθὲῑθ·
765 2864 984 2925 Vid.Sat.t,5,
1003 2863 1043 2914 ⁴⁰·
1058 2866 1184 2915 -8θΝῑ-

109 2946 235 2994 nolentia.
280 2944 335 2994 Clr.
356 2945 458 2994 Arriau.
482 2944 566 3006 Epict.
588 2943 619 3004 3,
657 2940 699 3003 lio]
719 2937 803 2990 tribus
822 2936 931 3001 syllabis
948 2938 1182 3001 pronuntiandum.

109 3014 146 3075 ii,
157 3018 198 3066 m:
209 3013 297 3069 Ἴδετε
310 3013 378 3080 τοὺς
389 3014 441 3067 νῦν
452 3016 619 3079 πλουσίους,
658 3012 764 3076 Syllaba
776 3014 848 3062 enim
860 3012 1068 3075 antepenultima
1085 3014 1185 3077 produ·

111 3080 172 3154 ὅσης
193 3087 324 3158 οἰμωγῆς
341 3086 358 3140 ὁ
374 3090 440 3153 βίος
456 3086 552 3142 αὐτῶν
569 3105 621 3154 με·
659 3090 735 3139 oitur.
764 3090 795 3137 ln
812 3088 927 3137 nummis
939 3090 994 3137 est:
1014 3087 1040 3136 G.
1054 3088 1182 3139 Ssurenr.

27 3212 28 3219 ,
111 3162 168 3226 orda
183 3164 269 3217 ἐστιν,
307 3166 406 3217 Verum
419 3164 508 3217 malim
522 3180 553 3215 ex
566 3179 622 3215 ser-
659 3160 815 3221 Horatiano,
833 3163 995 3220 utscurrae‚
1014 3159 1186 3224 volgodaba·

111 3248 178 3289 mone
190 3240 345 3302 quotidiano
362 3242 544 3304 interpretari:
565 3241 624 3290 udi·
659 3240 702 3287 tur
713 3238 921 3299 cognomentum
931 3235 1047 3285 Balatro.
1067 3236 1118 3287 Cir.
1128 3238 1182 3287 Sat.

111 3312 174 3363 vities
184 3327 268 3378 prope
280 3313 417 3374 ridiculas,
432 3315 547 3363 maxime
560 3327 624 3377 pro·
661 3312 688 3373 l,
702 3312 732 3370 ἲ,
752 3312 776 3359 2.
792 3337 820 3346 -
836 3308 952 3372 Vibidius]
969 3310 1052 3359 bomo
1069 3310 1183 3373 ignotus.

111 3388 625 3452 ptersordes,quaeeasooutinuocomi·
660 3387 728 3437 Ecce
747 3385 805 3444 bic,
832 3386 862 3433 ut
877 3387 931 3432 sut.
954 3386 982 3444 t,
1001 3386 1028 3445 5,
1047 3386 1087 3434 ts.
1118 3387 1185 3435 Sor-

112 3460 188 3510 auur
202 3474 293 3525 neque
305 3474 424 3527 unquam
440 3460 545 3512 telicem
560 3462 624 3513 red-
659 3466 756 3511 manos
772 3472 805 3507 ac
819 3457 923 3507 Messias
943 3457 1066 3518 Clamo,
1093 3459 1184 3508 bomi-

113 3532 166 3583 duut
175 3548 362 3599 possessorem
370 3538 393 3584 1»
404 3538 514 3596 Pooerc,
530 3538 624 3587 misero
662 3549 710 3587 nes
723 3535 757 3585 de
766 3534 910 3597 permittes
919 3533 1079 3583 Maecenatis
1089 3547 1184 3597 moneo,

111 3607 241 3659 sennar
255 3610 380 3673 onmcltp.
392 3634 422 3645 —
433 3610 482 3659 Sed
493 3614 549 3673 puts
560 3609 622 3675 cet]
660 3622 742 3673 quam
758 3606 925 3658 iocabundus
937 3607 962 3657 ei
974 3606 1119 3669 exprobrat
1129 3608 1185 3658 liu·

113 3680 170 3731 Scite
187 3683 241 3734 b.l.
255 3684 383 3733 Diintzer:
411 3684 488 3733 «Scbr
503 3684 624 3747 poscbiolrt
660 3686 752 3746 gustus
779 3683 805 3731 in
834 3679 949 3745 Epistola
973 3680 1048 3744 'apud
1074 3682 1182 3733 sueton.

114 3754 173 3805 ina
187 3772 243 3807 eom
259 3758 361 3807 Dicliter
376 3758 547 3822 emperiebtst,
567 3760 624 3808 dors
658 3758 709 3807 Vit.
733 3757 833 3806 lloratii
850 3769 876 3820 p.
902 3756 959 3804 990.
984 3755 1050 3805 Oud.
1066 3782 1093 3791 —
1109 3758 1182 3818 quos]

114 3828 167 3879 diae
185 3832 267 3896 mapa
287 3832 350 3882 iiber
371 3832 411 3882 dic
430 3834 527 3883 comm
549 3833 624 3884 Gbeto
659 3832 732 3881 llaec
749 3828 828 3880 lectio
845 3832 964 3893 praestat
980 3828 1056 3878 alteri
1073 3842 1135 3892 quor
1152 3844 1184 3881 ex

114 3904 169 3953 alebi
188 3920 223 3956 on
245 3908 291 3957 den
315 3908 417 3970 Antunp
439 3908 481 3957 oles
498 3909 624 3958 Gedicbtes
659 3904 853 3957 consuetudine
870 3905 961 3953 Latina
984 3903 1087 3967 (salust.
1108 3903 1182 3954 Catil.

27 4018 29 4053 ζ
114 3976 238 4041 ansam,
254 3982 624 4032 soodomwievonselbstsieb
659 3982 710 4031 58:
737 3980 782 4030 Est
797 3980 937 4028 incarcere
952 3979 1033 4039 locos,
1052 3980 1186 4040 quodibi·

115 4052 623 4119 amadjcmtpanncbtwirdderm
658 4057 757 4106 lienum
770 4053 944 4117 sepelimur),
963 4057 990 4102 et
1007 4051 1181 4104 taediustem.

27 4174 28 4185 ,
111 4124 176 4185 ittet,
190 4142 230 4177 roo
245 4131 283 4179 die
299 4129 449 4179 sonderbare
465 4130 566 4179 Monta
582 4132 623 4180 des
659 4132 685 4181 iu
707 4141 790 4179 masc.
812 4127 951 4178 mutabant
974 4139 1055 4190 quam
1078 4129 1181 4177 contra.

27 4198 28 4221 ³
119 4196 213 4251 ll'irtber
228 4204 301 4253 sebon
321 4204 350 4251 tn
365 4204 463 4267 einipen
477 4204 561 4267 Ztipeo
577 4218 622 4267 pe-
662 4232 688 4239 -
707 4202 819 4268 ambros]
838 4202 979 4253 «convivas
1001 4200 1034 4249 ab
1057 4200 1116 4265 ipso
1134 4199 1184 4249 do·

191 4291 278 4339 licum.
296 4305 351 4338 vot.
369 4294 395 4339 ll.
426 4306 465 4339 eo.
482 4306 533 4340 arur.
551 4292 586 4339 lll.
953 4293 981 4337 23
1007 4292 1010 4299 '
