2925 4892
281 357 344 425 232
661 357 792 408 ιιοιιιτιι
809 355 989 408 strmnnun

324 514 500 605 culpantur
521 512 639 602 frustra
659 512 789 589 calami,
813 511 1056 598 immeritusque
1077 509 1201 578 laborat

323 637 416 704 lratie
437 645 532 703 natus
552 635 661 722 paries
682 634 734 701 dis
756 645 853 721 atque
874 633 989 721 po'etis.

323 760 418 847 Atqui
440 757 545 824 voltus
567 766 638 822 erat
658 755 758 821 muita
779 765 811 821 et
830 754 999 843 praeclara
1020 755 1182 826 minantia.

325 881 359 946 Si
380 901 518 947 vacuum
540 876 650 965 tepido
671 876 814 964 cepisset
833 869 942 942 villula
964 885 1057 944 tecto.
1322 875 1358 939 iil

322 1002 486 1081 Quorsum
507 999 661 1088 pertinuit
681 999 802 1086 stipare
824 997 954 1064 Platona
978 997 1167 1090 hienandro,

321 1120 472 1209 Eupolin,
495 1119 735 1198 Archilochum,
759 1120 892 1186 comites
915 1119 1056 1187 educere
1078 1119 1206 1186 tantm?

346 1300 386 1351 iti.
405 1300 466 1350 lecto
482 1297 566 1349 Bauli.
586 1301 710 1364 suspicio.
732 1327 759 1336 -
787 1300 827 1350 ta.
851 1298 995 1348 Archilocho
1013 1313 1028 1348 e
1046 1298 1110 1349 Cod.
1129 1299 1218 1362 hegin.
1241 1311 1328 1350 asae.

312 1388 349 1424 m.
363 1372 458 1434 Beati,
471 1386 505 1423 ex
516 1373 573 1423 aliis
585 1374 611 1423 F.
632 1373 670 1436 (ut
685 1387 748 1433 nos,
767 1385 863 1423 omnes
880 1372 963 1424 nostri
975 1374 1002 1422 et
1018 1371 1153 1434 Pottterii.)
1168 1396 1195 1407 -
1209 1373 1331 1422 adducere

313 1461 346 1498 ex
363 1460 417 1498 uno
434 1446 494 1497 cod.
508 1448 536 1509 F,
553 1446 674 1500 mucore?
695 1447 776 1509 Quid,
793 1452 821 1497 to
836 1445 879 1497 vei
897 1447 1000 1510 Quioclc
1016 1447 1146 1510 hulgersii
1162 1447 1329 1498 coniecturae

281 1635 309 1643 -
326 1607 514 1667 inmeritum
531 1606 598 1666 cet]
624 1606 732 1667 «Arguil
756 1618 804 1655 eo·
841 1604 902 1655 «uhi
927 1606 1070 1670 primum.»
1090 1630 1117 1641 -
1139 1607 1256 1669 ιιωιιιιιιι]
1281 1608 1362 1656 notio-

278 1694 338 1731 rum
354 1679 504 1741 stultitiam,
523 1681 569 1743 qui
585 1681 805 1730 cumaeutentia-
840 1693 899 1732 sum
917 1681 944 1730 in
961 1680 1162 1730 hocseeessu.»
1191 1681 1264 1731 coni.
1278 1681 1360 1741 Odi,

276 1769 339 1808 rum
353 1755 554 1806 antverhorum
566 1755 694 1818 urgentur
705 1756 801 1819 inopia,
841 1754 886 1814 32,
906 1755 929 1804 4.
943 1781 970 1790 -
980 1755 1062 1816 lepido
1072 1753 1142 1818 tecto]
1156 1755 1229 1804 «Fuit
1242 1756 1362 1804 Horatius

277 1833 304 1881 in
316 1830 489 1895 (innocentes)
498 1829 615 1893 parietes
627 1831 702 1892 quasi
714 1831 803 1882 miuus
842 1829 943 1892 trigoris
968 1829 1108 1891 impatiens
1133 1829 1206 1893 (lipp.
1229 1831 1256 1889 4,
1284 1830 1314 1888 7,
1333 1831 1363 1878 to

277 1904 801 1962 commodosirascuntur.·Conncnoo.
840 1903 921 1966 sqq.);
940 1905 1039 1953 amavit
1050 1904 1121 1953 enim
1138 1903 1226 1954 locum
1244 1903 1363 1954 luculen-

279 2007 307 2016 -
333 1979 448 2044 hiera]
474 1981 607 2042 quawrms
631 1981 711 2042 pocta
740 1992 803 2029 eum
839 1979 949 2037 tiorem;
974 1977 1072 2026 idcirco
1089 1975 1140 2027 suh
1158 1978 1278 2028 hiemem
1294 1976 1364 2028 sole-

277 2057 447 2116 exseeratur,
476 2056 508 2102 ut
530 2049 731 2114 deoxdltocov,
761 2052 802 2102 vei
840 2051 886 2101 hat
902 2063 932 2102 se
949 2051 1092 2101 transferre
1110 2053 1136 2101 in
1152 2050 1239 2102 villam
1255 2055 1364 2116 propter

278 2128 359 2178 etiam
382 2128 477 2191 pugnis
494 2126 591 2177 caedit.
620 2127 678 2177 vid.
696 2127 730 2176 ad
749 2129 801 2176 Sat.
839 2124 970 2188 lignorum
998 2126 1134 2188 copiam.»
1175 2126 1259 2176 Coun.
1286 2127 1362 2181 Cano.

279 2200 304 2259 4,
323 2201 364 2261 lli,
382 2201 423 2251 lt.
439 2228 467 2238 -
483 2203 560 2251 lratia
575 2201 732 2262 hotta-dia]
751 2203 804 2250 Co-
840 2199 973 2250 Bentleius
990 2199 1107 2250 malebat
1130 2202 1191 2251 lecto
1211 2199 1364 2250 lucubrato-

278 2275 379 2324 micum
396 2278 438 2325 est
454 2273 518 2324 iilud
536 2270 614 2346 παρὰ
626 2273 804 2345 προσδοκίαν
840 2275 893 2333 rio,
920 2275 969 2324 scd
992 2275 1090 2325 rectius
1111 2274 1162 2325 suh
1179 2279 1272 2324 tectum
1288 2285 1364 2324 suum

277 2353 353 2409 etque
365 2351 455 2410 peith.
483 2349 523 2400 Ad
540 2363 566 2399 v.
579 2355 655 2399 ιιαιιιι
670 2348 739 2400 conl.
753 2347 801 2398 Od.
840 2349 934 2412 recipit
949 2346 1036 2398 villula
1049 2348 1187 2398 dominum
1199 2361 1284 2412 quam
1295 2349 1362 2398 lcalo.

279 2423 308 2484 4,
326 2423 374 2484 i‘l,
393 2424 416 2473 4.
438 2424 577 2489 -pon'cel
596 2423 804 2487 «adquamac-
874 2424 914 2472 44.
934 2423 974 2473 ih.
994 2423 1197 2487 Quormcoti
1215 2421 1365 2483 «Quemad

279 2495 391 2547 clinatus
408 2501 452 2558 est
467 2496 581 2548 lectulus
597 2501 659 2548 luas
676 2497 804 2548 lucubra·
841 2497 934 2557 linem,
962 2509 1015 2559 quo
1037 2496 1144 2547 tandem
1162 2496 1273 2548 oonsilio
1291 2511 1365 2548 com-

278 2571 377 2631 tortua,
396 2571 423 2620 ln
439 2583 574 2633 quocum
592 2574 731 2637 componis
743 2585 804 2622 ear·
840 2572 934 2636 pegisti
952 2569 1149 2621 etinvehiculo
1161 2573 1365 2622 attosti-horum

278 2645 363 2705 mina,
386 2644 435 2695 sed
458 2645 554 2696 intelici
575 2661 637 2698 eum
658 2659 802 2707 successu,
840 2644 956 2696 libros‘l»
985 2645 1060 2696 Coul.
1079 2647 1132 2695 Sal.
1151 2646 1180 2707 2,
1198 2647 1228 2706 2,
1247 2644 1289 2697 35.
1309 2647 1365 2709 (rti-

278 2717 348 2768 maia
380 2721 469 2770 omnia
503 2721 659 2785 imprecaris
691 2722 802 2786 parieti,
836 2718 1364 2784 parcnohissatcmmcnpfropseo.)1am,

279 2795 355 2859 quasi
371 2795 450 2846 huius
461 2799 535 2846 esset
551 2795 642 2860 culpa,
660 2798 684 2848 si
700 2796 748 2846 tibi
759 2809 803 2846 ras
840 2795 938 2860 quihus
950 2797 1065 2846 maxime
1078 2795 1204 2846 delectari
1216 2795 1311 2849 solitus
1323 2798 1364 2852 sit.

277 2883 332 2920 uon
348 2871 496 2934 procedit.»
522 2872 599 2930 Quod
610 2874 700 2921 autem
712 2873 804 2921 dicunt
840 2872 960 2920 nominat
983 2873 1091 2934 praeter
1113 2869 1262 2931 Platonem,
1291 2883 1366 2922 sum-

279 2943 454 3003 Schohestac,
472 2947 566 3008 poetas
579 2944 803 2996 inceraresolitos
840 2958 915 2995 mum
936 2944 1031 3008 dialogi
1056 2949 1083 2995 et
1108 2947 1257 2996 Socraticae
1284 2948 1366 3016 alpo-

279 3031 341 3070 easa
356 3021 473 3083 parieles
489 3018 565 3068 lectis
581 3020 636 3069 suis
655 3019 801 3082 proximos,
840 3022 918 3082 νιὶας
934 3021 1091 3083 magistrum
1112 3019 1267 3083 (Socraticae
1290 3021 1366 3070 chor·

277 3096 309 3144 ut
323 3096 346 3144 ai
368 3092 436 3144 lorle
457 3096 538 3143 noctu
555 3094 618 3156 quid
639 3095 665 3142 in
682 3095 802 3144 mentem
840 3101 881 3145 lae
895 3097 925 3145 A.
940 3097 968 3145 P.
982 3095 1059 3156 ath),
1077 3093 1278 3157 Archilochum,
1298 3096 1366 3146 iam·

277 3170 409 3229 venisset,
431 3167 459 3217 id
475 3169 536 3218 ante
553 3165 714 3218 oblivionem
732 3167 803 3218 litta—
840 3169 893 3219 hiet
921 3169 1046 3220 carminis
1073 3169 1237 3232 principem,
1272 3171 1367 3232 poetas

277 3244 314 3294 ria
331 3245 467 3303 notarent,
485 3255 560 3292 mera
578 3241 673 3292 labella
690 3243 756 3291 mihi
767 3244 804 3292 vi·
840 3244 945 3306 priscae
968 3245 995 3292 el
1012 3255 1096 3293 novae
1117 3241 1283 3292 comoediae.
1319 3240 1366 3292 Alii

278 3317 365 3367 detur.
377 3317 542 3381 -miocotiq
554 3317 745 3381 promittentis,
765 3317 804 3380 lut
840 3317 909 3367 duce
937 3317 1068 3368 Passowio
1089 3317 1196 3366 Ptolom
1218 3315 1367 3380 intelligunt

278 3387 415 3457 ἀπειλεῖν)
424 3395 459 3443 de
470 3393 553 3444 rebus
565 3391 720 3443 maioribus.
735 3392 801 3456 Epp.
839 3393 947 3455 potitam
960 3391 1105 3450 cornicum,
1124 3391 1309 3454 Aristophanis
1321 3405 1368 3441 ae·

277 3469 306 3528 l,
325 3469 355 3528 8,
374 3468 404 3516 3:
424 3469 452 3516 Si
468 3467 745 3531 quamtqutdoocm,
764 3467 803 3516 dic
840 3465 961 3530 qualem,
988 3465 1086 3528 quihus
1109 3465 1252 3516 assentitur
1278 3467 1367 3517 Funi-

275 3541 357 3589 multa
380 3545 404 3589 el
423 3542 532 3600 pulchro
554 3543 692 3591 minanter
718 3541 804 3591 Vicere
839 3539 943 3590 haenel.
977 3541 1017 3590 De
1039 3539 1183 3590 Menandro
1204 3539 1275 3590 conl.
1299 3542 1366 3604 Epp.

276 3627 322 3663 hec
345 3617 411 3661 reela
430 3627 475 3662 ccc
494 3617 613 3665 macher.
642 3615 800 3676 Phaedri,
839 3615 867 3675 Ξ,
888 3617 915 3674 4,
934 3614 986 3673 at..
1005 3613 1039 3664 de
1058 3613 1149 3676 Eupoli
1164 3615 1217 3664 Sal.
1232 3617 1260 3673 4,
1280 3613 1310 3674 t,
1330 3616 1366 3674 4.,

276 3687 328 3736 22:
346 3687 398 3734 lioc
408 3687 573 3747 capitaneo
588 3689 645 3750 tihi,
664 3691 726 3752 oei,
744 3703 802 3738 mo-
840 3688 874 3739 de
892 3687 1049 3739 Archilocho
1073 3687 1156 3750 Epod.
1176 3688 1204 3749 6,
1224 3687 1263 3737 ii.
1300 3689 1366 3752 Epp.

276 3773 330 3824 pto
353 3772 411 3808 cren
438 3761 562 3822 missalis,
592 3765 703 3813 catrices
729 3764 800 3814 nihil.
840 3765 868 3824 4,
889 3763 933 3823 49,
952 3763 993 3812 28.
1026 3763 1151 3812 Lectione
1167 3761 1314 3813 Archilocho
1333 3763 1369 3810 ni-

277 3834 405 3898 (uronice
444 3835 567 3885 dicuntur
605 3838 713 3899 mincii,
756 3841 801 3902 qui
839 3839 890 3888 mis
906 3838 980 3901 paria
1003 3837 1069 3886 liunt
1093 3837 1232 3898 mamhra,
1259 3849 1325 3885 eum
1343 3835 1368 3884 in

275 3921 340 3959 cum
356 3921 453 3972 magna
469 3910 656 3972 profiteantur,
676 3911 739 3962 nihil
757 3916 803 3963 aut
839 3915 928 3963 nostra
946 3914 1089 3975 utrumque
1105 3913 1159 3960 iam
1177 3912 1305 3961 comitem
1318 3911 1370 3958 llo-

275 3994 359 4047 parva
381 3982 510 4044 alliciant,
541 3984 615 4047 quod
642 3987 713 4034 muta
743 3987 802 4052 pol·
839 3987 895 4036 retii
911 3983 1367 4036 iactumviderenohisvidaamur.

274 4056 403 4120 licentur,
422 4058 520 4122 quihus
531 4071 626 4109 omnes
638 4062 743 4111 eeteros
754 4075 802 4112 su·
841 4087 867 4096 -
881 4060 990 4121 nocere]
1006 4071 1031 4109 ι.
1045 4059 1184 4124 proprium
1195 4057 1229 4107 de
1241 4057 1283 4118 iis,
1298 4069 1370 4120 quos

273 4145 372 4196 perere
387 4145 468 4196 posse
484 4131 534 4182 sihi
552 4132 700 4183 videntur·
722 4137 802 4186 Fons·
838 4135 978 4186 nobiscum
1004 4147 1037 4184 ex
1065 4133 1133 4184 urbe
1159 4145 1204 4183 rus
1229 4132 1366 4182 dommus.

275 4219 382 4256 ιιιιιιιιι.
403 4231 432 4244 ·-
453 4207 491 4267 St]
519 4205 544 4254 h.
565 4204 580 4255 4.
600 4207 634 4256 de
660 4209 799 4272 tempore,
838 4211 893 4261 Cic.
906 4209 940 4260 ad
958 4210 987 4269 Q.
1002 4207 1130 4271 Fr.a,a,
1149 4207 1179 4260 l:
1198 4206 1369 4258 Sihobiem
