2925 4892
495 360 555 411 uis.
574 360 604 410 u.
640 360 708 411 sir.
726 360 781 411 vu.
1121 360 1184 425 337

139 519 208 585 Nou
231 536 284 594 es,
308 515 397 605 quod
420 515 576 583 simulas?
598 517 744 583 Metuens
766 514 930 582 induceris
951 525 1049 603 atque

139 638 320 705 nitescente
341 636 527 703 libidinibus
552 638 662 704 tremis
684 657 761 705 ossa
781 656 913 725 pavore.

140 760 225 840 Quid
247 758 360 835 refert,
383 760 449 834 uri,
473 759 572 847 virgis
593 758 746 847 ferroque
770 761 880 825 necari

141 884 334 948 Auctoratus
357 900 428 957 eas,
452 902 493 946 au
514 881 599 967 turpi
623 877 754 947 clausus
775 881 809 947 iu
830 899 921 956 arca,

141 1002 213 1082 Quo
233 1011 266 1068 te
289 1000 419 1069 demisit
439 1000 563 1089 peccati
585 1001 716 1068 conscia
738 1000 864 1078 herilis,
1143 1006 1185 1069 60

142 1125 347 1190 Contractum
368 1122 505 1209 genibus
526 1132 638 1210 ungas
660 1123 781 1210 caput?
801 1123 899 1190 Estne
920 1122 1035 1189 marito

164 1350 204 1401 58.
222 1350 264 1399 sss·
280 1350 372 1413 stirpis,
389 1350 505 1413 ferroque
521 1350 609 1400 occari
625 1350 659 1401 ii.
678 1348 767 1414 (cispio
781 1351 824 1399 toi
841 1364 857 1400 e
875 1350 939 1401 Cod.
953 1350 1048 1401 Tosau.
1066 1351 1106 1413 C.)
1121 1376 1149 1387 -

131 1424 173 1475 59.
186 1438 279 1485 mesu,
291 1426 359 1476 teste
372 1422 531 1475 Bentleiosd
542 1426 595 1475 Sat.
606 1425 631 1485 2,
641 1424 667 1485 2,
679 1425 735 1475 406.
746 1451 773 1460 -
782 1422 822 1474 64).
831 1425 924 1474 diuisit
934 1424 979 1475 bS.
991 1448 1018 1461 —
1027 1425 1095 1475 cuitu
1105 1424 1149 1475 bc.

100 1614 200 1661 ratos.»
234 1613 301 1661 item
327 1613 474 1663 Gesnerus:
506 1614 623 1662 «Servus
662 1613 707 1673 44,
725 1613 754 1663 8:
780 1610 1185 1676 tepesctrepiooerboiontstoo.)

99 1683 224 1749 postulat,
241 1688 272 1735 ut
288 1685 338 1737 sibi
355 1684 433 1737 liceat
449 1684 528 1737 salvis
543 1688 626 1737 cruri·
664 1715 691 1725 -
710 1689 762 1749 urs]
778 1687 910 1751 imprimis
927 1684 1025 1735 lamina
1042 1686 1183 1735 condente.

99 1758 151 1809 bus
173 1760 287 1810 recitare
309 1761 443 1823 quaedam
460 1760 493 1810 de
512 1761 624 1825 Crispini
660 1760 708 1811 Alii
726 1760 785 1811 coii.
807 1762 873 1825 Epp.
896 1761 924 1819 4,
948 1760 994 1820 to,
1016 1760 1057 1811 tn.
1075 1762 1186 1824 iungunt

99 1832 320 1898 disputationibus
349 1834 484 1896 subiecta,
514 1848 567 1885 non
597 1838 623 1885 in
660 1837 702 1885 uit
717 1836 804 1899 otrpts.
820 1834 1066 1898 -oirpis·oeccrs]
1085 1848 1185 1899 «prope

100 1908 236 1958 Horatium
261 1908 344 1969 dicta,
374 1908 423 1961 sed
449 1911 474 1959 iu
499 1910 622 1970 vitiosos,
660 1909 694 1960 ad
720 1912 836 1959 mortem
859 1907 1024 1958 uerberari.»
1064 1909 1186 1959 lniiuitivi

99 1994 168 2045 quae
186 1985 276 2033 umen
288 1982 382 2034 ueruiii
399 1982 559 2047 malignitate
571 1986 624 2033 tor·
659 1984 780 2049 pendent
791 1998 807 2033 a
818 1998 844 2033 v.
859 1988 1016 2044 auctoratus,
1030 1984 1132 2048 «pretio
1143 1997 1187 2034 uc-

99 2060 164 2121 quet
179 2058 205 2106 iu
223 2059 345 2107 berum.»
374 2060 430 2109 Nou
449 2060 532 2121 magis
545 2060 623 2121 igitur
660 2060 740 2122 cepto
756 2060 851 2122 sponte
868 2058 921 2107 boc
937 2058 1065 2109 iuratus·
1087 2086 1115 2095 -
1134 2058 1185 2122 eas]

99 2132 166 2181 baec
187 2130 222 2181 de
248 2132 356 2181 Horatio
381 2132 536 2196 accipienda
562 2135 625 2183 sunt
659 2135 689 2182 ut
706 2146 769 2183 nos:
796 2132 846 2182 ais
871 2132 1042 2182 Giodiotor
1061 2132 1187 2182 eteber-

99 2218 180 2269 quam
196 2204 240 2256 ilia
257 2219 282 2255 v.
297 2205 345 2257 t6:
374 2207 405 2255 Te
426 2208 520 2257 contuse
540 2207 624 2256 0444444
659 2206 750 2270 petto,
768 2219 818 2271 pro
835 2207 876 2255 sis.
912 2209 1013 2257 Seneca
1032 2208 1111 2256 Herc
1125 2208 1183 2257 Oet.

98 2282 174 2342 cupit.
191 2310 218 2317 —
239 2281 380 2342 οάοναιωη]
399 2282 466 2333 Cum
484 2282 621 2345 ceteroqui
659 2281 725 2331 283:
752 2283 809 2331 Non
834 2282 873 2330 ibo
897 2282 987 2331 tuum.
1008 2308 1036 2317 -
1055 2282 1124 2343 turpi
1140 2307 1155 2318 -
1170 2308 1186 2319 -

98 2356 132 2405 sit
148 2354 355 2415 babituservili,
374 2357 570 2417 unguentorum
582 2357 623 2405 ta·
660 2354 731 2418 arco]
751 2356 846 2416 «cista,
868 2366 937 2417 quae
955 2355 1032 2405 curie
1050 2368 1185 2419 quaereu-

99 2442 161 2479 men
180 2429 262 2479 odore
280 2427 386 2493 placere
403 2429 458 2480 voit
482 2429 621 2479 moechae.
660 2427 746 2490 tibus,
772 2429 819 2479 ubi
845 2431 871 2480 te
888 2428 1025 2489 occulunt,
1052 2430 1138 2494 prima
1155 2444 1186 2481 se

100 2532 127 2540 -
140 2504 309 2565 Notescet]
328 2506 434 2555 «Nonne
451 2506 515 2553 tunc
528 2516 622 2568 reapse
661 2502 769 2563 obtulit,
796 2504 840 2553 viii
861 2503 974 2553 tortasse
991 2505 1051 2553 usui
1068 2504 1187 2556 destina-

98 2592 140 2638 es,
165 2577 239 2640 quod
257 2580 283 2627 te
301 2590 363 2628 esse
380 2577 501 2637 simulas,
529 2590 623 2629 servus
660 2580 712 2627 ta.»
742 2579 785 2627 Sic
805 2576 1185 2641 manumiserimus.

99 2655 249 2716 nequeunt»
269 2678 297 2689 -
315 2653 455 2703 Attcrconte
472 2652 534 2717 cet]
557 2665 624 2716 spu·
662 2652 774 2702 moecha
792 2650 944 2701 adulterum
956 2651 1035 2711 dotto,
1054 2653 1188 2713 quoderat

97 2730 195 2789 guanto
212 2726 359 2777 identidem
376 2740 475 2791 pavore
488 2740 550 2777 cum
568 2725 624 2776 libi·
660 2728 687 2775 in
704 2726 799 2789 onprdo
815 2724 993 2773 semiobmtwn
1008 2726 1051 2774 sed
1066 2726 1188 2777 otiosos·

98 2800 174 2859 diue,
201 2801 244 2849 cui
260 2802 386 2851 resistere
405 2802 549 2864 nunquia,
576 2812 624 2850 us·
660 2814 748 2862 maun,
767 2799 953 2849 diutinutonter
963 2799 1101 2854 diaconum
1120 2799 1184 2853 ibid.

97 2874 402 2938 queedossatremis.»
417 2902 444 2911 —
458 2876 543 2925 tremis
558 2873 622 2937 osso]
661 2889 685 2926 c.
703 2874 744 2925 23.
769 2874 840 2924 utoeo
863 2875 959 2937 ttprsco,
986 2887 1036 2936 osto
1058 2875 1188 2938 monento

97 2949 167 3011 i'irg.
187 2950 283 3011 Georg.
301 2948 330 3009 3,
352 2948 397 3000 st:
423 2950 501 2999 micat
521 2950 624 2998 auduus
660 2954 765 2999 contiuo
777 2950 888 3012 perpuri
903 2955 1092 3010 consueveram
1120 2948 1184 3001 ibid.

98 3021 202 3086 (pullus)
221 3027 244 3071 et
260 3024 343 3071 uenit
360 3028 439 3073 artus.
661 3038 685 3074 c.
698 3023 741 3074 ii.
759 3025 871 3073 υὺηόποα
886 3036 978 3084 caveo,
1003 3025 1188 3088 quaesusumus

127 3097 219 3147 us—et.
239 3098 305 3159 Quid
320 3097 397 3161 refert
414 3098 475 3162 cet]
490 3098 574 3158 «Quid
586 3099 624 3148 in·¹
659 3101 729 3163 fleuit
746 3099 816 3152 teret
831 3098 859 3147 iu
874 3103 970 3148 rectum
986 3104 1129 3162 cpprepoto
1145 3114 1188 3150 cu-

98 3174 198 3232 terest‚
232 3174 322 3222 utrum
350 3171 504 3235 giudiatorio
532 3185 624 3223 sacra·
660 3174 757 3223 mudum
772 3174 880 3222 uentos
898 3174 1069 3223 circuendotos
1090 3176 1187 3237 suptus

97 3251 188 3296 mento
205 3245 328 3297 addictus
345 3248 382 3298 sis
398 3245 522 3307 lanistae,
542 3248 584 3297 cui
597 3250 623 3296 te
660 3248 767 3297 candido
787 3248 857 3311 [mtto
872 3248 976 3310 sottum
997 3248 1135 3298 inuidebat.
1157 3277 1184 3287 -

97 3320 294 3381 auctoraveris,
314 3334 347 3370 an
360 3323 445 3371 cett»
473 3322 560 3371 sinter
571 3320 624 3384 gia·
661 3324 758 3373 demisit
769 3322 832 3386 cet]
844 3322 974 3372 «detrusit
990 3324 1041 3384 ita,
1058 3325 1089 3371 ut
1099 3325 1186 3387 capite

97 3394 230 3445 uiatorem
247 3397 445 3458 moechumque
464 3395 526 3446 nibil
544 3397 625 3446 inter-
660 3402 802 3459 cmttrocto,
822 3400 944 3458 curvato,
964 3410 1049 3460 genua
1067 3400 1186 3460 tangas.»

97 3474 145 3519 est.
187 3470 220 3519 ut
250 3470 318 3519 baec
342 3470 424 3520 verba
452 3474 514 3521 suut
538 3470 623 3521 verba
660 3474 698 3524 tte
716 3473 738 3523 si
755 3474 887 3532 invertas,
907 3470 1002 3522 clarius
1020 3473 1078 3521 erit.
1101 3473 1187 3523 Minus

97 3556 204 3605 eorum,
218 3544 264 3606 qui
275 3543 433 3607 gladiatores
446 3548 548 3605 emunt,
562 3558 624 3595 con·
661 3548 735 3596 recte
760 3544 802 3595 aiii
823 3547 997 3595 construunt:
1027 3558 1063 3595 uo
1086 3546 1188 3610 pestibus

97 3618 216 3669 diciones
242 3620 448 3683 proponentium
471 3620 569 3683 quibus
593 3632 623 3670 se
660 3625 838 3684 toopmcoput
853 3621 880 3668 tn
897 3633 974 3682 orca,
993 3633 1042 3681 quo
1058 3620 1187 3671 teanciiie

96 3694 227 3753 vendant;
241 3694 378 3745 cautiones
388 3696 459 3745 euim
470 3694 623 3745 huiusmodi
660 3696 759 3745 conscia
775 3692 896 3744 adulterii
913 3692 948 3743 ab
965 3693 1031 3743 bera
1050 3695 1187 3745 commissi

99 3767 244 3819 iaciebant:
261 3769 305 3818 uri
313 3771 432 3834 fiammis,
443 3771 623 3834 cirpissecotu‘,
662 3770 722 3833 (Sat.
738 3770 765 3829 4,
779 3769 808 3830 2,
829 3768 896 3829 430.)
914 3769 1010 3818 demisit
1020 3774 1184 3820 contractum.

98 3842 165 3903 tero
187 3844 301 3893 meost.»
331 3846 411 3894 Acro.
429 3847 535 3895 Petron.
557 3845 621 3895 tiu:
695 3842 786 3895 et-ot.
809 3844 885 3893 Estne
902 3844 964 3907 cet]
983 3845 1090 3895 «Nonne
1108 3843 1188 3909 pote·

98 3917 126 3965 iu
139 3919 346 3981 verbaiimtoipi
357 3923 543 3969 sacromentum
553 3921 625 3969 iuro-
660 3921 715 3969 stas
734 3919 776 3968 est
792 3918 888 3968 merito
899 3918 1013 3969 necandi
1030 3922 1058 3969 et
1073 3932 1186 3969 uxorem

97 3994 190 4055 mmsis,
207 3994 263 4054 ort,
281 3994 389 4054 decim,
404 3994 535 4045 verberari
543 3994 624 4057 smo-
661 3994 687 4042 et
713 3993 859 4043 moechum
883 3994 910 4042 iu
932 3992 1063 4043 adulterio
1086 3993 1186 4057 dopre-

99 4080 145 4127 ouc
159 4068 256 4117 oscum.
287 4069 387 4118 Seneca
399 4068 479 4132 Epist.
494 4069 539 4117 ³7:
557 4068 624 4117 itttsu
660 4068 794 4117 heusos‘i»
831 4067 868 4116 Eu
893 4068 1003 4130 antiquo
1028 4070 1102 4118 certe
1128 4069 1186 4117 iure

100 4143 234 4204 tuptsrirni
256 4142 439 4191 arctorcnmott
457 4142 535 4192 uerba
550 4148 622 4192 sont:
660 4144 779 4193 iiomano
790 4144 852 4191 aute
862 4141 950 4206 legem
964 4141 1055 4197 iulium
1066 4142 1100 4192 de
1112 4140 1186 4191 adut-

100 4218 152 4277 κη’,
164 4218 269 4277 eimisi,
283 4216 402 4280 sorrow
411 4218 506 4267 necuit¹
521 4218 620 4280 (iuven.
659 4218 726 4268 terio
738 4215 829 4267 latam
860 4218 893 4269 bi.
907 4218 973 4267 Cato
984 4216 1055 4279 apud
1067 4214 1130 4265 Geil.
1143 4216 1182 4276 to,

185 4309 388 4355 boniniensi.
419 4320 458 4354 ru.
476 4319 551 4355 aaron
566 4308 602 4355 ili.
990 4308 1018 4352 '22
