2925 4892
546 300 605 350 cte.
625 301 643 349 l.
679 302 747 351 Sb'l'.
765 302 808 352 lll.

132 456 217 521 Huic
240 474 338 543 parco
360 454 474 542 paucis
497 464 662 533 contento,
686 456 831 544 quinque
855 455 973 523 diebus

129 576 178 642 Nil
207 587 277 643 erat
299 577 330 640 in
352 575 475 643 loculis.
519 578 637 643 Noctes
658 576 811 663 vigilabat
831 577 873 644 ad
896 579 1002 665 ipsum

131 698 242 773 Mane,
266 698 352 763 diem
375 706 475 763 totum
498 696 668 777 stertebat;
691 695 735 761 nil
756 697 816 763 luit
835 718 980 787 unquam

130 818 185 884 Sic
207 819 313 905 impar
334 817 406 883 sibi.
427 854 471 866 -
491 819 583 883 Nunc
605 816 721 905 aliquis
743 818 831 885 dicat
852 818 946 885 mihi:
969 820 1056 901 Quid
1078 824 1136 889 tul

130 938 267 1005 Nullane
290 938 391 1005 babes
412 938 512 1005 vitia?
534 940 633 1004 lmmo
655 938 719 1005 alia
740 949 773 1005 et
793 940 930 1007 sortasse
951 942 1085 1008 minora.
1178 944 1220 1009 20

131 1061 279 1125 Maenius
301 1059 467 1126 absentem
489 1059 626 1125 Novium
648 1080 722 1127 cum
745 1071 906 1148 carperet,
930 1063 1020 1129 Heus
1042 1074 1093 1141 tu,

195 1212 240 1259 20.
259 1216 283 1260 et
298 1212 403 1273 sorim
419 1209 517 1274 bScdp,
537 1210 652 1261 Pottierii
670 1222 780 1273 omnes,
798 1213 830 1273 L,
849 1212 933 1264 Bentl.
952 1217 980 1264 et
996 1216 1061 1275 Fen,
1080 1216 1170 1266 ltemi
1179 1231 1185 1264 :

159 1285 233 1333 houd
248 1286 356 1347 [ortum
371 1286 439 1334 Fece
456 1297 525 1333 unus
543 1284 591 1333 Ch.
610 1285 638 1334 B.
657 1296 672 1333 a
689 1298 746 1335 sec.
759 1299 808 1347 ιιι,
827 1288 893 1338 ctu.
912 1288 1022 1350 (Excidit
1039 1304 1054 1339 e
1072 1290 1138 1341 God.
1156 1292 1186 1341 B.

159 1372 185 1406 v.
206 1358 261 1419 2⁰.)
282 1384 309 1395 -
327 1358 368 1407 24.
387 1360 501 1407 uoeueo
524 1372 555 1422 p,
583 1358 645 1409 labn
664 1361 689 1409 in
713 1360 831 1422 Aduott„
849 1364 947 1413 llantur
967 1377 1008 1427 pr.
1033 1364 1065 1425 d,
1091 1366 1189 1415 Meuius

158 1446 234 1481 corr.
257 1432 289 1493 d,
312 1433 415 1483 Mallius
436 1434 459 1481 J.
485 1432 588 1483 Becker
609 1432 653 1483 lib.
672 1435 737 1484 Mtte.
761 1435 793 1484 N.
817 1436 846 1487 F.
863 1436 896 1486 V.
913 1450 940 1500 p.
959 1437 1016 1487 stu.
1060 1440 1100 1500 (Ul
1121 1452 1185 1502 uos,

160 1506 260 1567 suso.)
282 1534 308 1541 —
327 1506 391 1571 m]
410 1508 469 1556 dtur
486 1506 513 1558 d.

126 1626 408 1690 difformitatem
417 1626 525 1677 Murtial.
537 1626 578 1688 44,
589 1626 656 1688 tta,
694 1626 877 1691 bosseutliob
892 1628 971 1678 wohl
986 1628 1145 1681 lrleinore.»
1161 1631 1221 1681 Exl-

123 1703 236 1764 pr'npuss
266 1700 381 1751 loom
408 1702 499 1751 iuven.
523 1700 553 1762 9,
582 1702 656 1763 ta),
695 1713 777 1763 girum
792 1699 835 1750 vel
851 1702 940 1765 potius
957 1700 1056 1753 nullam
1077 1705 1221 1754 auctorita·

124 1777 227 1825 dirim
243 1776 342 1825 Lucan.
360 1775 391 1833 i,
410 1774 467 1825 386.
492 1774 597 1833 Quintil.
611 1776 656 1837 ⁴2,
694 1776 784 1825 lema
802 1773 887 1824 Cudd.
905 1774 987 1838 (velut
1002 1789 1056 1826 uno
1073 1778 1138 1827 cod.
1152 1778 1220 1829 Feae

124 1848 222 1910 ⁴⁰,st
233 1847 511 1910 succlamandum,
524 1847 657 1912 plebeiam
694 1860 787 1897 esec.
810 1848 903 1911 manu)
928 1848 1011 1900 hebet
1034 1849 1117 1901 altera
1141 1850 1220 1902 lectio

124 1935 156 1972 ac
167 1921 529 1985 erlem-Deciercenuno]
542 1921 613 1972 milia
624 1924 655 1973 ll.
694 1922 763 1971 leod
785 1922 894 1983 soriam
916 1924 1033 1986 minora,
1061 1927 1088 1975 iu
1113 1938 1167 1989 qua
1192 1929 1221 1977 et

124 1998 148 2045 s.
179 1994 304 2059 (Florem
331 1997 414 2045 liben.
438 1996 543 2047 circiter
566 1994 656 2047 950440.
694 1993 802 2058 languet
816 1997 1080 2060 smmeetomnino
1094 2000 1219 2050 Horatius

127 2072 225 2121 Faue.
239 2069 304 2119 Gall.
317 2070 433 2133 iocoso.)
455 2072 501 2123 Est
513 2073 587 2135 quasi
598 2084 660 2135 pro-
695 2083 758 2120 reus
785 2070 815 2120 ct
847 2071 929 2121 ialsae
957 2071 1026 2122 illius
1054 2073 1217 2133 modestiae.

125 2144 265 2205 rerbium,
279 2142 457 2194 utnobisetne
466 2145 572 2195 Million.
591 2146 659 2196 llar-
694 2157 765 2207 quae
782 2143 860 2207 longe
877 2146 984 2209 saepius
995 2146 1067 2209 apud
1079 2160 1128 2197 nos
1139 2159 1218 2212 repe·

126 2218 178 2267 tial.
195 2219 231 2276 4,
250 2216 313 2267 tol:
340 2217 369 2266 Si
385 2219 497 2267 dederim
512 2220 597 2280 uperi
613 2220 658 2267 do-
694 2218 761 2267 ritur
772 2230 854 2281 quam
865 2218 937 2282 apud
946 2220 1140 2282 antiquosents
1150 2222 1218 2271 tem

126 2293 172 2341 cies
196 2290 262 2339 mibi
283 2290 355 2340 milio
375 2296 482 2341 centum.
503 2318 531 2329 -
550 2294 659 2355 octoque
694 2304 760 2355 pora
777 2292 874 2341 Tiberii
891 2294 1003 2355 eiusque
1018 2306 1217 2354 successorum,

126 2365 224 2425 deber]
235 2364 344 2427 peucis;
360 2368 389 2413 ut
399 2378 449 2415 nos
460 2366 573 2416 dicimus
585 2369 655 2416 octo.
694 2364 741 2415 ubi
757 2378 807 2429 pro
824 2380 869 2429 epo
886 2366 976 2416 dicere
998 2370 1146 2431 coeperunt
1159 2382 1217 2417 orec

129 2441 219 2490 -Sic
234 2440 321 2500 torpor
336 2439 391 2501 sco]
408 2440 509 2489 Seneca
526 2440 573 2504 Ep.
593 2440 655 2489 tec:
690 2440 815 2501 pmcn.
845 2438 910 2503 (Val.
935 2442 1002 2491 blus.
1028 2442 1122 2503 Praei.)
1141 2441 1218 2492 lland

125 2514 575 2577 mmmdercribitllorotius,
592 2528 658 2564 ηιιιι-
693 2514 769 2563 Turs.
788 2514 831 2563 lli.
849 2528 876 2577 p.
895 2514 942 2563 35:
970 2514 1035 2573 «Qui
1051 2516 1121 2563 bocd
1139 2527 1220 2578 pree-

125 2602 210 2650 euum
230 2590 350 2649 meum,
375 2602 407 2638 ue
428 2589 533 2639 dmilem
558 2590 658 2651 quiden
694 2586 795 2646 lerunt,
818 2598 873 2635 nou
889 2586 1108 2637 animadvertisse
1126 2589 1220 2637 viden-

125 2664 186 2723 acc
206 2664 271 2713 odeo
288 2664 315 2711 iu
331 2664 431 2713 werse
447 2664 558 2713 oderat
694 2662 754 2720 tur,
779 2660 849 2709 bared
873 2673 928 2709 non
952 2662 1027 2709 recte
1043 2662 1106 2723 poni
1128 2662 1155 2710 in
1171 2674 1218 2721 ec,

157 2737 253 2789 cccl.
281 2738 367 2803 immo]
385 2738 412 2788 h.
428 2738 446 2788 l.
464 2742 506 2789 est
522 2740 592 2799 eius,
611 2738 657 2802 qui
694 2747 777 2799 quem
790 2734 900 2793 obtinet,
913 2732 987 2794 loco,
1000 2746 1089 2797 neque
1100 2746 1219 2797 unquam

127 2814 244 2863 uruntur
266 2811 381 2863 alterum
399 2812 433 2863 de
449 2826 479 2863 re
497 2825 566 2877 quae
583 2814 657 2863 certa
694 2809 818 2871 coniungi
830 2809 1136 2872 possecumv.sortasre.
1152 2810 1221 2859 Cum

127 2890 161 2939 sit
177 2900 325 2951 quaerere.
346 2914 374 2925 -·
388 2893 411 2937 et
425 2889 532 2951 futuru
546 2888 656 2948 minuc]
693 2884 763 2933 houd
782 2881 921 2943 scribitur,
948 2882 1044 2933 deesse
1060 2882 1162 2946 aliquid
1177 2884 1219 2933 vi·

127 2963 265 3023 «Primus,
293 2962 400 3026 opinor,
426 2961 507 3013 Aldus
527 2962 658 3013 Manutius
695 2958 782 3009 detur.
817 2955 986 3018 Nibildeest,
1005 2955 1220 3019 necquidquam

127 3038 271 3087 socerum
290 3048 339 3086 vas
361 3036 510 3085 incrustare
532 3034 614 3086 voluit
631 3038 659 3085 et
695 3031 842 3096 improbari
866 3034 957 3096 potest
980 3033 1008 3083 iu
1032 3032 1084 3082 bac
1109 3032 1219 3094 quidem

128 3110 254 3173 reposuit
270 3110 339 3158 houd
354 3110 469 3169 minora,
487 3109 659 3172 quemdeiu-
695 3108 839 3159 senwntie:
869 3108 942 3165 Quae
970 3119 1020 3169 ego
1047 3118 1092 3155 me
1117 3104 1220 3155 babere

129 3196 197 3247 ceps
219 3182 343 3247 plerique
366 3196 460 3233 omnes
481 3184 592 3233 nimium
609 3196 659 3247 pa·
696 3179 861 3240 concedam,
880 3179 947 3230 alius
958 3182 1020 3229 suut
1036 3180 1124 3243 potius
1135 3192 1220 3243 geue-

129 3259 230 3307 uentu
255 3258 342 3306 secuti
369 3260 439 3307 sunt.
476 3257 544 3317 Quid
570 3258 659 3308 enimi
696 3255 746 3315 ris,
765 3256 806 3315 et,
830 3256 860 3303 ut
876 3254 984 3318 opinor,
1007 3254 1089 3303 etiam
1106 3254 1219 3303 minora

130 3345 166 3381 an
187 3329 318 3380 credibile
341 3332 383 3381 est
401 3331 453 3381 boc
474 3331 575 3381 lassum
599 3344 658 3381 esse
694 3330 773 3378 Imnro
794 3328 848 3391 alie
869 3328 941 3378 enim
967 3328 1110 3389 significat:
1137 3328 1221 3376 trumo

131 3405 293 3455 limium?
318 3416 366 3454 sua
391 3405 452 3455 vitia
478 3417 531 3455 non
555 3405 659 3455 minora
696 3402 785 3453 habeo
811 3402 887 3460 vitia,
917 3400 967 3451 sed
994 3400 1076 3450 alia.»
1114 3402 1219 3451 comm.

131 3492 195 3529 esse
221 3477 292 3539 illis,
324 3490 394 3540 quae
422 3480 448 3529 in
476 3477 582 3541 Tigellio
603 3482 659 3529 tum
698 3478 790 3539 cmo:
810 3475 1017 3526 «Confiteorme
1034 3472 1220 3535 baberevitia,

132 3550 233 3603 acerbe
251 3554 405 3601 notaverat!
430 3578 444 3589 -
462 3580 476 3590 -
492 3554 578 3603 Immo
594 3565 659 3602 vero
697 3550 747 3601 sed
763 3550 877 3601 fortasse
888 3550 1019 3599 minoren
1047 3548 1113 3597 ilinc
1124 3549 1221 3599 Baste-

132 3626 185 3677 sibi
213 3626 354 3675 mediocria
381 3628 483 3677 uncum
509 3627 572 3677 vitia
599 3639 659 3677 esse
696 3636 744 3675 rus
767 3627 795 3674 et
810 3624 890 3675 Voss:
917 3628 946 3673 ot
965 3624 1080 3687 ιόνιιιιω.
1101 3650 1129 3659 -
1147 3624 1222 3673 Moe·

133 3699 197 3749 alibi
213 3698 355 3762 glorimr,
382 3712 436 3749 non
458 3698 605 3763 Tigelliunis
622 3700 660 3749 si·
696 3698 827 3761 ntuslsat.
842 3699 868 3758 t,
881 3699 909 3758 4,
923 3697 979 3747 404.
995 3697 1152 3758 -Nouqu
1170 3697 1222 3747 ho·

133 3772 218 3831 milia,
243 3774 298 3823 Sat.
317 3774 348 3833 l,
372 3772 402 3834 4,
420 3774 477 3824 430.
507 3775 537 3836 6,
556 3774 596 3824 65.
614 3800 629 3811 -
645 3800 661 3811 -
697 3773 798 3823 minem
814 3774 942 3835 ignotum.
977 3771 1092 3821 Novium
1115 3771 1221 3822 leucra-

133 3848 246 3896 summa
262 3846 399 3897 urbanitas
411 3850 453 3898 est
469 3848 495 3898 iu
507 3861 532 3897 v.
543 3849 658 3911 serioue
698 3848 784 3897 torem
809 3846 892 3909 tangit
915 3847 968 3895 sat.
995 3846 1023 3907 4,
1050 3846 1079 3906 6,
1107 3845 1164 3894 tat.
1191 3871 1219 3880 -

134 3922 212 3985 qussi
223 3932 280 3971 uon
289 3922 456 3984 pugnaturus
468 3922 547 3983 loret,
565 3922 588 3971 si
601 3923 660 3986 quis
697 3921 848 3971 Sententiae
860 3920 900 3969 sic
910 3919 1056 3969 cohaerent
1066 3931 1130 3968 cum
1140 3930 1221 3982 prue-

134 3994 178 4044 vel
195 3993 318 4059 aequalis
330 4007 390 4046 esse
403 3996 531 4047 diceret.»
555 3996 659 4057 Burri„
698 3994 788 4045 cedd:
807 3996 908 4056 «Atque
925 3992 978 4043 boc
994 4007 1043 4057 pro
1060 3994 1135 4042 certo
1152 3990 1221 4041 altir-

137 4082 255 4132 quocum
267 4068 316 4119 cir.
330 4070 662 4122 crusciretllcscner·
698 4080 774 4119 mare
796 4079 906 4131 possum
928 4079 972 4116 me
993 4068 1048 4115 um
1066 4063 1177 4115 stultum
1194 4064 1222 4112 et

137 4140 190 4193 boh
214 4145 241 4194 iu
266 4144 375 4193 liccem.
393 4144 436 4193 111.
478 4143 559 4193 «41ηά
584 4143 662 4193 doci
697 4142 852 4206 improbum
868 4154 921 4191 uon
940 4152 1017 4199 esse,
1043 4149 1126 4202 quam
1148 4136 1221 4187 llae-
