2925 4892
506 389 564 439 utu.
584 389 603 439 l.
639 389 737 441 EPIST.
757 389 809 442 XX.

159 549 255 613 Forte
278 563 385 610 mcum
408 543 435 610 sl
459 544 533 630 quis
555 553 586 611 to
608 545 851 632 percontabitur
871 565 1003 622 aevum,

159 667 210 732 lle
232 673 350 752 quater
370 662 518 731 nndcnos
540 665 621 732 aciat
643 664 827 753 implevisse
849 667 1064 744 Decembres,

159 785 325 874 Collegam
346 784 504 872 Lepidum
525 807 591 874 quo
613 786 704 854 duxit
724 785 844 853 Lollius
867 807 960 854 anno.

185 964 227 1014 ac.
244 963 450 1026 nominituo
466 965 506 1016 Gt.
527 989 555 1000 -
574 965 615 1014 i'l.
634 964 771 1015 doocmmo
786 965 815 1016 E.
837 993 863 1004 -
882 965 924 1017 28.
937 968 1012 1018 aaut
1028 968 1098 1020 libri
1109 973 1173 1034 nott,

149 1040 232 1090 ctiam
250 1039 342 1090 nostri:
362 1039 428 1089 dicit
443 1037 584 1102 Docringio
602 1038 763 1091 auctorc'll.

115 1199 175 1248 (loro
192 1198 307 1246 morton.
343 1197 465 1246 Horatius
487 1199 577 1248 autom
596 1209 645 1247 na·
682 1197 760 1259 quast
776 1199 905 1248 comitam
916 1197 1050 1262 aliquanto
1063 1200 1209 1252 tardiorem

115 1275 159 1322 tus
177 1285 202 1320 a.
216 1285 243 1322 u.
257 1285 282 1321 c.
296 1271 353 1322 689.
372 1283 396 1320 a.
410 1285 436 1321 u.
451 1285 474 1320 c.
487 1271 544 1322 73³.
557 1273 643 1324 xciv.
682 1271 757 1320 dumi
772 1271 910 1335 Lepidum.
940 1273 1207 1325 Exduabualrorum

115 1357 203 1396 annos
220 1347 300 1396 natus
318 1347 384 1394 erat.
405 1371 432 1381 —
455 1345 581 1408 cottonem
596 1347 645 1396 Lc-
682 1341 823 1395 conatuum
847 1347 1061 1410 inscriptionibus
1082 1347 1124 1399 vel
1143 1362 1209 1414 pro-

111 1421 205 1484 pidum
221 1433 271 1481 orto
287 1417 368 1482 cranii]
386 1417 577 1482 Explicandum
593 1419 644 1470 hoc
682 1421 742 1482 pter
750 1419 886 1482 quandam
895 1420 1075 1473 urbanitatem
1082 1421 1210 1474 voldum-

116 1498 159 1545 ost
177 1507 211 1543 cx
224 1493 316 1543 Cassio
328 1493 411 1543 Dione
423 1491 468 1554 ol,
481 1494 505 1542 li.
533 1495 584 1544 Per
594 1496 646 1544 Au·
682 1494 755 1542 taxat
769 1496 880 1557 proptor
895 1495 1015 1546 variandi
1033 1497 1151 1549 studium
1168 1497 1208 1547 ol-

115 1568 189 1632 gnsti
206 1566 355 1617 absentiam
375 1567 407 1628 (a.
425 1579 452 1616 u.
472 1579 495 1615 c.
509 1567 577 1628 ica.)
596 1581 646 1632 po-
682 1568 739 1617 tera
757 1566 896 1618 innocent:
915 1571 951 1618 li.
964 1570 1106 1621 LOLLWS.
1128 1572 1163 1622 ll.
1177 1573 1205 1622 F.

115 1641 198 1707 polus
214 1642 348 1691 llornanuo
366 1641 392 1690 in
407 1640 530 1691 creandis
547 1653 645 1692 consu-
683 1643 712 1703 (l.
725 1641 871 1691 LEPIDVS.
888 1643 934 1692 is.
947 1644 987 1701 F..
999 1643 1097 1694 altera:
1112 1647 1141 1707 Q.
1153 1647 1208 1695 LF·

115 1717 188 1767 libus
205 1713 335 1766 seditione
353 1715 465 1777 agimtur
488 1717 538 1764 est.
574 1716 645 1765 Con·
680 1715 785 1765 PlDVS.
806 1717 851 1765 lF.
870 1716 898 1765 F.
911 1717 947 1766 li.
960 1718 1101 1767 LolllVS.
1119 1721 1156 1768 li.
1176 1720 1204 1768 F.

115 1789 221 1843 aulatis
239 1788 347 1853 qnidam
362 1788 437 1840 locus
448 1788 515 1839 alter
526 1791 644 1852 Augusto
682 1789 712 1836 V.
726 1786 796 1837 Piala
806 1789 1013 1852 ootcliponttrlt
1022 1792 1101 1840 ltomo
1112 1792 1204 1856 PM·

115 1864 290 1924 servabatur,
309 1863 424 1926 ideoque
442 1865 505 1914 anni
518 1863 574 1914 73³.
594 1865 645 1915 ini·
682 1859 778 1911 collato
795 1862 945 1913 Excuraul.
963 1863 1104 1926 ansati,
1121 1865 1150 1927 3,
1163 1865 1204 1916 36.

116 1943 153 1992 tio
180 1941 214 1990 ll.
237 1935 334 1988 Lollius
356 1938 472 2000 primurn
489 1936 561 1988 solus
579 1950 645 1987 con·
681 1936 720 1985 Dc
745 1934 868 1986 libertato
890 1939 981 1988 autern
999 1952 1014 1989 a
1030 1937 1163 1989 nonnullis
1179 1939 1207 1990 in
1301 1934 1305 1941 ’

114 2013 233 2068 sulatum
245 2012 339 2075 gesslt3
354 2013 468 2061 Caesare
481 2013 571 2061 antam
581 2023 643 2062 cum
681 2009 839 2061 invertendo
856 2011 994 2063 consulum
1013 2013 1106 2064 ordino
1123 2014 1207 2064 intor-

115 2091 250 2140 honorem
267 2099 321 2136 non
338 2086 484 2149 accipiente
502 2087 533 2144 Q.
552 2087 643 2135 lomi·
681 2083 748 2132 dum
771 2088 900 2148 usurpata
925 2085 972 2135 cir.
991 2087 1084 2138 Marini
1104 2087 1207 2138 Frotaltt

114 2163 166 2214 lius
190 2161 230 2212 ls.
251 2161 279 2212 F.
301 2159 416 2223 Lepidus
442 2160 470 2208 et
490 2161 518 2208 L.
541 2157 643 2209 Silanus
679 2158 770 2208 Arcuit
785 2171 812 2222 p.
831 2158 888 2210 itt.
907 2165 968 2210 noto
984 2161 1044 2222 lot,
1059 2163 1082 2211 l.
1101 2163 1207 2212 attior-

115 2250 181 2290 eum
214 2235 382 2300 petiverunt;
419 2233 508 2295 ltaque
542 2233 643 2282 ambitu
681 2232 1138 2299 gaeomanuottiooxllnato.
1158 2237 1207 2287 Ca·

114 2313 208 2364 omnia
233 2311 272 2360 sic
297 2307 506 2368 conturbarunt,
532 2309 563 2356 ut
579 2320 644 2371 pru-
682 2306 1207 2360 tarnmdoverohornmvorsunmscn·

115 2389 214 2440 dentes
237 2385 286 2434 viri
303 2384 451 2445 uugnsum
471 2383 582 2431 liomam
599 2393 644 2432 rc·
681 2392 713 2430 su
730 2379 778 2430 cir.
798 2381 1033 2432 introductionem.
1061 2385 1206 2447 (licerlngli

113 2464 254 2513 uocarent.
273 2460 333 2523 lpse
345 2457 454 2520 quidem
467 2457 579 2506 Romam
591 2469 644 2506 non
681 2454 748 2502 dizit
771 2456 813 2503 cat
834 2467 867 2503 ox
887 2455 919 2505 iia
936 2457 1110 2517 coniecturis,
1135 2471 1206 2521 quac

114 2537 209 2596 rediit,
232 2533 282 2584 scd
305 2531 459 2582 candidatos
483 2529 518 2579 nd
533 2543 563 2581 sc
581 2543 645 2594 pro·
681 2528 833 2590 ingeniosae
842 2529 960 2591 quidem,
974 2530 1085 2580 sednon
1096 2543 1206 2594 prorsus

114 2613 202 2664 iactos
219 2609 316 2659 acriter
332 2606 477 2670 increpuit,
502 2605 644 2668 iussosque
681 2603 850 2651 necessariae
871 2604 1016 2664 certaeque
1037 2606 1105 2653 aunt.
1150 2605 1206 2654 Fir-

116 2697 180 2736 cum
198 2681 320 2744 sutfragia
339 2679 472 2730 tenentur
488 2678 585 2730 abessa
603 2680 645 2729 di·
681 2687 756 2725 mare
773 2676 864 2724 autom
882 2689 943 2725 earn
964 2678 1075 2726 conatno
1092 2678 1133 2726 ost
1149 2679 1204 2727 liv.

116 2760 198 2810 misit.
223 2753 309 2806 Nihilo
326 2753 388 2804 indo
401 2751 518 2804 sedatius
529 2765 574 2804 res
586 2756 644 2802 acta
681 2751 706 2809 7,
719 2749 766 2799 il:
784 2750 877 2813 incocti
893 2751 973 2799 moto
985 2756 1092 2812 pacm
1107 2755 1207 2802 croam

116 2835 173 2892 eat,
202 2831 252 2882 scd
271 2830 372 2879 tuntum
390 2827 479 2877 denuo
500 2827 644 2877 tactionum
681 2823 767 2872 consu
783 2821 925 2885 (Camillus)
937 2824 1059 2888 collacum
1068 2825 1114 2886 Ap.
1128 2824 1204 2874 Cloa-

116 2920 148 2957 ac
159 2905 302 2956 turbarum
315 2901 425 2962 exstitit,
438 2904 469 2950 ut
478 2902 522 2950 vix
535 2900 644 2951 tandem
681 2900 751 2949 &aaa
762 2899 853 2949 (lixit.
872 2900 910 2951 ld.
925 2901 966 2962 37,
976 2900 1023 2952 l'l:
1036 2901 1139 2951 Futoiau
1148 2915 1206 2952 coo·

117 2979 235 3044 lepidus
261 2975 353 3027 consul
376 2976 522 3025 crearetur.
551 2976 643 3036 ltaque
680 2975 719 3023 tul
742 2987 808 3024 cour
830 2979 951 3024 crantor:
968 2977 1089 3036 uirque
1104 2980 1206 3038 postero

117 3053 199 3105 voluti
225 3051 376 3115 procorum
405 3047 501 3100 Lollius
528 3049 589 3112 post
614 3061 643 3098 se
680 3047 775 3098 oleon
788 3048 1085 3113 llooltrtroncolloaom
1101 3051 1205 3116 (lixit.)
