2925 4892
260 358 322 423 652
619 357 746 407 nonani
766 354 984 406 arrsronrnuu

303 514 428 581 Deeisis
450 510 602 581 humilem
623 510 739 598 pennis
761 510 956 595 inopemque
978 504 1102 593 paterni

302 638 340 702 Et
361 635 437 701 laris
459 643 492 700 et
512 631 601 699 bandi
623 640 797 719 paupertas
821 626 945 715 impulit
966 625 1087 703 audax,

302 758 342 825 Ut
362 777 478 823 versus
499 754 655 830 lacerem3
678 751 754 827 sed,
778 749 867 837 quod
889 768 953 815 non
975 747 1073 823 desit,
1100 745 1272 813 habentem

303 882 394 959 Quae
417 884 567 965 poterunt
588 894 732 961 unquam
754 871 831 937 satis
853 888 1035 955 expurgare
1057 868 1196 943 cicutae,

302 1001 340 1066 Ni
361 998 477 1065 melius
499 996 641 1063 dormire
662 1003 774 1082 putem
795 1012 893 1078 quam
916 988 1060 1057 scribere
1082 988 1220 1057 versus?

325 1170 366 1220 53.
393 1180 542 1232 uzpuffliore
566 1180 599 1215 ex
623 1177 677 1213 uno
702 1162 860 1213 Bersmanni
884 1160 1103 1222 Cuningbamius‚
1132 1161 1159 1209 et
1186 1158 1262 1209 sicd
1285 1173 1315 1209 ac

294 1243 420 1294 Schmidii
438 1245 558 1305 quartus.

264 1409 290 1419 -
309 1380 545 1444 Dauus-penula]
563 1379 664 1429 Cinad
682 1380 735 1429 nu.
752 1376 782 1433 l.
819 1388 908 1426 cunco.
927 1372 1222 1435 Pituitrtmutaeu:
1249 1376 1345 1426 timue

260 1460 290 1518 2,
308 1459 337 1507 u:
366 1456 441 1505 tidem
464 1456 515 1516 tut,
541 1455 585 1517 gui
608 1453 669 1503 mibi
692 1453 785 1514 pinuae
821 1449 1018 1512 amiutetloliia
1027 1449 1222 1512 refrigeratoria
1237 1450 1283 1499 uis.
1302 1476 1316 1486 -
1331 1478 1345 1487 -

260 1532 412 1591 iuddcrout,
439 1530 527 1579 uolunt
551 1529 651 1577 modom
673 1526 782 1577 rotomi.
821 1524 861 1574 Fit
877 1536 910 1573 ec
926 1537 955 1573 co
975 1525 1009 1573 od
1029 1525 1234 1587 msrigarondauo
1254 1531 1345 1574 uonn-

260 1606 347 1656 Etiam
362 1605 390 1653 b.
402 1602 420 1654 l.
434 1603 518 1654 Codd.
531 1602 631 1666 aliquot
648 1602 715 1651 Feae
723 1600 785 1662 piu-
822 1598 894 1647 cltum
909 1598 1049 1661 malcomo.
1061 1624 1076 1635 -
1087 1596 1185 1647 -Folio
1201 1612 1299 1661 quoque
1310 1605 1346 1649 tu·

260 1682 308 1731 uu.
327 1706 357 1715 -
375 1678 487 1728 littoris
502 1683 526 1729 ot
542 1676 623 1739 tuadi]
641 1677 708 1725 Cum
724 1676 786 1738 post
821 1684 917 1721 moreau
933 1684 1030 1721 onum
1046 1670 1347 1735 dobrentqucctcpinbo

261 1754 396 1803 Octaviani
413 1754 441 1802 et
458 1752 563 1803 Antonii
580 1752 718 1801 victoriam
735 1750 785 1799 bo·
821 1758 866 1794 rua
881 1747 977 1795 sedant.
1006 1746 1112 1795 Persius
1129 1747 1157 1805 5,
1178 1745 1239 1797 tlt:
1267 1748 1347 1797 colido

261 1841 322 1877 rum
339 1828 473 1878 vetemnis
490 1828 545 1890 agri
570 1826 783 1887 assignarentur,
821 1820 866 1869 sub
884 1826 984 1882 pectore
1000 1820 1115 1870 motatio
1136 1820 1191 1869 bilia
1212 1822 1345 1884 lntwnmt,

260 1903 319 1965 ipse
336 1915 444 1964 quoque
465 1904 607 1965 paternum
628 1899 741 1949 lundum
759 1900 786 1949 et
822 1908 899 1957 quom
914 1909 965 1944 oon
981 1894 1131 1945 eustiuoem't
1146 1909 1215 1943 omo
1234 1896 1344 1959 cinctae,

261 1975 372 2025 domum
389 1976 492 2035 amisit,
510 1978 540 2024 ut
556 1988 589 2024 en
601 1976 678 2037 parte
688 1971 785 2024 saltem
823 1970 857 2019 ad
874 1982 956 2032 quem
974 1967 1062 2018 locum
1080 1967 1238 2019 Scholiasta:
1262 1972 1347 2021 dinuo

261 2049 342 2099 etium
358 2047 479 2111 Virgilius
496 2051 524 2097 et
539 2047 666 2099 Tibullus.
682 2062 786 2111 -pou-
811 2045 932 2110 *colorem
948 2045 975 2093 iu
991 2043 1061 2094 uobis
1074 2044 1179 2108 [rigoris
1194 2046 1235 2093 rui
1251 2046 1277 2095 ci
1300 2060 1346 2095 ea-

257 2128 345 2184 pertos
371 2122 478 2184 impulit]
506 2123 609 2171 ironica
636 2120 785 2185 hyperbola
821 2120 939 2183 diriguit,
965 2119 1069 2179 ideoque
1091 2120 1231 2171 sacerdotes
1251 2120 1347 2171 Cereris

261 2209 326 2247 usus
343 2196 407 2245 dicit
426 2208 457 2245 se
478 2195 572 2258 ommis
588 2197 644 2245 suis
661 2195 785 2247 versibus
822 2194 964 2247 Eleusinion
979 2194 1025 2243 boc
1040 2194 1145 2255 liquoris
1154 2206 1347 2258 generatioque·

262 2270 358 2331 (satiris
375 2272 403 2318 et
424 2268 526 2331 enodis)
545 2268 648 2319 civibus
665 2271 721 2319 suis
743 2271 785 2319 in·
823 2270 930 2329 buntur,
956 2273 984 2317 ut
1000 2282 1018 2317 o
1034 2268 1164 2317 concubitu
1187 2282 1213 2318 se
1238 2269 1346 2319 obuiae

261 2347 402 2393 notescere
419 2341 597 2404 omnibusque
615 2342 785 2393 demonstra·
821 2348 885 2393 rent.
916 2345 1028 2393 Prorsus
1049 2344 1139 2391 autom
1160 2355 1291 2405 perversa
1307 2346 1346 2393 est

261 2430 291 2467 ro
314 2416 444 2478 voluisse,
467 2416 554 2466 mains
576 2416 628 2467 sibi
650 2418 785 2479 ingenium
823 2416 938 2467 varietas
955 2428 1113 2478 obpugnare,
1140 2428 1174 2465 ex
1200 2429 1277 2467 mero
1303 2432 1346 2468 er-

262 2503 338 2551 esse,
357 2504 439 2553 quam
455 2492 486 2541 ut
500 2491 528 2541 in
544 2491 645 2555 scriptu
662 2494 787 2554 quaesto·
822 2505 884 2541 rore
897 2493 963 2540 orta.
994 2490 1032 2539 Cl.
1047 2490 1099 2538 Sat.
1113 2490 1141 2547 θ,
1155 2489 1183 2549 3,
1202 2491 1248 2539 27:
1266 2493 1347 2541 miror

261 2566 314 2627 rio,
332 2578 416 2628 quem
432 2564 482 2616 sibi
493 2567 674 2629 compararat,
693 2578 786 2615 conse·
822 2566 903 2615 morbi
915 2569 1055 2627 purgatum
1072 2569 1094 2613 to
1109 2564 1184 2625 illitu.
1205 2590 1233 2599 -·
1252 2566 1346 2629 Sincu-

262 2642 394 2689 nesceret.
424 2638 517 2690 Procul
535 2640 617 2689 dubio
628 2643 718 2690 nutem
729 2641 786 2703 pri·
822 2640 849 2691 lo
860 2640 922 2701 cet]
935 2641 1063 2702 «insuper
1077 2638 1264 2701 progrediente
1277 2654 1347 2691 sem·

261 2715 313 2765 mis
330 2712 379 2765 illis
398 2716 529 2778 poematis
545 2714 643 2777 Virgilii
660 2714 784 2777 Variiquo
823 2728 872 2778 per
883 2716 969 2763 aetate
987 2712 1134 2775 languidior
1145 2725 1253 2776 quoquo
1266 2715 1301 2764 tio
1312 2715 1345 2765 ad

262 2789 467 2839 lamiliaritatem
483 2789 535 2839 sibi
553 2788 715 2849 conciliavit,
740 2789 785 2851 qui
822 2790 920 2852 scriptu
942 2786 1130 2837 elaboranda.»
1159 2789 1231 2837 lnest
1257 2789 1282 2837 in
1305 2790 1346 2840 bia

263 2877 326 2913 eum
335 2865 481 2914 Maecenati
489 2864 713 2915 commendarunt
722 2866 783 2925 (Sat.
823 2865 953 2914 maestitia
962 2862 1095 2926 quaedam
1104 2864 1171 2913 mire
1179 2865 1270 2914 tomen
1282 2865 1347 2915 mix-

263 2938 334 2997 t‚6,
347 2938 409 2998 bd),
428 2939 504 2987 cuius
515 2936 671 2988 liberalitate
684 2952 717 2987 ac
728 2950 786 2987 mu·
823 2940 848 2987 tn
866 2952 928 2988 cum
950 2938 1041 2988 nescio
1063 2950 1115 2999 qua
1139 2938 1237 2995 ironia;
1264 2940 1345 3001 atque

262 3010 395 3060 nilioentia
412 3012 496 3073 ipsius
507 3011 628 3061 condicio
645 3011 739 3061 melior
750 3012 786 3061 ln·
822 3010 888 3061 tales
905 3024 967 3061 cum
979 3012 1125 3061 etiamtunc
1137 3012 1262 3075 epistolas
1274 3026 1346 3063 com-

263 3086 305 3133 cto
322 3088 371 3133 est.
401 3085 507 3134 llinime
519 3098 598 3145 vero,
617 3087 646 3134 ut
657 3084 733 3147 volgo
745 3086 783 3147 lit,
821 3087 947 3149 poneret,
966 3085 1000 3135 de
1018 3084 1107 3147 lyricis
1124 3085 1288 3137 carminibus
1300 3100 1346 3151 po

262 3156 462 3220 intelligendum
487 3162 528 3209 est
555 3160 590 3209 de
616 3160 742 3209 mercede
768 3174 783 3209 a
822 3161 953 3211 tissimum
976 3160 1106 3223 cogitavit.
1129 3187 1151 3197 -
1176 3162 1344 3225 praedantur]

262 3234 354 3283 nescio
371 3246 424 3295 qno
441 3246 490 3297 pro
507 3233 601 3296 primis
617 3232 666 3284 illis
686 3237 785 3285 carmi-
823 3234 998 3299 Pseudoplalo
1016 3236 1135 3299 Epinom.
1147 3236 1204 3285 976.
1217 3241 1253 3287 A:
1266 3232 1345 3286 ὅσων

262 3308 341 3360 nibus
358 3314 445 3372 capta.
822 3300 895 3381 ὧραι
906 3338 920 3347 -
932 3340 947 3351 -
958 3308 1101 3376 ληΐζονται
1117 3305 1171 3373 τὴν
1187 3308 1244 3358 τῶν
1265 3307 1345 3372 ζώων
1444 3300 1445 3355 j

294 3384 382 3435 52-57.
410 3383 783 3448 quccmuocrutobeutem]
822 3382 921 3447 φύσιν.
946 3413 974 3421 -
998 3383 1088 3446 mutu]
1116 3382 1163 3432 Od.
1185 3384 1215 3441 ἢ,
1243 3383 1288 3445 il,
1314 3386 1343 3435 5:

262 3460 423 3521 «Postquam
440 3457 543 3519 habeo,
567 3459 640 3521 quod
657 3460 722 3509 mibi
740 3472 785 3509 sa·
823 3463 942 3522 quotquot
962 3463 1019 3509 euru
1040 3458 1099 3507 dics.
1130 3456 1178 3505 Od.
1201 3454 1230 3515 l,
1258 3459 1287 3519 o,
1315 3460 1343 3509 7:
1444 3450 1445 3505 Ϊ

262 3534 295 3582 tis
312 3534 347 3582 sit
363 3532 489 3595 quodque
501 3533 598 3583 deesse
615 3546 669 3583 non
686 3533 785 3583 debeat
822 3534 922 3596 gratior
937 3533 957 3581 tt
972 3532 1030 3581 dics
1058 3529 1134 3579 Ovid.
1152 3532 1182 3579 A.
1200 3534 1231 3581 A.
1250 3531 1278 3593 3,
1298 3533 1342 3582 62:
1444 3532 1445 3599 i

262 3606 389 3657 advitam
401 3608 542 3657 commode
554 3607 716 3670 degendam,
729 3612 784 3658 tam
822 3609 927 3658 ludite:
954 3608 1034 3657 cuul
1061 3604 1124 3654 anui
1150 3617 1221 3654 more
1247 3608 1347 3668 sluemis
1444 3604 1445 3675 ff

262 3682 371 3730 insanus
389 3694 490 3741 essem,
513 3683 535 3731 si
553 3682 672 3732 scribere
691 3694 785 3731 versus
822 3694 912 3744 aquae.
931 3680 977 3743 (toa
993 3676 1204 3729 oiioaoolodorea.
1223 3682 1345 3743 Burgus.)
1444 3678 1445 3683 ’

262 3752 370 3803 mallem
387 3767 469 3815 qnam
484 3756 512 3804 in
522 3757 595 3805 diem
607 3756 737 3815 dormire,
758 3756 787 3805 ut
827 3784 853 3794 -
875 3754 1029 3817 actorquerc]
1052 3754 1148 3804 «invito
1171 3755 1266 3814 mihin
1292 3770 1346 3819 qno

263 3827 433 3889 quantumvis
449 3828 552 3877 cicutae
569 3842 706 3893 nunquam
721 3842 786 3892 pos·
823 3830 906 3881 verbo
923 3828 1052 3891 significat
1066 3841 1096 3879 se
1114 3826 1198 3879 multo
1210 3830 1295 3891 magis
1306 3844 1347 3881 re⁴

262 3902 305 3951 set
320 3901 384 3949 satis
401 3914 445 3950 me
457 3914 613 3965 ecpwgorc,
632 3906 736 3954 aestum
750 3904 787 3953 le·
823 3906 906 3953 tinere
925 3915 1021 3966 cupere
1044 3899 1197 3953 facultatem
1214 3904 1347 3965 poeticam
1433 3952 1435 3957 .

262 3972 357 4023 brilem
381 3974 566 4037 refrigerare;»
595 3991 658 4027 nam
676 3981 785 4027 auctore
823 3990 904 4040 quam
929 3982 1011 4027 cetero
1036 3976 1134 4025 ludicro
1157 3977 1235 4039 (Epp.
1260 3978 1288 4036 l,
1318 3979 1346 4035 t,

263 4047 341 4099 Celso
358 4051 388 4109 ὅ,
406 4051 446 4099 lb.
465 4064 528 4099 cum
544 4051 601 4102 aliis
618 4052 707 4102 multis
728 4053 786 4114 (ve·
823 4052 872 4113 lo.)
885 4050 965 4113 idque
977 4051 1064 4113 ipsum
1076 4050 1207 4111 significat
1218 4052 1283 4099 scita
1296 4050 1347 4101 bau

263 4124 301 4175 lut
317 4138 379 4175 aare
403 4123 557 4182 combusto,
585 4129 724 4189 papaveris
747 4125 784 4176 la·
823 4124 989 4188 gradatione:
1013 4125 1151 4185 procdun',
1170 4124 1280 4185 cripere,
1299 4138 1348 4175 uo-

263 4199 359 4261 crima,
378 4199 492 4262 sesamo)
509 4200 588 4249 modii
599 4202 680 4251 etiam
690 4202 787 4251 dardae
822 4205 949 4262 torquere,
967 4200 1111 4262 eumitren,
1130 4199 1276 4260 eutrcisuco,
1294 4204 1349 4249 cot-
1444 4242 1445 4285 ζ
