2925 4892
530 354 606 407 VlTA
623 354 763 407 nonam.
1127 350 1191 417 9οὔ

105 507 256 596 epistola:
282 508 439 575 «Pertulit
459 506 502 575 ad
523 528 576 575 me
598 508 776 599 Dionysius
797 506 941 577 libellum
962 518 1069 585 mum,
1092 530 1192 599 quem

105 650 185 717 ego,
214 638 251 695 ut
271 650 423 697 accusem
445 639 491 707 te,
525 628 832 719 quantuluscunque
853 640 916 706 est,
946 630 1024 698 boni
1046 628 1190 699 consulo.

105 752 214 817 Vereri
230 760 338 817 autem
354 750 431 817 mibi
446 750 583 829 videris,
607 772 649 819 ua
665 752 807 819 maiores
821 750 921 819 libelli
935 752 981 819 tui
996 752 1073 830 siut,
1092 772 1191 841 quam

105 873 177 959 ipse
199 892 245 939 es.
275 871 357 947 Sed,
381 871 408 937 si
423 871 479 938 tibi
495 880 616 938 statura
631 870 738 950 deest,
762 870 993 961 corpusculum
1010 893 1075 940 uon
1089 872 1191 941 deest

105 993 218 1079 ltaque
245 990 354 1060 licebit
378 993 412 1057 iu
441 991 614 1060 sextariolo
644 992 784 1071 scribas,
816 1012 891 1061 cum
918 994 1072 1063 circuitus
1100 992 1192 1062 volu-

97 1112 202 1197 ¹minis
224 1114 269 1180 tui
292 1113 333 1181 sit
354 1111 616 1200 ὀγκωὸέστατος,
642 1113 725 1180 sicut
752 1123 803 1180 est
822 1113 990 1183 ventriculi
1012 1114 1086 1182 tui.»
1132 1114 1192 1205 [ld

108 1254 162 1301 res
188 1254 346 1303 venereas
375 1234 638 1323 intemperantior
665 1234 815 1315 traditur;
845 1254 921 1302 uam
946 1234 1114 1325 speculato
1136 1255 1193 1305 cn·

107 1355 215 1423 biculo
247 1366 353 1423 scorta
385 1356 502 1423 dicitur
532 1354 685 1422 habuisse
707 1354 879 1443 dispositu,
910 1368 961 1433 ut,
996 1376 1193 1445 quocunque

107 1477 313 1564 respexisset,
330 1476 418 1543 ibici
435 1477 542 1564 imago
557 1476 660 1543 coitus
676 1474 873 1564 referretur]
883 1478 903 1561 ¹)
925 1476 1009 1545 Vixit
1020 1476 1193 1565 plurimum

108 1599 139 1662 in
163 1618 296 1665 secessu
320 1598 404 1664 ruris
426 1598 476 1663 sui
499 1595 609 1663 Sabini
638 1607 693 1663 aut
714 1595 883 1672 Tiburtini,
917 1596 1100 1685 domusque
1122 1598 1193 1666 eius

107 1718 287 1786 ostenditur
309 1719 395 1786 circa
417 1719 546 1785 Tiburni
566 1718 717 1785 luculum.
748 1720 911 1786 Venerunt
927 1719 959 1784 iu
973 1738 1089 1787 manus
1102 1738 1193 1787 meas

108 1850 140 1905 et
169 1839 253 1926 elegi
282 1838 343 1907 sub
373 1840 444 1907 eius
474 1840 564 1907 titulo
594 1850 627 1907 et
654 1838 790 1927 epistola
811 1860 910 1927 prosa
931 1841 1076 1908 oratioue
1098 1840 1193 1929 quasi

108 1960 363 2027 commendantis
386 1982 422 2028 se
445 1960 640 2028 Maecenati:
664 1960 723 2027 sed
744 1970 883 2049 utruque
902 1960 982 2028 lalsa
1002 1970 1096 2050 puto,
1118 1980 1192 2029 num

108 2081 191 2169 elegi
214 2081 378 2169 volgares,
408 2081 544 2170 epistola
573 2083 668 2149 etiam
691 2082 848 2149 obscura:
877 2102 943 2170 quo
965 2081 1041 2149 vitio
1063 2082 1194 2150 minime
1248 2086 1256 2102 '

109 2202 289 2270 tenebatur.
323 2206 422 2269 Natus
451 2212 501 2269 est
527 2212 617 2269 sexto
640 2201 716 2269 ldus
737 2201 952 2279 Decembres,
983 2202 1083 2271 Lucio
1104 2202 1195 2271 Cottu

108 2335 141 2391 et
159 2326 261 2391 Lucio
283 2324 443 2413 Torquato
466 2324 695 2411 consulibusll.
732 2324 880 2392 Decessit
900 2325 1012 2412 quinto
1033 2322 1195 2391 Kalendas

109 2444 323 2525 Decembres
358 2446 436 2512 Caio
463 2445 582 2512 biarcio
612 2446 789 2513 Censorino
821 2454 854 2511 et
874 2444 952 2513 Caio
973 2446 1083 2512 Asinio
1105 2442 1195 2513 Gallo

109 2566 346 2651 consulibusll,
380 2580 454 2656 post
482 2566 653 2655 septimum
682 2576 715 2633 et
739 2565 1043 2653 quinquagesimum
1065 2584 1193 2639 annum,

111 2686 232 2755 herede
261 2691 405 2777 Augusto
439 2688 545 2779 palam
575 2695 776 2773 nuncupato,
811 2706 886 2752 cum
916 2694 1052 2771 urgente
1079 2686 1111 2751 vi
1140 2704 1196 2751 va·

111 2808 261 2875 letudiuis
289 2830 353 2875 non
375 2809 538 2877 sufficeret
559 2808 600 2875 ad
622 2804 838 2895 obsignandas
859 2807 1040 2873 testamenti
1060 2804 1194 2873 tabulas.

111 2930 267 2996 llumatus
296 2941 329 2997 et
356 2931 504 2998 conditus
533 2942 583 2997 est
604 2928 756 2997 extremis
778 2926 929 3016 Esquiliis
962 2927 1049 2995 iuxta
1071 2928 1197 2995 blaecc-

111 3051 193 3117 natis
215 3050 381 3117 tumulum.

633 3240 671 3303 ll.

546 3378 766 3429 asosrnn

175 3537 310 3614 Qnrnros
332 3534 485 3599 llouarns
507 3535 641 3600 Tenaces
664 3540 761 3619 po'eta
783 3532 841 3599 luit
854 3532 977 3623 lyricus
991 3543 1024 3601 et
1037 3534 1198 3624 satyricus

115 3656 217 3739 patrie
239 3654 434 3729 Venusinus,
458 3653 585 3721 dicente
607 3651 759 3721 Iuvenale
781 3653 898 3743 Satyra
919 3654 1077 3741 prima⁶lz

181 3884 197 3943 ¹)
216 3884 289 3940 Quae
307 3879 397 3931 verbis
414 3878 521 3931 inclusis
539 3882 694 3941 canentur,
712 3880 748 3929 sd
765 3880 886 3931 emtum
903 3880 1040 3945 qucum
1057 3880 1139 3931 rslsrt
1155 3884 1200 3931 se·

117 3976 180 4013 neca
199 3964 318 4023 Quaeslt.
337 3964 405 4012 Nutt.
424 3964 450 4022 l,
466 3962 506 4021 46,
524 3964 550 4013 2.

179 4050 197 4105 τ)
215 4050 246 4096 Α.
265 4060 291 4095 u.
311 4058 335 4095 c.
354 4046 410 4096 689.
436 4058 460 4095 a.
479 4046 541 4095 Cbr.
560 4048 601 4095 st.
632 4046 671 4097 cl,
690 4046 739 4097 od.
757 4047 783 4106 3,
800 4048 843 4105 tl,
862 4047 886 4097 l.
913 4046 1060 4111 spuere,
1079 4048 1104 4097 6,
1132 4048 1197 4113 Ερρ,

118 4128 141 4187 l,
158 4129 199 4189 2⁰,
218 4130 250 4179 27
267 4140 309 4192 sq.

179 4214 244 4270 TA.
265 4226 292 4261 u.
311 4224 335 4261 c.
353 4212 411 4263 llo.
429 4224 454 4261 a.
473 4212 535 4262 Chr.
554 4212 579 4263 8.
603 4236 632 4249 -
658 4209 719 4273 lv.
738 4213 779 4263 bl.
