2925 4892
245 370 307 435 ΗΒ
635 371 764 420 uoaaru
781 370 962 421 santanaco

288 530 363 614 lpse
386 526 463 592 mibi
486 536 595 592 custos
618 524 915 610 incorruptissimus
938 544 1051 590 omnes

290 631 419 716 Circum
442 646 593 713 doctores
615 643 737 711 aderat.
783 645 868 723 Quid
889 644 1011 710 multa?
1036 643 1206 721 Pudiuum‚

290 769 353 848 Oui
375 769 499 857 primus
521 766 646 833 virtutis
667 766 789 843 bonoS,
814 762 959 831 servavit
976 764 1017 831 ab
1039 767 1125 832 omni

288 892 358 955 Non
380 889 485 955 solum
508 888 605 964 lacto,
628 907 742 953 verum
764 886 940 974 opprobrio
962 908 1096 975 qnoque
1119 889 1220 974 turpi,

289 1012 356 1077 Noc
377 1009 497 1084 timuit,
521 1008 582 1073 sibi
605 1028 646 1083 ne
669 1008 746 1072 vitio
769 1008 843 1094 quis
866 1018 1018 1082 verteret,
1043 1007 1118 1073 olim
1295 1010 1339 1072 85

290 1130 325 1195 Si
348 1149 468 1216 praeco
490 1149 607 1214 parvas
630 1139 698 1201 aut,
722 1138 758 1193 ut
780 1127 837 1193 luit
860 1128 945 1214 ipsc,
977 1136 1106 1193 coactor

196 1237 200 1245 ’
293 1248 461 1316 Mercedes
473 1268 646 1335 sequerer3
660 1269 768 1336 noque
780 1268 842 1335 ego
855 1269 962 1313 essem
973 1259 1123 1336 quastus:
1138 1258 1170 1313 at
1180 1247 1241 1315 hoc
1253 1270 1342 1315 nunc

290 1372 376 1435 Laus
399 1368 442 1434 illi
464 1368 602 1435 debetur
624 1379 656 1434 et
678 1358 771 1434 amo
794 1370 895 1455 gratia
918 1368 1029 1434 maior.

293 1490 341 1556 Nil
363 1510 416 1556 mc
438 1490 602 1576 poeniteat
623 1510 738 1555 sanum
760 1490 860 1577 patris
882 1488 992 1564 huius,
1017 1510 1124 1577 eoque

292 1614 377 1688 Non,
402 1622 437 1675 ut
458 1630 574 1697 magua
595 1608 671 1676 dolo
693 1609 812 1676 lactum
832 1619 928 1697 negat
950 1631 1024 1677 esso
1046 1631 1106 1676 suo
1129 1632 1220 1698 pars,
1297 1613 1342 1676 90

316 1791 357 1839 83,
377 1788 493 1838 sonabat
509 1802 537 1852 p,
557 1801 626 1837 corr.
646 1802 670 1838 c.
690 1792 718 1837 et
734 1791 795 1837 octo
813 1790 937 1839 Pottiorii.
955 1814 982 1823 —
1001 1788 1041 1837 87.
1062 1789 1151 1838 adhoc
1168 1787 1253 1853 bodp,
1273 1791 1308 1839 ud

284 1865 345 1913 boec
371 1877 386 1911 e
412 1862 497 1912 Codd.
516 1861 663 1921 Bembina,
690 1874 771 1923 quam
788 1860 849 1911 lect.
868 1864 1001 1914 memorat
1018 1863 1071 1913 iam
1087 1864 1188 1923 Acron,
1216 1862 1245 1913 ob
1261 1864 1308 1914 boc

283 1942 339 1987 tres
355 1938 485 1997 Pottierii‚
504 1935 596 1995 Aldus,
617 1937 676 1985 tet.
697 1937 736 1996 (itt
753 1949 814 1995 nos,
834 1938 868 1997 S.)

282 2074 371 2125 8l-8l.
399 2074 461 2135 lpse]
485 2086 539 2122 non
556 2084 652 2123 servus
675 2073 776 2136 paeda·
811 2075 903 2139 cbocpc
919 2076 1093 2125 d’buiaaicrou
1104 2077 1133 2125 dc
1144 2076 1229 2138 simplo
1239 2084 1342 2140 serpent

250 2152 342 2211 gogus.
381 2148 480 2197 Oderat
502 2147 574 2196 enim
599 2149 676 2209 pater
700 2148 775 2198 triste
812 2163 906 2200 omnmo
922 2150 965 2199 lui.
1003 2151 1093 2212 (tuum
1108 2150 1163 2200 ecla
1179 2154 1220 2201 eut
1236 2154 1288 2211 cte,
1309 2154 1341 2214 je

249 2220 313 2272 illud
330 2222 547 2284 paedagogorum
558 2234 657 2283 genus,
675 2221 776 2285 dequo
812 2226 918 2274 oem’cn
929 2225 1006 2275 aereis
1019 2225 1185 2287 puaplointm
1203 2225 1339 2275 Sanadon.

250 2296 773 2360 AntiphanesinitieinekiiFragmcom.
817 2326 842 2333 -
861 2300 970 2363 coactor]
994 2299 1162 2348 exactionum
1189 2299 1268 2357 (Suet.
1286 2300 1340 2349 vit.

251 2372 293 2420 ill.
313 2383 340 2433 p.
358 2370 405 2419 85:
432 2370 464 2419 οἱ
481 2367 594 2419 Σκύθαι
605 2370 777 2435 --γενομέ·
814 2371 964 2434 liucinii),
984 2386 1051 2436 quas
1068 2384 1117 2436 pro
1134 2370 1343 2436 publicanorum

251 2459 345 2495 νοισιν
370 2437 477 2506 εὐθέως
500 2448 563 2505 τοῖς
587 2442 712 2507 παιδίοις
734 2438 775 2495 Οὐ
814 2444 899 2508 ulique
917 2447 1044 2497 societate
1056 2444 1178 2496 curabat.
1213 2447 1278 2497 Sunt
1292 2449 1340 2509 qui

251 2514 294 2583 μὰ
311 2516 365 2570 Δία
375 2514 476 2581 τιτθὰς
492 2514 644 2584 εἰσάγουσι
660 2517 776 2579 βασκά-
813 2519 975 2571 contendant
997 2520 1135 2571 Horatium
1157 2521 1261 2583 patrem
1285 2522 1343 2571 Ro·

251 2608 335 2655 νους,
364 2592 421 2643 Καὶ
445 2589 646 2659 παιδαγωγοὺς
670 2585 775 2656 αὖθις,
814 2607 890 2652 mae,
930 2606 982 2643 non
1015 2594 1148 2644 Venusiae
1184 2596 1342 2647 cunctorem

252 2656 294 2716 ὧν
308 2670 407 2732 μεῖζον
424 2663 525 2731 [κακὸν
541 2660 602 2719 Oe’oc
623 2661 703 2718 ἔστιν
724 2662 777 2719 οὐ·
814 2670 916 2731 egisse:
946 2669 985 2719 sic
1011 2668 1082 2717 euim
1112 2668 1189 2718 unice
1215 2666 1345 2732 explicari

252 2738 319 2804 δέη.
340 2766 367 2776 -
395 2743 609 2792 Pudicam--ub
629 2744 697 2792 omni
713 2742 776 2805 cet]
813 2754 909 2808 posse,
937 2742 1073 2804 quomodo
1097 2740 1133 2791 ibi
1156 2754 1265 2792 secum
1285 2741 1343 2791 illio

254 2829 332 2879 «prae
350 2815 452 2879 pudore
467 2816 672 2866 abstinentem.»
688 2842 715 2853 -
729 2818 779 2877 Qui
814 2820 869 2867 tam
892 2815 962 2866 leuto
980 2816 1148 2875 sustentarit;
1176 2816 1344 2878 quasivero

248 2890 383 2951 primatu.
395 2890 480 2953 bonos]
493 2890 583 2953 «quod
598 2892 716 2953 primum
728 2890 778 2939 de·
815 2904 881 2950 non,
900 2902 961 2939 cum
978 2890 1112 2940 Venusiae
1130 2892 1238 2939 coactor
1254 2892 1341 2951 esset,

253 2974 302 3012 cus
327 2965 368 3012 est
395 2961 620 3023 adolescentium,
650 2963 695 3025 qui
720 2962 777 3012 eliis
815 2963 934 3015 modicas
950 2964 1002 3013 sibi
1017 2963 1156 3015 incultutes
1172 2975 1266 3026 parare
1288 2976 1344 3027 po-

254 3033 395 3084 virtutibus
415 3037 471 3085 uoti
493 3040 573 3099 etque
596 3036 718 3085 honorati
735 3038 778 3086 vix
815 3039 906 3097 tuerit,
931 3050 1045 3102 quarum
1068 3036 1198 3088 tractibus
1221 3038 1247 3086 iu
1270 3037 1343 3088 Urbe

255 3122 316 3160 esse
333 3111 445 3172 possunt
461 3123 542 3172 quam
558 3109 661 3173 pudore
679 3113 706 3159 et
726 3124 777 3174 pu·
815 3113 895 3161 vitam
913 3110 1046 3161 toleraret.
1067 3138 1094 3147 —
1113 3116 1141 3160 ut
1156 3111 1202 3160 boc
1214 3111 1275 3171 cat]
1298 3116 1343 3161 aet

254 3182 368 3232 dicitia.»
397 3181 479 3233 Plaut.
498 3184 568 3233 Trin.
585 3183 615 3241 3,
634 3185 663 3244 2,
682 3184 726 3233 it:
754 3186 778 3234 Is
815 3188 958 3249 propterea
975 3187 1048 3234 tanto
1060 3185 1191 3235 maiorem
1206 3182 1343 3234 illidabeo

253 3262 289 3308 ost
304 3258 380 3306 bonos
395 3258 489 3307 bomini
506 3258 612 3319 pudico,
637 3260 777 3309 monuisse
815 3260 942 3322 gratiam,
963 3259 1035 3322 quod
1053 3272 1097 3309 me
1115 3257 1210 3309 melius
1227 3270 1260 3307 ac
1281 3256 1346 3307 lau-

253 3333 363 3397 ot'flct'um
378 3345 460 3382 meon.
495 3334 549 3382 Cic.
563 3334 664 3383 Par-titt.
677 3348 717 3384 or.
730 3334 775 3395 23,
815 3334 866 3383 tius
884 3345 965 3396 quam
987 3332 1137 3384 condicioni
1158 3346 1223 3383 suae
1240 3345 1344 3382 conve-

254 3409 300 3458 79:
325 3408 412 3458 Cmtot
428 3408 551 3458 uirtutium
571 3408 683 3459 omnium
703 3409 778 3459 dodo-
815 3407 919 3478 plebat,
939 3407 1110 3458 educandum
1127 3408 1254 3457 curavit.»
1288 3408 1344 3457 Le·

252 3498 296 3533 cus
311 3484 409 3546 supinas
424 3483 572 3544 laudentque
588 3484 702 3533 mommo
719 3498 777 3533 cco-
815 3484 916 3531 ctioues
941 3482 975 3531 od
999 3482 1058 3542 boc,
1082 3483 1117 3530 od
1140 3482 1215 3542 boec,
1234 3480 1271 3530 -ub
1294 3481 1343 3531 boc

251 3570 354 3619 aequent
373 3558 524 3607 vormudiu
543 3562 587 3608 cst.
608 3572 746 3608 -oerum
762 3586 777 3597 -
814 3559 888 3606 ortae
912 3559 973 3607 sunt
995 3570 1027 3606 ex
1049 3558 1095 3606 boc
1111 3570 1164 3606 nou
1182 3558 1244 3607 satis
1261 3556 1342 3606 iutel-

253 3631 358 3693 quoouc]
385 3632 437 3680 Cir.
455 3632 543 3694 Reisig
567 3633 623 3682 Lut.
644 3633 774 3694 Sprucbw.
814 3630 892 3681 lecto.
929 3632 1051 3680 Nostram
1075 3630 1218 3685 lectionem
1244 3630 1343 3693 probat

251 3718 279 3767 p.
307 3703 365 3754 tit.
394 3730 420 3740 -
447 3706 597 3767 opprobrio]
627 3707 718 3756 «adeo
748 3709 778 3757 ut
815 3706 895 3755 etiem
914 3704 988 3754 Hand
1006 3706 1082 3755 Turs.
1101 3707 1120 3754 l.
1140 3718 1166 3768 p.
1187 3706 1242 3755 tac.

253 3777 336 3840 (quod
352 3780 415 3829 tunc
433 3780 598 3830 rarissimum
616 3780 680 3842 erat)
696 3792 776 3831 nemo
847 3778 952 3829 at-too.
981 3779 1079 3829 litteo
1101 3780 1163 3841 cet]
1190 3778 1342 3838 «Quamdiu

251 3864 371 3914 uuquam
383 3865 427 3901 me
438 3851 549 3903 laesisse
561 3852 714 3915 pudicitiam
726 3857 778 3905 cn'-
815 3856 887 3905 certe
906 3866 987 3904 sanus
1004 3866 1064 3913 ero,
1090 3865 1226 3916 nunquam
1243 3864 1342 3915 parum

254 3925 370 3975 minatus
388 3926 447 3974 eit..
815 3928 879 3979 mihi
897 3926 957 3978 lelix
974 3928 1058 3977 videri
1072 3930 1182 4002 potero,
1207 3926 1279 3990 quod
1296 3926 1343 3977 tali

285 3998 373 4047 dli-88.
392 3999 444 4047 Nec
454 4000 536 4048 timuit
548 4001 610 4065 cet]
623 4002 659 4050 «ll
668 4015 700 4051 no
710 4004 778 4051 croi·
815 4004 892 4053 nutus
910 4002 961 4053 sim
978 4004 1080 4065 patre.»
1101 4029 1128 4038 -
1142 4000 1206 4064 dolo]
1225 4001 1256 4052 Ul
1269 4000 1343 4064 apud

251 4071 305 4133 pnit
326 4072 399 4132 point
423 4073 499 4132 qu'oa
523 4075 559 4123 lui
586 4076 718 4136 reprocbdt
742 4090 777 4125 uu
815 4078 903 4137 lCtos,
923 4074 1042 4141 «culpam
1061 4102 1089 4113 -—
1109 4076 1141 4125 lit
1156 4090 1208 4125 ooo
1225 4079 1248 4124 ct
1263 4075 1343 4139 ratio]

249 4147 310 4206 jour
325 4146 400 4206 ou'cn
415 4147 510 4209 suimut
526 4153 581 4198 tunt
597 4150 626 4200 do
643 4152 747 4213 monae
759 4151 778 4199 il
816 4150 862 4200 «Et
878 4151 949 4203 dicta
968 4163 1028 4201 mea
1040 4152 1067 4200 et
1083 4150 1175 4201 intima
1187 4150 1268 4199 animi
1280 4160 1344 4200 sen-

252 4221 355 4270 m'aooit
378 4222 462 4273 reduit
484 4222 502 4272 d
521 4236 561 4273 mc
584 4222 675 4274 berner
696 4224 779 4276 duno
815 4227 911 4288 teatin,
935 4222 983 4277 illis
1001 4224 1078 4290 plane
1098 4224 1291 4289 respondens.»
1314 4252 1340 4261 -
