<?xml version="1.0" encoding="UTF-8"?>
<!DOCTYPE html PUBLIC "-//W3C//DTD XHTML 1.0 Transitional//EN"
    "http://www.w3.org/TR/xhtml1/DTD/xhtml1-transitional.dtd">
<html xmlns="http://www.w3.org/1999/xhtml" xml:lang="en" lang="en">
 <head>
  <title>
</title>
<meta http-equiv="Content-Type" content="text/html;charset=utf-8" />
  <meta name='ocr-system' content='tesseract 3.04.00' />
  <meta name='ocr-capabilities' content='ocr_page ocr_carea ocr_par ocr_line ocrx_word'/>
</head>
<body>
  <div class='ocr_page' id='page_1' title='image "./qhoratiusflaccu03baitgoog/qhoratiusflaccu03baitgoog_0460.png"; bbox 0 0 2925 4892; ppageno 0'>
   <div class='ocr_carea' id='block_1_1' title="bbox 284 389 1009 456">
    <p class='ocr_par' dir='ltr' id='par_1_1' title="bbox 284 389 1009 456">
     <span class='ocr_line' id='line_1_1' title="bbox 284 389 1009 456; baseline 0.006 -16"><span class='ocrx_word' id='word_1_1' title='bbox 284 392 346 456; x_wconf 66' lang='grc'><strong>4444</strong></span> <span class='ocrx_word' id='word_1_2' title='bbox 640 390 770 442; x_wconf 81' lang='grc'><strong>44444444</strong></span> <span class='ocrx_word' id='word_1_3' title='bbox 787 389 1009 444; x_wconf 78' lang='grc'><strong>4444444444</strong></span> 
     </span>
    </p>
   </div>
   <div class='ocr_carea' id='block_1_2' title="bbox 244 545 1439 1602">
    <p class='ocr_par' dir='ltr' id='par_1_2' title="bbox 324 545 1199 633">
     <span class='ocr_line' id='line_1_2' title="bbox 324 545 1199 633; baseline -0.005 -18"><span class='ocrx_word' id='word_1_4' title='bbox 324 550 393 615; x_wconf 91' lang='lat' dir='ltr'><strong>Non</strong></span> <span class='ocrx_word' id='word_1_5' title='bbox 416 557 523 615; x_wconf 87' lang='lat' dir='ltr'><strong>cessat</strong></span> <span class='ocrx_word' id='word_1_6' title='bbox 544 546 686 613; x_wconf 83' lang='lat' dir='ltr'><strong>laudare.</strong></span> <span class='ocrx_word' id='word_1_7' title='bbox 732 546 824 613; x_wconf 83' lang='lat' dir='ltr'><strong>Videt</strong></span> <span class='ocrx_word' id='word_1_8' title='bbox 845 545 995 633; x_wconf 86' lang='lat' dir='ltr'><strong>ridetque</strong></span> <span class='ocrx_word' id='word_1_9' title='bbox 1018 545 1199 633; x_wconf 77' lang='lat' dir='ltr'>Philippus,</span> 
     </span>
    </p>

    <p class='ocr_par' dir='ltr' id='par_1_3' title="bbox 244 665 1374 1013">
     <span class='ocr_line' id='line_1_3' title="bbox 326 665 1295 755; baseline -0.006 -18"><span class='ocrx_word' id='word_1_10' title='bbox 326 671 376 744; x_wconf 85' lang='lat' dir='ltr'><strong>Et,</strong></span> <span class='ocrx_word' id='word_1_11' title='bbox 401 669 462 736; x_wconf 91' lang='lat' dir='ltr'><strong>sibi</strong></span> <span class='ocrx_word' id='word_1_12' title='bbox 485 668 562 735; x_wconf 90' lang='lat' dir='ltr'><strong>dum</strong></span> <span class='ocrx_word' id='word_1_13' title='bbox 586 667 749 755; x_wconf 86' lang='lat' dir='ltr'><strong>requiem,</strong></span> <span class='ocrx_word' id='word_1_14' title='bbox 779 665 857 733; x_wconf 90' lang='lat' dir='ltr'><strong>dum</strong></span> <span class='ocrx_word' id='word_1_15' title='bbox 878 666 965 733; x_wconf 86' lang='lat' dir='ltr'><strong>risus</strong></span> <span class='ocrx_word' id='word_1_16' title='bbox 985 665 1132 755; x_wconf 91' lang='lat' dir='ltr'><strong>undique</strong></span> <span class='ocrx_word' id='word_1_17' title='bbox 1153 668 1295 754; x_wconf 85' lang='lat' dir='ltr'><strong>quaerit,</strong></span> 
     </span>
     <span class='ocr_line' id='line_1_4' title="bbox 324 788 1374 879; baseline -0.005 -23"><span class='ocrx_word' id='word_1_18' title='bbox 324 792 409 857; x_wconf 87' lang='lat' dir='ltr'><strong>Dum</strong></span> <span class='ocrx_word' id='word_1_19' title='bbox 431 799 555 879; x_wconf 84' lang='lat' dir='ltr'><strong>septem</strong></span> <span class='ocrx_word' id='word_1_20' title='bbox 577 788 676 856; x_wconf 89' lang='lat' dir='ltr'><strong>donat</strong></span> <span class='ocrx_word' id='word_1_21' title='bbox 698 788 861 864; x_wconf 88' lang='lat' dir='ltr'><strong>sestertia,</strong></span> <span class='ocrx_word' id='word_1_22' title='bbox 886 796 997 853; x_wconf 89' lang='lat' dir='ltr'><strong>mutua</strong></span> <span class='ocrx_word' id='word_1_23' title='bbox 1018 798 1143 874; x_wconf 81' lang='lat' dir='ltr'><strong>septem</strong></span> <span class='ocrx_word' id='word_1_24' title='bbox 1333 790 1374 853; x_wconf 87' lang='grc'><strong>80</strong></span> 
     </span>
     <span class='ocr_line' id='line_1_5' title="bbox 244 906 1114 1013; baseline -0.009 -34"><span class='ocrx_word' id='word_1_25' title='bbox 244 996 249 1013; x_wconf 87' lang='lat'><em>.</em></span> <span class='ocrx_word' id='word_1_26' title='bbox 324 912 491 989; x_wconf 89' lang='lat' dir='ltr'><strong>Promittit,</strong></span> <span class='ocrx_word' id='word_1_27' title='bbox 516 910 692 999; x_wconf 84' lang='lat' dir='ltr'><strong>persuadet</strong></span> <span class='ocrx_word' id='word_1_28' title='bbox 713 910 760 975; x_wconf 92' lang='lat' dir='ltr'><strong>uti</strong></span> <span class='ocrx_word' id='word_1_29' title='bbox 781 918 944 975; x_wconf 88' lang='lat' dir='ltr'><strong>mercetur</strong></span> <span class='ocrx_word' id='word_1_30' title='bbox 965 906 1114 995; x_wconf 80' lang='lat' dir='ltr'><strong>agellum.</strong></span> 
     </span>
    </p>

    <p class='ocr_par' dir='ltr' id='par_1_4' title="bbox 325 1027 1081 1117">
     <span class='ocr_line' id='line_1_6' title="bbox 325 1027 1081 1117; baseline -0.005 -18"><span class='ocrx_word' id='word_1_31' title='bbox 325 1034 493 1100; x_wconf 81' lang='lat' dir='ltr'><strong>Mereatur.</strong></span> <span class='ocrx_word' id='word_1_32' title='bbox 536 1034 583 1099; x_wconf 89' lang='lat' dir='ltr'><strong>Ne</strong></span> <span class='ocrx_word' id='word_1_33' title='bbox 605 1042 636 1098; x_wconf 85' lang='grc'><strong>44</strong></span> <span class='ocrx_word' id='word_1_34' title='bbox 658 1030 764 1117; x_wconf 79' lang='lat' dir='ltr'><strong>longis</strong></span> <span class='ocrx_word' id='word_1_35' title='bbox 784 1027 976 1117; x_wconf 75' lang='lat' dir='ltr'><strong>ambagibus</strong></span> <span class='ocrx_word' id='word_1_36' title='bbox 997 1028 1081 1095; x_wconf 85' lang='lat' dir='ltr'><strong>ultra</strong></span> 
     </span>
    </p>

    <p class='ocr_par' dir='ltr' id='par_1_5' title="bbox 324 1148 1439 1602">
     <span class='ocr_line' id='line_1_7' title="bbox 325 1148 1274 1238; baseline -0.002 -19"><span class='ocrx_word' id='word_1_37' title='bbox 325 1157 430 1234; x_wconf 85' lang='lat' dir='ltr'><strong>Quam</strong></span> <span class='ocrx_word' id='word_1_38' title='bbox 451 1153 530 1219; x_wconf 88' lang='lat' dir='ltr'><strong>satis</strong></span> <span class='ocrx_word' id='word_1_39' title='bbox 552 1162 603 1219; x_wconf 88' lang='lat' dir='ltr'><strong>est</strong></span> <span class='ocrx_word' id='word_1_40' title='bbox 623 1172 747 1229; x_wconf 90' lang='lat' dir='ltr'><strong>morer,</strong></span> <span class='ocrx_word' id='word_1_41' title='bbox 771 1171 812 1218; x_wconf 84' lang='lat' dir='ltr'><strong>ex</strong></span> <span class='ocrx_word' id='word_1_42' title='bbox 833 1148 935 1217; x_wconf 90' lang='lat' dir='ltr'><strong>nitido</strong></span> <span class='ocrx_word' id='word_1_43' title='bbox 956 1149 992 1215; x_wconf 88' lang='lat' dir='ltr'><strong>fit</strong></span> <span class='ocrx_word' id='word_1_44' title='bbox 1012 1150 1153 1218; x_wconf 86' lang='lat' dir='ltr'><strong>rusticus</strong></span> <span class='ocrx_word' id='word_1_45' title='bbox 1175 1160 1274 1238; x_wconf 89' lang='lat' dir='ltr'><strong>atque</strong></span> 
     </span>
     <span class='ocr_line' id='line_1_8' title="bbox 325 1271 1229 1359; baseline -0.004 -18"><span class='ocrx_word' id='word_1_46' title='bbox 325 1274 441 1342; x_wconf 89' lang='lat' dir='ltr'><strong>Sulcos</strong></span> <span class='ocrx_word' id='word_1_47' title='bbox 464 1282 497 1340; x_wconf 89' lang='lat' dir='ltr'><strong>et</strong></span> <span class='ocrx_word' id='word_1_48' title='bbox 517 1272 623 1340; x_wconf 88' lang='lat' dir='ltr'><strong>vineta</strong></span> <span class='ocrx_word' id='word_1_49' title='bbox 646 1282 759 1359; x_wconf 84' lang='lat' dir='ltr'><strong>crepat</strong></span> <span class='ocrx_word' id='word_1_50' title='bbox 779 1291 886 1351; x_wconf 80' lang='lat' dir='ltr'><strong>mera3</strong></span> <span class='ocrx_word' id='word_1_51' title='bbox 910 1284 1083 1359; x_wconf 87' lang='lat' dir='ltr'><strong>praeparat</strong></span> <span class='ocrx_word' id='word_1_52' title='bbox 1105 1271 1229 1346; x_wconf 87' lang='lat' dir='ltr'><strong>ulmos,</strong></span> 
     </span>
     <span class='ocr_line' id='line_1_9' title="bbox 325 1391 1439 1482; baseline -0.004 -21"><span class='ocrx_word' id='word_1_53' title='bbox 325 1394 509 1461; x_wconf 89' lang='lat' dir='ltr'><strong>Immoritur</strong></span> <span class='ocrx_word' id='word_1_54' title='bbox 531 1392 645 1459; x_wconf 90' lang='lat' dir='ltr'><strong>studiis</strong></span> <span class='ocrx_word' id='word_1_55' title='bbox 668 1402 701 1459; x_wconf 94' lang='lat' dir='ltr'><strong>et</strong></span> <span class='ocrx_word' id='word_1_56' title='bbox 722 1412 833 1459; x_wconf 88' lang='lat' dir='ltr'><strong>amore</strong></span> <span class='ocrx_word' id='word_1_57' title='bbox 855 1391 1168 1461; x_wconf 87' lang='lat' dir='ltr'><strong>senescit&#39;habendi.</strong></span> <span class='ocrx_word' id='word_1_58' title='bbox 1335 1396 1374 1457; x_wconf 79' lang='lat'><strong>85</strong></span> <span class='ocrx_word' id='word_1_59' title='bbox 1438 1429 1439 1482; x_wconf 65' lang='lat' dir='ltr'><strong>l</strong></span> 
     </span>
     <span class='ocr_line' id='line_1_10' title="bbox 324 1488 1439 1602; baseline -0.004 -19"><span class='ocrx_word' id='word_1_60' title='bbox 324 1519 442 1583; x_wconf 89' lang='lat' dir='ltr'><strong>Verum</strong></span> <span class='ocrx_word' id='word_1_61' title='bbox 464 1488 519 1581; x_wconf 91' lang='lat' dir='ltr'><strong>uhi</strong></span> <span class='ocrx_word' id='word_1_62' title='bbox 542 1534 621 1582; x_wconf 88' lang='lat' dir='ltr'><strong>oves</strong></span> <span class='ocrx_word' id='word_1_63' title='bbox 644 1514 744 1589; x_wconf 79' lang='lat' dir='ltr'><strong>furto,</strong></span> <span class='ocrx_word' id='word_1_64' title='bbox 768 1513 883 1580; x_wconf 91' lang='lat' dir='ltr'><strong>morbo</strong></span> <span class='ocrx_word' id='word_1_65' title='bbox 905 1514 1034 1602; x_wconf 90' lang='lat' dir='ltr'><strong>periere</strong></span> <span class='ocrx_word' id='word_1_66' title='bbox 1055 1514 1217 1602; x_wconf 80' lang='lat' dir='ltr'><strong>capellae,</strong></span> <span class='ocrx_word' id='word_1_67' title='bbox 1438 1501 1439 1506; x_wconf 29' lang='lat'>¹</span> 
     </span>
    </p>
   </div>
   <div class='ocr_carea' id='block_1_3' title="bbox 347 1740 1059 1805">
    <p class='ocr_par' dir='ltr' id='par_1_6' title="bbox 347 1740 1059 1805">
     <span class='ocr_line' id='line_1_11' title="bbox 347 1740 1059 1805; baseline -0.006 -12"><span class='ocrx_word' id='word_1_68' title='bbox 347 1742 389 1793; x_wconf 92' lang='grc'><strong>80.</strong></span> <span class='ocrx_word' id='word_1_69' title='bbox 408 1742 477 1792; x_wconf 86' lang='grc'><strong>4444444</strong></span> <span class='ocrx_word' id='word_1_70' title='bbox 493 1753 627 1805; x_wconf 85' lang='lat' dir='ltr'><strong>superscr.</strong></span> <span class='ocrx_word' id='word_1_71' title='bbox 649 1740 709 1790; x_wconf 79' lang='lat' dir='ltr'><strong>Tum</strong></span> <span class='ocrx_word' id='word_1_72' title='bbox 725 1740 752 1790; x_wconf 88' lang='lat' dir='ltr'><strong>S.</strong></span> <span class='ocrx_word' id='word_1_73' title='bbox 773 1764 801 1775; x_wconf 95' lang='lat'><em>-</em></span> <span class='ocrx_word' id='word_1_74' title='bbox 820 1740 862 1791; x_wconf 82' lang='grc'><strong>80.</strong></span> <span class='ocrx_word' id='word_1_75' title='bbox 881 1741 1059 1792; x_wconf 71' lang='grc'><strong>1444444444.</strong></span> 
     </span>
    </p>
   </div>
   <div class='ocr_carea' id='block_1_4' title="bbox 279 1945 1441 4315">
    <p class='ocr_par' dir='ltr' id='par_1_7' title="bbox 279 1945 1441 3868">
     <span class='ocr_line' id='line_1_12' title="bbox 281 1945 1440 2011; baseline -0.003 -11"><span class='ocrx_word' id='word_1_76' title='bbox 281 1949 361 2000; x_wconf 86' lang='lat' dir='ltr'><strong>batur</strong></span> <span class='ocrx_word' id='word_1_77' title='bbox 380 1948 489 1998; x_wconf 84' lang='lat' dir='ltr'><strong>tractus.</strong></span> <span class='ocrx_word' id='word_1_78' title='bbox 525 1945 601 1997; x_wconf 81' lang='lat' dir='ltr'><strong>Haud</strong></span> <span class='ocrx_word' id='word_1_79' title='bbox 621 1949 710 2011; x_wconf 75' lang='lat' dir='ltr'><strong>magni</strong></span> <span class='ocrx_word' id='word_1_80' title='bbox 727 1947 810 1998; x_wconf 86' lang='lat' dir='ltr'><strong>aesti-</strong></span> <span class='ocrx_word' id='word_1_81' title='bbox 846 1960 897 1997; x_wconf 84' lang='lat' dir='ltr'><strong>nae</strong></span> <span class='ocrx_word' id='word_1_82' title='bbox 922 1959 1048 1998; x_wconf 83' lang='lat' dir='ltr'><strong>sermone</strong></span> <span class='ocrx_word' id='word_1_83' title='bbox 1073 1947 1139 1997; x_wconf 86' lang='lat' dir='ltr'><strong>scite</strong></span> <span class='ocrx_word' id='word_1_84' title='bbox 1164 1947 1264 2009; x_wconf 83' lang='lat' dir='ltr'><strong>ntilnr,</strong></span> <span class='ocrx_word' id='word_1_85' title='bbox 1294 1960 1375 2011; x_wconf 86' lang='lat' dir='ltr'><strong>quem</strong></span> <span class='ocrx_word' id='word_1_86' title='bbox 1439 1975 1440 2004; x_wconf 68' lang='lat'>1</span> 
     </span>
     <span class='ocr_line' id='line_1_13' title="bbox 281 2017 1440 2083; baseline -0.001 -12"><span class='ocrx_word' id='word_1_87' title='bbox 281 2024 440 2072; x_wconf 75' lang='lat' dir='ltr'><strong>maturasse</strong></span> <span class='ocrx_word' id='word_1_88' title='bbox 452 2020 810 2073; x_wconf 84' lang='lat' dir='ltr'><strong>lundosSabinosmonstrat</strong></span> <span class='ocrx_word' id='word_1_89' title='bbox 846 2021 979 2072; x_wconf 85' lang='lat' dir='ltr'><strong>delormat</strong></span> <span class='ocrx_word' id='word_1_90' title='bbox 994 2019 1156 2072; x_wconf 83' lang='lat' dir='ltr'><strong>ilnrlrlandi:</strong></span> <span class='ocrx_word' id='word_1_91' title='bbox 1181 2022 1317 2072; x_wconf 77' lang='grc'><strong>4444444444</strong></span> <span class='ocrx_word' id='word_1_92' title='bbox 1337 2022 1376 2083; x_wconf 77' lang='lat' dir='ltr'><strong>(se</strong></span> <span class='ocrx_word' id='word_1_93' title='bbox 1439 2017 1440 2024; x_wconf 76' lang='grc'>’</span> 
     </span>
     <span class='ocr_line' id='line_1_14' title="bbox 281 2094 1374 2161; baseline -0.005 -14"><span class='ocrx_word' id='word_1_94' title='bbox 281 2094 374 2147; x_wconf 81' lang='lat' dir='ltr'><strong>Catrrll.</strong></span> <span class='ocrx_word' id='word_1_95' title='bbox 393 2095 440 2156; x_wconf 80' lang='lat' dir='ltr'><strong>tl,</strong></span> <span class='ocrx_word' id='word_1_96' title='bbox 460 2098 493 2146; x_wconf 86' lang='lat' dir='ltr'><strong>l:</strong></span> <span class='ocrx_word' id='word_1_97' title='bbox 517 2094 741 2159; x_wconf 71' lang='lat' dir='ltr'><strong>Otimdencstor,</strong></span> <span class='ocrx_word' id='word_1_98' title='bbox 766 2110 810 2146; x_wconf 84' lang='grc'><strong>4444</strong></span> <span class='ocrx_word' id='word_1_99' title='bbox 846 2096 1374 2161; x_wconf 66' lang='grc'><strong>44··-4444444444444444444444444444444.</strong></span> 
     </span>
     <span class='ocr_line' id='line_1_15' title="bbox 281 2168 1376 2239; baseline 0.001 -19"><span class='ocrx_word' id='word_1_100' title='bbox 281 2170 373 2220; x_wconf 68' lang='lat' dir='ltr'><strong>&amp;line</strong></span> <span class='ocrx_word' id='word_1_101' title='bbox 389 2182 432 2219; x_wconf 85' lang='grc'><strong>4444</strong></span> <span class='ocrx_word' id='word_1_102' title='bbox 449 2168 552 2239; x_wconf 76' lang='grc'><strong>4444444,-</strong></span> <span class='ocrx_word' id='word_1_103' title='bbox 576 2172 645 2220; x_wconf 86' lang='lat' dir='ltr'><strong>Nam</strong></span> <span class='ocrx_word' id='word_1_104' title='bbox 661 2176 683 2220; x_wconf 85' lang='grc'><strong>44</strong></span> <span class='ocrx_word' id='word_1_105' title='bbox 700 2185 751 2222; x_wconf 78' lang='lat' dir='ltr'><strong>esse</strong></span> <span class='ocrx_word' id='word_1_106' title='bbox 768 2171 810 2221; x_wconf 84' lang='grc'><strong>44-</strong></span> <span class='ocrx_word' id='word_1_107' title='bbox 847 2172 902 2222; x_wconf 90' lang='lat' dir='ltr'><strong>Cic.</strong></span> <span class='ocrx_word' id='word_1_108' title='bbox 920 2170 956 2221; x_wconf 80' lang='lat' dir='ltr'><strong>nd</strong></span> <span class='ocrx_word' id='word_1_109' title='bbox 973 2172 1045 2222; x_wconf 81' lang='lat' dir='ltr'><strong>Fam.</strong></span> <span class='ocrx_word' id='word_1_110' title='bbox 1064 2172 1111 2231; x_wconf 90' lang='grc'><strong>46,</strong></span> <span class='ocrx_word' id='word_1_111' title='bbox 1126 2172 1173 2231; x_wconf 91' lang='grc'><strong>44,</strong></span> <span class='ocrx_word' id='word_1_112' title='bbox 1192 2171 1225 2220; x_wconf 86' lang='grc'><strong>4;</strong></span> <span class='ocrx_word' id='word_1_113' title='bbox 1243 2172 1376 2233; x_wconf 60' lang='lat' dir='ltr'><strong>limone*</strong></span> 
     </span>
     <span class='ocr_line' id='line_1_16' title="bbox 281 2244 1376 2306; baseline -0.001 -11"><span class='ocrx_word' id='word_1_114' title='bbox 281 2244 378 2295; x_wconf 73' lang='grc'><strong>44444444</strong></span> <span class='ocrx_word' id='word_1_115' title='bbox 404 2248 555 2306; x_wconf 69' lang='lat' dir='ltr'><strong>animract,</strong></span> <span class='ocrx_word' id='word_1_116' title='bbox 584 2244 810 2306; x_wconf 73' lang='grc'><strong>404444444444</strong></span> <span class='ocrx_word' id='word_1_117' title='bbox 846 2244 1376 2295; x_wconf 72' lang='lat' dir='ltr'><strong>doetibisuntwboeltatersrurliotrt</strong></span> 
     </span>
     <span class='ocr_line' id='line_1_17' title="bbox 281 2319 1374 2384; baseline -0.003 -14"><span class='ocrx_word' id='word_1_118' title='bbox 281 2320 356 2370; x_wconf 75' lang='lat' dir='ltr'><strong>Cordi</strong></span> <span class='ocrx_word' id='word_1_119' title='bbox 381 2319 507 2369; x_wconf 79' lang='grc'><strong>0444444444</strong></span> <span class='ocrx_word' id='word_1_120' title='bbox 531 2320 643 2381; x_wconf 84' lang='grc' dir='ltr'><strong>44444444,Ι</strong></span> <span class='ocrx_word' id='word_1_121' title='bbox 670 2326 698 2370; x_wconf 88' lang='lat' dir='ltr'><strong>ol</strong></span> <span class='ocrx_word' id='word_1_122' title='bbox 721 2320 810 2383; x_wconf 70' lang='grc'><strong>4440444</strong></span> <span class='ocrx_word' id='word_1_123' title='bbox 846 2320 1066 2382; x_wconf 76' lang='lat' dir='ltr'><strong>Romooutsocttu</strong></span> <span class='ocrx_word' id='word_1_124' title='bbox 1075 2332 1108 2370; x_wconf 81' lang='grc'><strong>44.</strong></span> <span class='ocrx_word' id='word_1_125' title='bbox 1123 2319 1374 2384; x_wconf 78' lang='lat' dir='ltr'><strong>-oilidollnomins</strong></span> 
     </span>
     <span class='ocr_line' id='line_1_18' title="bbox 280 2393 1375 2459; baseline -0.003 -14"><span class='ocrx_word' id='word_1_126' title='bbox 280 2394 351 2445; x_wconf 80' lang='lat' dir='ltr'><strong>cordi</strong></span> <span class='ocrx_word' id='word_1_127' title='bbox 375 2398 423 2455; x_wconf 85' lang='grc'><strong>444,</strong></span> <span class='ocrx_word' id='word_1_128' title='bbox 448 2394 684 2456; x_wconf 69' lang='lat' dir='ltr'><strong>comestibilem</strong></span> <span class='ocrx_word' id='word_1_129' title='bbox 703 2396 810 2459; x_wconf 67' lang='lat' dir='ltr'><strong>pipam</strong></span> <span class='ocrx_word' id='word_1_130' title='bbox 846 2406 895 2458; x_wconf 90' lang='lat' dir='ltr'><strong>pro</strong></span> <span class='ocrx_word' id='word_1_131' title='bbox 906 2395 962 2445; x_wconf 84' lang='lat' dir='ltr'><strong>suis</strong></span> <span class='ocrx_word' id='word_1_132' title='bbox 973 2393 1084 2445; x_wconf 86' lang='lat' dir='ltr'><strong>lortunis</strong></span> <span class='ocrx_word' id='word_1_133' title='bbox 1095 2395 1161 2445; x_wconf 83' lang='grc'><strong>44444</strong></span> <span class='ocrx_word' id='word_1_134' title='bbox 1172 2393 1304 2456; x_wconf 79' lang='lat' dir='ltr'><strong>eleganti,</strong></span> <span class='ocrx_word' id='word_1_135' title='bbox 1319 2406 1375 2443; x_wconf 83' lang='lat' dir='ltr'><strong>ma-</strong></span> 
     </span>
     <span class='ocr_line' id='line_1_19' title="bbox 281 2466 1441 2536; baseline -0.003 -16"><span class='ocrx_word' id='word_1_136' title='bbox 281 2482 331 2520; x_wconf 83' lang='grc'><strong>4444</strong></span> <span class='ocrx_word' id='word_1_137' title='bbox 342 2470 499 2519; x_wconf 74' lang='grc'><strong>4444440444.</strong></span> <span class='ocrx_word' id='word_1_138' title='bbox 512 2498 539 2506; x_wconf 97' lang='grc'>-</span> <span class='ocrx_word' id='word_1_139' title='bbox 553 2470 613 2519; x_wconf 80' lang='lat' dir='ltr'><strong>dum</strong></span> <span class='ocrx_word' id='word_1_140' title='bbox 623 2470 735 2531; x_wconf 80' lang='lat' dir='ltr'><strong>requiem</strong></span> <span class='ocrx_word' id='word_1_141' title='bbox 745 2471 808 2536; x_wconf 84' lang='lat' dir='ltr'><strong>cet]</strong></span> <span class='ocrx_word' id='word_1_142' title='bbox 846 2468 930 2529; x_wconf 83' lang='lat' dir='ltr'><strong>xime,</strong></span> <span class='ocrx_word' id='word_1_143' title='bbox 948 2470 1026 2532; x_wconf 87' lang='lat' dir='ltr'><strong>puto,</strong></span> <span class='ocrx_word' id='word_1_144' title='bbox 1045 2482 1079 2519; x_wconf 84' lang='lat' dir='ltr'><strong>ex</strong></span> <span class='ocrx_word' id='word_1_145' title='bbox 1095 2481 1149 2532; x_wconf 92' lang='lat' dir='ltr'><strong>quo</strong></span> <span class='ocrx_word' id='word_1_146' title='bbox 1160 2466 1271 2531; x_wconf 85' lang='lat' dir='ltr'><strong>Philippi</strong></span> <span class='ocrx_word' id='word_1_147' title='bbox 1291 2468 1376 2532; x_wconf 84' lang='lat' dir='ltr'><strong>quoti·</strong></span> <span class='ocrx_word' id='word_1_148' title='bbox 1440 2467 1441 2508; x_wconf 79' lang='grc' dir='ltr'>ἶ</span> 
     </span>
     <span class='ocr_line' id='line_1_20' title="bbox 282 2541 1375 2608; baseline 0.003 -19"><span class='ocrx_word' id='word_1_149' title='bbox 282 2542 362 2593; x_wconf 75' lang='lat' dir='ltr'><strong>udum</strong></span> <span class='ocrx_word' id='word_1_150' title='bbox 379 2542 431 2594; x_wconf 87' lang='lat' dir='ltr'><strong>sibi</strong></span> <span class='ocrx_word' id='word_1_151' title='bbox 447 2544 569 2605; x_wconf 80' lang='lat' dir='ltr'><strong>undique,</strong></span> <span class='ocrx_word' id='word_1_152' title='bbox 591 2556 699 2608; x_wconf 87' lang='lat' dir='ltr'><strong>quoquo</strong></span> <span class='ocrx_word' id='word_1_153' title='bbox 717 2544 808 2606; x_wconf 82' lang='lat' dir='ltr'><strong>modo,</strong></span> <span class='ocrx_word' id='word_1_154' title='bbox 847 2542 942 2593; x_wconf 81' lang='grc'><strong>(44444444</strong></span> <span class='ocrx_word' id='word_1_155' title='bbox 953 2544 1064 2593; x_wconf 82' lang='lat' dir='ltr'><strong>conviva</strong></span> <span class='ocrx_word' id='word_1_156' title='bbox 1076 2541 1161 2593; x_wconf 86' lang='grc'><strong>4444444</strong></span> <span class='ocrx_word' id='word_1_157' title='bbox 1173 2544 1256 2592; x_wconf 78' lang='lat' dir='ltr'><strong>erat.»</strong></span> <span class='ocrx_word' id='word_1_158' title='bbox 1271 2570 1303 2579; x_wconf 87' lang='lat'><em>-</em></span> <span class='ocrx_word' id='word_1_159' title='bbox 1317 2542 1375 2592; x_wconf 75' lang='lat' dir='ltr'><strong>Sul-</strong></span> 
     </span>
     <span class='ocr_line' id='line_1_21' title="bbox 281 2615 1374 2681; baseline 0 -14"><span class='ocrx_word' id='word_1_160' title='bbox 281 2615 488 2667; x_wconf 86' lang='lat' dir='ltr'><strong>obleclationem</strong></span> <span class='ocrx_word' id='word_1_161' title='bbox 513 2631 545 2668; x_wconf 88' lang='lat' dir='ltr'><strong>ac</strong></span> <span class='ocrx_word' id='word_1_162' title='bbox 574 2619 770 2669; x_wconf 83' lang='lat' dir='ltr'><strong>recreationem</strong></span> <span class='ocrx_word' id='word_1_163' title='bbox 794 2632 810 2667; x_wconf 89' lang='lat' dir='ltr'><strong>a</strong></span> <span class='ocrx_word' id='word_1_164' title='bbox 846 2630 888 2667; x_wconf 85' lang='grc'><strong>444</strong></span> <span class='ocrx_word' id='word_1_165' title='bbox 903 2620 927 2666; x_wconf 82' lang='lat' dir='ltr'><strong>et</strong></span> <span class='ocrx_word' id='word_1_166' title='bbox 942 2616 1133 2681; x_wconf 72' lang='grc'><strong>4444444444]</strong></span> <span class='ocrx_word' id='word_1_167' title='bbox 1151 2618 1374 2681; x_wconf 72' lang='grc'><strong>4444444444444</strong></span> 
     </span>
     <span class='ocr_line' id='line_1_22' title="bbox 281 2689 1375 2758; baseline 0 -17"><span class='ocrx_word' id='word_1_168' title='bbox 281 2690 434 2743; x_wconf 81' lang='lat' dir='ltr'><strong>lunensibus</strong></span> <span class='ocrx_word' id='word_1_169' title='bbox 458 2693 571 2755; x_wconf 77' lang='lat' dir='ltr'><strong>negotiis</strong></span> <span class='ocrx_word' id='word_1_170' title='bbox 594 2696 684 2758; x_wconf 81' lang='lat' dir='ltr'><strong>parat,</strong></span> <span class='ocrx_word' id='word_1_171' title='bbox 705 2695 811 2757; x_wconf 83' lang='lat' dir='ltr'><strong>praevi-</strong></span> <span class='ocrx_word' id='word_1_172' title='bbox 848 2689 956 2741; x_wconf 78' lang='lat' dir='ltr'><strong>habet.»</strong></span> <span class='ocrx_word' id='word_1_173' title='bbox 981 2690 1030 2741; x_wconf 85' lang='lat' dir='ltr'><strong>Od.</strong></span> <span class='ocrx_word' id='word_1_174' title='bbox 1054 2693 1084 2752; x_wconf 93' lang='grc'><strong>4,</strong></span> <span class='ocrx_word' id='word_1_175' title='bbox 1109 2692 1156 2752; x_wconf 92' lang='grc'><strong>48,</strong></span> <span class='ocrx_word' id='word_1_176' title='bbox 1174 2694 1208 2744; x_wconf 75' lang='lat' dir='ltr'><strong>l:</strong></span> <span class='ocrx_word' id='word_1_177' title='bbox 1235 2691 1301 2753; x_wconf 75' lang='grc'><strong>04444</strong></span> <span class='ocrx_word' id='word_1_178' title='bbox 1319 2696 1375 2754; x_wconf 76' lang='lat' dir='ltr'><strong>post</strong></span> 
     </span>
     <span class='ocr_line' id='line_1_23' title="bbox 281 2766 1375 2831; baseline -0.002 -14"><span class='ocrx_word' id='word_1_179' title='bbox 281 2767 363 2829; x_wconf 85' lang='lat' dir='ltr'><strong>dene,</strong></span> <span class='ocrx_word' id='word_1_180' title='bbox 389 2780 471 2831; x_wconf 85' lang='lat' dir='ltr'><strong>quarn</strong></span> <span class='ocrx_word' id='word_1_181' title='bbox 488 2767 615 2819; x_wconf 87' lang='lat' dir='ltr'><strong>ridiculus</strong></span> <span class='ocrx_word' id='word_1_182' title='bbox 634 2769 751 2819; x_wconf 85' lang='lat' dir='ltr'><strong>rusticus</strong></span> <span class='ocrx_word' id='word_1_183' title='bbox 767 2767 810 2817; x_wconf 86' lang='lat' dir='ltr'><strong>lu-</strong></span> <span class='ocrx_word' id='word_1_184' title='bbox 846 2767 909 2815; x_wconf 79' lang='lat' dir='ltr'><strong>cr&#39;oo</strong></span> <span class='ocrx_word' id='word_1_185' title='bbox 923 2778 1030 2829; x_wconf 76' lang='grc'><strong>4444444444</strong></span> <span class='ocrx_word' id='word_1_186' title='bbox 1038 2766 1156 2816; x_wconf 76' lang='lat' dir='ltr'><strong>militium</strong></span> <span class='ocrx_word' id='word_1_187' title='bbox 1165 2770 1212 2817; x_wconf 82' lang='grc'><strong>4444</strong></span> <span class='ocrx_word' id='word_1_188' title='bbox 1223 2767 1375 2828; x_wconf 67' lang='grc'><strong>4444444444</strong></span> 
     </span>
     <span class='ocr_line' id='line_1_24' title="bbox 282 2839 1372 2911; baseline -0.004 -20"><span class='ocrx_word' id='word_1_189' title='bbox 282 2844 356 2892; x_wconf 87' lang='lat' dir='ltr'><strong>turus</strong></span> <span class='ocrx_word' id='word_1_190' title='bbox 382 2844 456 2892; x_wconf 86' lang='lat' dir='ltr'><strong>esset</strong></span> <span class='ocrx_word' id='word_1_191' title='bbox 476 2853 575 2905; x_wconf 86' lang='lat' dir='ltr'><strong>praeco</strong></span> <span class='ocrx_word' id='word_1_192' title='bbox 599 2840 641 2891; x_wconf 88' lang='lat' dir='ltr'><strong>ille</strong></span> <span class='ocrx_word' id='word_1_193' title='bbox 658 2841 811 2895; x_wconf 75' lang='lat' dir='ltr'><strong>subrostra-</strong></span> <span class='ocrx_word' id='word_1_194' title='bbox 846 2839 955 2902; x_wconf 79' lang='lat' dir='ltr'><strong>erepat?</strong></span> <span class='ocrx_word' id='word_1_195' title='bbox 978 2840 1021 2889; x_wconf 86' lang='grc'><strong>844</strong></span> <span class='ocrx_word' id='word_1_196' title='bbox 1038 2840 1119 2890; x_wconf 87' lang='lat' dir='ltr'><strong>eliam</strong></span> <span class='ocrx_word' id='word_1_197' title='bbox 1129 2844 1243 2911; x_wconf 73' lang='grc' dir='ltr'><strong><em>κροτεῖν</em></strong></span> <span class='ocrx_word' id='word_1_198' title='bbox 1253 2842 1282 2890; x_wconf 87' lang='lat' dir='ltr'><strong>el</strong></span> <span class='ocrx_word' id='word_1_199' title='bbox 1297 2840 1372 2902; x_wconf 77' lang='lat' dir='ltr'><strong>loqui.</strong></span> 
     </span>
     <span class='ocr_line' id='line_1_25' title="bbox 280 2914 1375 2979; baseline -0.002 -12"><span class='ocrx_word' id='word_1_200' title='bbox 280 2929 357 2967; x_wconf 77' lang='lat' dir='ltr'><strong>nus.»</strong></span> <span class='ocrx_word' id='word_1_201' title='bbox 385 2916 435 2974; x_wconf 83' lang='lat' dir='ltr'><strong>Qui</strong></span> <span class='ocrx_word' id='word_1_202' title='bbox 452 2914 597 2979; x_wconf 84' lang='lat' dir='ltr'><strong>explicant:</strong></span> <span class='ocrx_word' id='word_1_203' title='bbox 627 2915 811 2965; x_wconf 72' lang='lat' dir='ltr'><strong>«deversoriu-</strong></span> <span class='ocrx_word' id='word_1_204' title='bbox 848 2916 903 2965; x_wconf 88' lang='lat' dir='ltr'><strong>Cic.</strong></span> <span class='ocrx_word' id='word_1_205' title='bbox 921 2914 956 2965; x_wconf 85' lang='lat' dir='ltr'><strong>ad</strong></span> <span class='ocrx_word' id='word_1_206' title='bbox 972 2917 1024 2965; x_wconf 80' lang='lat' dir='ltr'><strong>att.</strong></span> <span class='ocrx_word' id='word_1_207' title='bbox 1043 2915 1072 2979; x_wconf 83' lang='lat'><strong>9,</strong></span> <span class='ocrx_word' id='word_1_208' title='bbox 1089 2915 1119 2976; x_wconf 90' lang='grc'><strong>4,</strong></span> <span class='ocrx_word' id='word_1_209' title='bbox 1137 2915 1170 2965; x_wconf 79' lang='lat'><strong>3:</strong></span> <span class='ocrx_word' id='word_1_210' title='bbox 1190 2915 1295 2965; x_wconf 73' lang='lat' dir='ltr'><strong>Curtios</strong></span> <span class='ocrx_word' id='word_1_211' title='bbox 1310 2915 1375 2965; x_wconf 83' lang='grc'><strong>4444444</strong></span> 
     </span>
     <span class='ocr_line' id='line_1_26' title="bbox 281 2987 1372 3051; baseline -0.005 -11"><span class='ocrx_word' id='word_1_212' title='bbox 281 2987 337 3040; x_wconf 88' lang='lat' dir='ltr'><strong>lum</strong></span> <span class='ocrx_word' id='word_1_213' title='bbox 357 2987 464 3051; x_wconf 86' lang='lat' dir='ltr'><strong>aliquod</strong></span> <span class='ocrx_word' id='word_1_214' title='bbox 486 2990 555 3038; x_wconf 88' lang='lat' dir='ltr'><strong>inter</strong></span> <span class='ocrx_word' id='word_1_215' title='bbox 572 2987 671 3040; x_wconf 85' lang='lat' dir='ltr'><strong>Urbem</strong></span> <span class='ocrx_word' id='word_1_216' title='bbox 688 2990 716 3038; x_wconf 90' lang='lat' dir='ltr'><strong>et</strong></span> <span class='ocrx_word' id='word_1_217' title='bbox 732 2987 808 3039; x_wconf 86' lang='lat' dir='ltr'><strong>Sabi-</strong></span> <span class='ocrx_word' id='word_1_218' title='bbox 846 2990 909 3038; x_wconf 76' lang='lat' dir='ltr'><strong>nillil</strong></span> <span class='ocrx_word' id='word_1_219' title='bbox 923 2990 973 3038; x_wconf 84' lang='grc'><strong>44444</strong></span> <span class='ocrx_word' id='word_1_220' title='bbox 988 2988 1078 3038; x_wconf 76' lang='lat' dir='ltr'><strong>classes</strong></span> <span class='ocrx_word' id='word_1_221' title='bbox 1093 2988 1372 3050; x_wconf 69' lang='lat' dir='ltr'><strong>loqmcteorem&#39;lus.</strong></span> 
     </span>
     <span class='ocr_line' id='line_1_27' title="bbox 281 3060 1371 3127; baseline -0.003 -16"><span class='ocrx_word' id='word_1_222' title='bbox 281 3074 346 3112; x_wconf 89' lang='lat' dir='ltr'><strong>num</strong></span> <span class='ocrx_word' id='word_1_223' title='bbox 363 3074 458 3122; x_wconf 87' lang='lat' dir='ltr'><strong>suum,</strong></span> <span class='ocrx_word' id='word_1_224' title='bbox 483 3060 529 3111; x_wconf 85' lang='lat' dir='ltr'><strong>ubi</strong></span> <span class='ocrx_word' id='word_1_225' title='bbox 552 3062 602 3112; x_wconf 90' lang='lat' dir='ltr'><strong>iter</strong></span> <span class='ocrx_word' id='word_1_226' title='bbox 619 3062 719 3113; x_wconf 83' lang='lat' dir='ltr'><strong>iaciens</strong></span> <span class='ocrx_word' id='word_1_227' title='bbox 737 3062 809 3127; x_wconf 81' lang='lat' dir='ltr'><strong>apud</strong></span> <span class='ocrx_word' id='word_1_228' title='bbox 848 3063 895 3127; x_wconf 86' lang='lat' dir='ltr'><strong>(Cl.</strong></span> <span class='ocrx_word' id='word_1_229' title='bbox 915 3064 968 3113; x_wconf 83' lang='lat' dir='ltr'><strong>Sal.</strong></span> <span class='ocrx_word' id='word_1_230' title='bbox 988 3064 1015 3124; x_wconf 93' lang='grc'><strong>4,</strong></span> <span class='ocrx_word' id='word_1_231' title='bbox 1034 3062 1063 3123; x_wconf 89' lang='grc'><strong>3,</strong></span> <span class='ocrx_word' id='word_1_232' title='bbox 1084 3062 1134 3124; x_wconf 91' lang='grc'><strong>43.)</strong></span> <span class='ocrx_word' id='word_1_233' title='bbox 1159 3090 1188 3100; x_wconf 94' lang='grc'>-</span> <span class='ocrx_word' id='word_1_234' title='bbox 1209 3062 1290 3126; x_wconf 83' lang='lat' dir='ltr'><strong>mero]</strong></span> <span class='ocrx_word' id='word_1_235' title='bbox 1319 3061 1371 3110; x_wconf 89' lang='lat' dir='ltr'><strong>Cic.</strong></span> 
     </span>
     <span class='ocr_line' id='line_1_28' title="bbox 280 3134 1373 3200; baseline -0.004 -13"><span class='ocrx_word' id='word_1_236' title='bbox 280 3136 387 3187; x_wconf 81' lang='lat' dir='ltr'><strong>lienam</strong></span> <span class='ocrx_word' id='word_1_237' title='bbox 412 3134 537 3187; x_wconf 87' lang='lat' dir='ltr'><strong>clientem</strong></span> <span class='ocrx_word' id='word_1_238' title='bbox 554 3134 653 3200; x_wconf 82' lang='lat' dir='ltr'><strong>aliquot</strong></span> <span class='ocrx_word' id='word_1_239' title='bbox 669 3136 751 3186; x_wconf 83' lang='lat' dir='ltr'><strong>horas</strong></span> <span class='ocrx_word' id='word_1_240' title='bbox 767 3138 809 3187; x_wconf 88' lang='lat' dir='ltr'><strong>in-</strong></span> <span class='ocrx_word' id='word_1_241' title='bbox 847 3137 882 3187; x_wconf 89' lang='lat' dir='ltr'><strong>ad</strong></span> <span class='ocrx_word' id='word_1_242' title='bbox 899 3139 950 3187; x_wconf 82' lang='grc'><strong>444.</strong></span> <span class='ocrx_word' id='word_1_243' title='bbox 969 3136 998 3197; x_wconf 85' lang='grc'><strong>0,</strong></span> <span class='ocrx_word' id='word_1_244' title='bbox 1017 3136 1062 3196; x_wconf 84' lang='grc'><strong>43,</strong></span> <span class='ocrx_word' id='word_1_245' title='bbox 1082 3138 1093 3186; x_wconf 93' lang='grc'><strong>4</strong></span> <span class='ocrx_word' id='word_1_246' title='bbox 1108 3151 1114 3185; x_wconf 88' lang='lat'>:</span> <span class='ocrx_word' id='word_1_247' title='bbox 1139 3150 1213 3187; x_wconf 83' lang='grc'><strong>44444</strong></span> <span class='ocrx_word' id='word_1_248' title='bbox 1227 3136 1325 3185; x_wconf 65' lang='lat' dir='ltr'><strong>alera</strong></span> <span class='ocrx_word' id='word_1_249' title='bbox 1339 3135 1373 3183; x_wconf 74' lang='lat' dir='ltr'><strong>lo</strong></span> 
     </span>
     <span class='ocr_line' id='line_1_29' title="bbox 280 3208 1374 3274; baseline -0.001 -15"><span class='ocrx_word' id='word_1_250' title='bbox 280 3208 389 3260; x_wconf 85' lang='lat' dir='ltr'><strong>tendum</strong></span> <span class='ocrx_word' id='word_1_251' title='bbox 413 3208 556 3273; x_wconf 52' lang='lat' dir='ltr'><strong>degerem·</strong></span> <span class='ocrx_word' id='word_1_252' title='bbox 589 3210 641 3261; x_wconf 88' lang='lat' dir='ltr'><strong>hoc</strong></span> <span class='ocrx_word' id='word_1_253' title='bbox 666 3211 693 3259; x_wconf 91' lang='lat' dir='ltr'><strong>in</strong></span> <span class='ocrx_word' id='word_1_254' title='bbox 717 3209 809 3261; x_wconf 85' lang='lat' dir='ltr'><strong>verbis</strong></span> <span class='ocrx_word' id='word_1_255' title='bbox 847 3217 966 3274; x_wconf 72' lang='grc'><strong>4444444444.</strong></span> <span class='ocrx_word' id='word_1_256' title='bbox 986 3210 1011 3274; x_wconf 72' lang='grc'><strong>5.</strong></span> <span class='ocrx_word' id='word_1_257' title='bbox 1025 3210 1054 3260; x_wconf 84' lang='lat'><strong>8:</strong></span> <span class='ocrx_word' id='word_1_258' title='bbox 1074 3210 1206 3260; x_wconf 75' lang='lat' dir='ltr'><strong>Dolabella</strong></span> <span class='ocrx_word' id='word_1_259' title='bbox 1220 3208 1374 3258; x_wconf 76' lang='grc'><strong>4444444444</strong></span> 
     </span>
     <span class='ocr_line' id='line_1_30' title="bbox 280 3280 1371 3349; baseline -0.003 -15"><span class='ocrx_word' id='word_1_260' title='bbox 280 3284 344 3349; x_wconf 84' lang='lat' dir='ltr'><strong>ipsis</strong></span> <span class='ocrx_word' id='word_1_261' title='bbox 360 3286 450 3336; x_wconf 84' lang='lat' dir='ltr'><strong>inesse</strong></span> <span class='ocrx_word' id='word_1_262' title='bbox 463 3285 649 3336; x_wconf 83' lang='lat' dir='ltr'><strong>demonstrare</strong></span> <span class='ocrx_word' id='word_1_263' title='bbox 661 3283 807 3335; x_wconf 83' lang='lat' dir='ltr'><strong>debebant.</strong></span> <span class='ocrx_word' id='word_1_264' title='bbox 845 3297 960 3335; x_wconf 82' lang='grc'><strong>4444444444</strong></span> <span class='ocrx_word' id='word_1_265' title='bbox 975 3283 1065 3333; x_wconf 87' lang='grc'><strong>4444444444</strong></span> <span class='ocrx_word' id='word_1_266' title='bbox 1081 3282 1200 3344; x_wconf 70' lang='grc'><strong>4444444444.</strong></span> <span class='ocrx_word' id='word_1_267' title='bbox 1229 3308 1257 3317; x_wconf 94' lang='lat'><strong>—-</strong></span> <span class='ocrx_word' id='word_1_268' title='bbox 1281 3280 1371 3344; x_wconf 78' lang='grc'><strong>4444444]</strong></span> 
     </span>
     <span class='ocr_line' id='line_1_31' title="bbox 282 3354 1371 3423; baseline -0.004 -14"><span class='ocrx_word' id='word_1_269' title='bbox 282 3386 311 3396; x_wconf 93' lang='grc'>-</span> <span class='ocrx_word' id='word_1_270' title='bbox 328 3360 403 3423; x_wconf 82' lang='grc'><strong>444444]</strong></span> <span class='ocrx_word' id='word_1_271' title='bbox 430 3358 550 3409; x_wconf 68' lang='lat' dir='ltr'><strong>«fidendi</strong></span> <span class='ocrx_word' id='word_1_272' title='bbox 572 3360 739 3410; x_wconf 74' lang='lat' dir='ltr'><strong>materiem.»</strong></span> <span class='ocrx_word' id='word_1_273' title='bbox 767 3358 806 3410; x_wconf 86' lang='lat' dir='ltr'><strong>Cl.</strong></span> <span class='ocrx_word' id='word_1_274' title='bbox 847 3357 1025 3409; x_wconf 74' lang='lat' dir='ltr'><strong>maritandas</strong></span> <span class='ocrx_word' id='word_1_275' title='bbox 1036 3354 1160 3407; x_wconf 76' lang='lat' dir='ltr'><strong>vilibus.»</strong></span> <span class='ocrx_word' id='word_1_276' title='bbox 1178 3356 1218 3407; x_wconf 87' lang='lat' dir='ltr'><strong>Cl.</strong></span> <span class='ocrx_word' id='word_1_277' title='bbox 1228 3355 1277 3406; x_wconf 90' lang='lat' dir='ltr'><strong>0d.</strong></span> <span class='ocrx_word' id='word_1_278' title='bbox 1289 3358 1318 3418; x_wconf 79' lang='grc'><strong>4,</strong></span> <span class='ocrx_word' id='word_1_279' title='bbox 1331 3358 1371 3415; x_wconf 72' lang='lat' dir='ltr'><strong>lo,</strong></span> 
     </span>
     <span class='ocr_line' id='line_1_32' title="bbox 280 3430 1372 3497; baseline -0.005 -14"><span class='ocrx_word' id='word_1_280' title='bbox 280 3434 334 3484; x_wconf 82' lang='lat' dir='ltr'><strong>Sat.</strong></span> <span class='ocrx_word' id='word_1_281' title='bbox 353 3434 381 3495; x_wconf 88' lang='grc'><strong>4,</strong></span> <span class='ocrx_word' id='word_1_282' title='bbox 399 3434 430 3495; x_wconf 90' lang='grc'><strong>4,</strong></span> <span class='ocrx_word' id='word_1_283' title='bbox 444 3434 501 3484; x_wconf 80' lang='lat' dir='ltr'><strong>tot.</strong></span> <span class='ocrx_word' id='word_1_284' title='bbox 521 3460 549 3471; x_wconf 94' lang='lat'>-</span> <span class='ocrx_word' id='word_1_285' title='bbox 566 3434 636 3483; x_wconf 82' lang='grc'><strong>4444444</strong></span> <span class='ocrx_word' id='word_1_286' title='bbox 652 3433 715 3497; x_wconf 79' lang='lat' dir='ltr'><strong>cel]</strong></span> <span class='ocrx_word' id='word_1_287' title='bbox 740 3434 809 3483; x_wconf 91' lang='lat' dir='ltr'><strong>Con-</strong></span> <span class='ocrx_word' id='word_1_288' title='bbox 845 3434 870 3483; x_wconf 82' lang='grc'><strong>44.</strong></span> <span class='ocrx_word' id='word_1_289' title='bbox 885 3460 913 3469; x_wconf 93' lang='grc'><strong>-</strong></span> <span class='ocrx_word' id='word_1_290' title='bbox 925 3430 1079 3493; x_wconf 70' lang='lat' dir='ltr'><strong>immoritur]</strong></span> <span class='ocrx_word' id='word_1_291' title='bbox 1094 3432 1229 3481; x_wconf 81' lang='grc'><strong>4444444444</strong></span> <span class='ocrx_word' id='word_1_292' title='bbox 1238 3434 1267 3480; x_wconf 85' lang='grc'><strong>44</strong></span> <span class='ocrx_word' id='word_1_293' title='bbox 1278 3431 1372 3481; x_wconf 83' lang='lat' dir='ltr'><strong>enecat</strong></span> 
     </span>
     <span class='ocr_line' id='line_1_33' title="bbox 281 3506 1373 3572; baseline -0.004 -13"><span class='ocrx_word' id='word_1_294' title='bbox 281 3507 351 3559; x_wconf 85' lang='lat' dir='ltr'><strong>sollo</strong></span> <span class='ocrx_word' id='word_1_295' title='bbox 375 3506 565 3571; x_wconf 81' lang='lat' dir='ltr'><strong>negligentiore</strong></span> <span class='ocrx_word' id='word_1_296' title='bbox 591 3520 716 3558; x_wconf 82' lang='lat' dir='ltr'><strong>sermone</strong></span> <span class='ocrx_word' id='word_1_297' title='bbox 741 3520 807 3559; x_wconf 85' lang='lat' dir='ltr'><strong>usus</strong></span> <span class='ocrx_word' id='word_1_298' title='bbox 845 3520 876 3559; x_wconf 83' lang='lat' dir='ltr'><strong>se</strong></span> <span class='ocrx_word' id='word_1_299' title='bbox 895 3520 977 3572; x_wconf 81' lang='lat' dir='ltr'><strong>opere</strong></span> <span class='ocrx_word' id='word_1_300' title='bbox 995 3508 1095 3557; x_wconf 87' lang='lat' dir='ltr'><strong>rustico</strong></span> <span class='ocrx_word' id='word_1_301' title='bbox 1111 3507 1220 3556; x_wconf 84' lang='lat' dir='ltr'><strong>strenue</strong></span> <span class='ocrx_word' id='word_1_302' title='bbox 1240 3519 1373 3557; x_wconf 82' lang='lat' dir='ltr'><strong>exercen-</strong></span> 
     </span>
     <span class='ocr_line' id='line_1_34' title="bbox 280 3577 1369 3646; baseline -0.005 -14"><span class='ocrx_word' id='word_1_303' title='bbox 280 3585 322 3633; x_wconf 86' lang='lat' dir='ltr'><strong>esl</strong></span> <span class='ocrx_word' id='word_1_304' title='bbox 337 3595 386 3646; x_wconf 86' lang='lat' dir='ltr'><strong>pro</strong></span> <span class='ocrx_word' id='word_1_305' title='bbox 403 3583 445 3633; x_wconf 86' lang='lat' dir='ltr'><strong>his</strong></span> <span class='ocrx_word' id='word_1_306' title='bbox 462 3583 536 3632; x_wconf 85' lang='lat' dir='ltr'><strong>lere:</strong></span> <span class='ocrx_word' id='word_1_307' title='bbox 560 3595 608 3633; x_wconf 69' lang='lat' dir='ltr'><strong>neo</strong></span> <span class='ocrx_word' id='word_1_308' title='bbox 625 3582 698 3645; x_wconf 91' lang='lat' dir='ltr'><strong>quod</strong></span> <span class='ocrx_word' id='word_1_309' title='bbox 713 3584 807 3633; x_wconf 86' lang='grc'><strong>4444444</strong></span> <span class='ocrx_word' id='word_1_310' title='bbox 845 3581 907 3632; x_wconf 80' lang='lat' dir='ltr'><strong>do.»</strong></span> <span class='ocrx_word' id='word_1_311' title='bbox 921 3609 949 3617; x_wconf 95' lang='lat'><em>-</em></span> <span class='ocrx_word' id='word_1_312' title='bbox 966 3580 1062 3644; x_wconf 77' lang='grc'><strong>44444444]</strong></span> <span class='ocrx_word' id='word_1_313' title='bbox 1080 3579 1200 3641; x_wconf 80' lang='lat' dir='ltr'><strong>dativus,</strong></span> <span class='ocrx_word' id='word_1_314' title='bbox 1217 3582 1247 3630; x_wconf 86' lang='lat' dir='ltr'><strong>ul</strong></span> <span class='ocrx_word' id='word_1_315' title='bbox 1265 3577 1369 3640; x_wconf 86' lang='lat' dir='ltr'><strong>Quintil.</strong></span> 
     </span>
     <span class='ocr_line' id='line_1_35' title="bbox 280 3654 1371 3721; baseline -0.002 -16"><span class='ocrx_word' id='word_1_316' title='bbox 280 3654 363 3706; x_wconf 86' lang='lat' dir='ltr'><strong>donat</strong></span> <span class='ocrx_word' id='word_1_317' title='bbox 378 3656 516 3707; x_wconf 83' lang='lat' dir='ltr'><strong>dimidiam</strong></span> <span class='ocrx_word' id='word_1_318' title='bbox 530 3659 635 3721; x_wconf 87' lang='lat' dir='ltr'><strong>partem</strong></span> <span class='ocrx_word' id='word_1_319' title='bbox 646 3656 734 3719; x_wconf 87' lang='lat' dir='ltr'><strong>pretii,</strong></span> <span class='ocrx_word' id='word_1_320' title='bbox 752 3669 806 3719; x_wconf 88' lang='lat' dir='ltr'><strong>qno</strong></span> <span class='ocrx_word' id='word_1_321' title='bbox 846 3657 876 3718; x_wconf 89' lang='grc'><strong>0,</strong></span> <span class='ocrx_word' id='word_1_322' title='bbox 895 3656 924 3717; x_wconf 88' lang='grc'><strong>3,</strong></span> <span class='ocrx_word' id='word_1_323' title='bbox 943 3655 992 3705; x_wconf 76' lang='grc'><strong>434</strong></span> <span class='ocrx_word' id='word_1_324' title='bbox 1015 3655 1117 3705; x_wconf 84' lang='grc'><strong>4444444444</strong></span> <span class='ocrx_word' id='word_1_325' title='bbox 1138 3654 1267 3718; x_wconf 72' lang='grc'><strong>4444444444.</strong></span> <span class='ocrx_word' id='word_1_326' title='bbox 1287 3680 1317 3692; x_wconf 88' lang='grc'>-</span> <span class='ocrx_word' id='word_1_327' title='bbox 1333 3666 1371 3703; x_wconf 76' lang='grc'><strong>44-</strong></span> 
     </span>
     <span class='ocr_line' id='line_1_36' title="bbox 280 3725 1371 3795; baseline 0.001 -17"><span class='ocrx_word' id='word_1_328' title='bbox 280 3727 380 3792; x_wconf 60' lang='lat' dir='ltr'><strong>mellus</strong></span> <span class='ocrx_word' id='word_1_329' title='bbox 397 3732 450 3781; x_wconf 89' lang='lat' dir='ltr'><strong>emi</strong></span> <span class='ocrx_word' id='word_1_330' title='bbox 471 3733 588 3794; x_wconf 85' lang='lat' dir='ltr'><strong>poterat,</strong></span> <span class='ocrx_word' id='word_1_331' title='bbox 616 3729 729 3781; x_wconf 84' lang='lat' dir='ltr'><strong>alteram</strong></span> <span class='ocrx_word' id='word_1_332' title='bbox 746 3743 809 3780; x_wconf 88' lang='lat' dir='ltr'><strong>mu·</strong></span> <span class='ocrx_word' id='word_1_333' title='bbox 844 3730 929 3795; x_wconf 80' lang='grc'><strong>444444]</strong></span> <span class='ocrx_word' id='word_1_334' title='bbox 948 3725 1095 3795; x_wconf 62' lang='lat' dir='ltr'><strong>«spumat,</strong></span> <span class='ocrx_word' id='word_1_335' title='bbox 1119 3730 1264 3780; x_wconf 76' lang='lat' dir='ltr'><strong>macrescit</strong></span> <span class='ocrx_word' id='word_1_336' title='bbox 1283 3731 1312 3780; x_wconf 90' lang='grc'><strong>44</strong></span> <span class='ocrx_word' id='word_1_337' title='bbox 1326 3741 1371 3779; x_wconf 77' lang='lat' dir='ltr'><strong>ct·</strong></span> 
     </span>
     <span class='ocr_line' id='line_1_37' title="bbox 279 3802 1253 3868; baseline 0.003 -17"><span class='ocrx_word' id='word_1_338' title='bbox 279 3804 354 3853; x_wconf 88' lang='lat' dir='ltr'><strong>tuam</strong></span> <span class='ocrx_word' id='word_1_339' title='bbox 371 3802 428 3865; x_wconf 88' lang='lat' dir='ltr'><strong>dal,</strong></span> <span class='ocrx_word' id='word_1_340' title='bbox 448 3804 472 3853; x_wconf 92' lang='lat' dir='ltr'><strong>ei</strong></span> <span class='ocrx_word' id='word_1_341' title='bbox 489 3804 652 3868; x_wconf 79' lang='lat' dir='ltr'><strong>persuadet»</strong></span> <span class='ocrx_word' id='word_1_342' title='bbox 671 3806 723 3854; x_wconf 91' lang='lat' dir='ltr'><strong>cel.</strong></span> <span class='ocrx_word' id='word_1_343' title='bbox 756 3806 808 3853; x_wconf 84' lang='lat' dir='ltr'><strong>Le·</strong></span> <span class='ocrx_word' id='word_1_344' title='bbox 846 3806 956 3855; x_wconf 77' lang='lat' dir='ltr'><strong>nescit.»</strong></span> <span class='ocrx_word' id='word_1_345' title='bbox 975 3803 1013 3855; x_wconf 81' lang='lat' dir='ltr'><strong>Gi.</strong></span> <span class='ocrx_word' id='word_1_346' title='bbox 1031 3805 1099 3868; x_wconf 85' lang='lat' dir='ltr'><strong>Epp.</strong></span> <span class='ocrx_word' id='word_1_347' title='bbox 1117 3805 1147 3864; x_wconf 92' lang='grc'><strong>4,</strong></span> <span class='ocrx_word' id='word_1_348' title='bbox 1165 3804 1194 3864; x_wconf 90' lang='grc'><strong>4,</strong></span> <span class='ocrx_word' id='word_1_349' title='bbox 1212 3804 1253 3854; x_wconf 84' lang='grc'><strong>84.</strong></span> 
     </span>
    </p>

    <p class='ocr_par' dir='ltr' id='par_1_8' title="bbox 279 3876 1372 4315">
     <span class='ocr_line' id='line_1_38' title="bbox 280 3876 1369 3943; baseline 0.001 -17"><span class='ocrx_word' id='word_1_350' title='bbox 280 3877 360 3927; x_wconf 90' lang='lat' dir='ltr'><strong>clionl</strong></span> <span class='ocrx_word' id='word_1_351' title='bbox 378 3876 439 3927; x_wconf 77' lang='grc'><strong>444444</strong></span> <span class='ocrx_word' id='word_1_352' title='bbox 455 3876 529 3929; x_wconf 91' lang='lat' dir='ltr'><strong>locus</strong></span> <span class='ocrx_word' id='word_1_353' title='bbox 541 3880 615 3929; x_wconf 89' lang='lat' dir='ltr'><strong>certe</strong></span> <span class='ocrx_word' id='word_1_354' title='bbox 633 3892 687 3929; x_wconf 92' lang='lat' dir='ltr'><strong>non</strong></span> <span class='ocrx_word' id='word_1_355' title='bbox 704 3882 747 3929; x_wconf 87' lang='lat' dir='ltr'><strong>est</strong></span> <span class='ocrx_word' id='word_1_356' title='bbox 762 3891 809 3927; x_wconf 91' lang='lat' dir='ltr'><strong>ne-</strong></span> <span class='ocrx_word' id='word_1_357' title='bbox 878 3877 967 3929; x_wconf 84' lang='grc'><strong>84-03.</strong></span> <span class='ocrx_word' id='word_1_358' title='bbox 993 3878 1106 3943; x_wconf 76' lang='lat' dir='ltr'><strong>mentito]</strong></span> <span class='ocrx_word' id='word_1_359' title='bbox 1124 3878 1163 3928; x_wconf 89' lang='lat' dir='ltr'><strong>Cl.</strong></span> <span class='ocrx_word' id='word_1_360' title='bbox 1183 3878 1217 3928; x_wconf 89' lang='lat' dir='ltr'><strong>ad</strong></span> <span class='ocrx_word' id='word_1_361' title='bbox 1235 3878 1284 3928; x_wconf 87' lang='lat' dir='ltr'><strong>Od.</strong></span> <span class='ocrx_word' id='word_1_362' title='bbox 1302 3878 1327 3939; x_wconf 93' lang='grc'><strong>3,</strong></span> <span class='ocrx_word' id='word_1_363' title='bbox 1346 3878 1369 3933; x_wconf 90' lang='grc'><strong>4,</strong></span> 
     </span>
     <span class='ocr_line' id='line_1_39' title="bbox 280 3949 1371 4016; baseline -0.001 -16"><span class='ocrx_word' id='word_1_364' title='bbox 280 3964 333 4015; x_wconf 89' lang='lat' dir='ltr'><strong>que</strong></span> <span class='ocrx_word' id='word_1_365' title='bbox 358 3949 528 4002; x_wconf 80' lang='lat' dir='ltr'><strong>Praedicouii</strong></span> <span class='ocrx_word' id='word_1_366' title='bbox 551 3953 615 4003; x_wconf 87' lang='grc'><strong>444444.</strong></span> <span class='ocrx_word' id='word_1_367' title='bbox 638 3978 666 3989; x_wconf 99' lang='grc'>-</span> <span class='ocrx_word' id='word_1_368' title='bbox 692 3957 808 4015; x_wconf 75' lang='grc'><strong>444444444-</strong></span> <span class='ocrx_word' id='word_1_369' title='bbox 845 3953 886 4003; x_wconf 91' lang='grc'><strong>30.</strong></span> <span class='ocrx_word' id='word_1_370' title='bbox 913 3951 1080 4015; x_wconf 76' lang='lat' dir='ltr'><strong>sil.1ul.&#39;r‚</strong></span> <span class='ocrx_word' id='word_1_371' title='bbox 1100 3949 1157 4003; x_wconf 72' lang='lat' dir='ltr'><strong>lio.</strong></span> <span class='ocrx_word' id='word_1_372' title='bbox 1180 3952 1216 4003; x_wconf 92' lang='lat' dir='ltr'><strong>de</strong></span> <span class='ocrx_word' id='word_1_373' title='bbox 1238 3966 1302 4016; x_wconf 76' lang='lat' dir='ltr'><strong>agro</strong></span> <span class='ocrx_word' id='word_1_374' title='bbox 1322 3952 1371 4000; x_wconf 80' lang='lat' dir='ltr'><strong>Fa·</strong></span> 
     </span>
     <span class='ocr_line' id='line_1_40' title="bbox 279 4025 1372 4091; baseline -0.001 -14"><span class='ocrx_word' id='word_1_375' title='bbox 279 4025 398 4090; x_wconf 83' lang='grc'><strong>4444444444]</strong></span> <span class='ocrx_word' id='word_1_376' title='bbox 416 4027 525 4091; x_wconf 85' lang='lat' dir='ltr'><strong>Septem</strong></span> <span class='ocrx_word' id='word_1_377' title='bbox 542 4027 612 4077; x_wconf 85' lang='lat' dir='ltr'><strong>milia</strong></span> <span class='ocrx_word' id='word_1_378' title='bbox 627 4028 675 4077; x_wconf 87' lang='lat' dir='ltr'><strong>HS.</strong></span> <span class='ocrx_word' id='word_1_379' title='bbox 690 4027 808 4078; x_wconf 83' lang='lat' dir='ltr'><strong>efficiunt</strong></span> <span class='ocrx_word' id='word_1_380' title='bbox 845 4026 936 4080; x_wconf 79' lang='lat' dir='ltr'><strong>lernot</strong></span> <span class='ocrx_word' id='word_1_381' title='bbox 961 4029 1039 4079; x_wconf 82' lang='grc'><strong>444444</strong></span> <span class='ocrx_word' id='word_1_382' title='bbox 1062 4042 1094 4078; x_wconf 82' lang='lat' dir='ltr'><strong>ec</strong></span> <span class='ocrx_word' id='word_1_383' title='bbox 1114 4033 1138 4077; x_wconf 87' lang='lat' dir='ltr'><strong>et</strong></span> <span class='ocrx_word' id='word_1_384' title='bbox 1154 4040 1286 4090; x_wconf 75' lang='lat' dir='ltr'><strong>nonquam</strong></span> <span class='ocrx_word' id='word_1_385' title='bbox 1301 4026 1372 4076; x_wconf 77' lang='grc'><strong>4444444</strong></span> 
     </span>
     <span class='ocr_line' id='line_1_41' title="bbox 280 4098 1368 4166; baseline -0.004 -15"><span class='ocrx_word' id='word_1_386' title='bbox 280 4100 385 4151; x_wconf 84' lang='lat' dir='ltr'><strong>circiter</strong></span> <span class='ocrx_word' id='word_1_387' title='bbox 402 4099 466 4151; x_wconf 83' lang='grc'><strong>4400</strong></span> <span class='ocrx_word' id='word_1_388' title='bbox 484 4101 524 4150; x_wconf 87' lang='lat' dir='ltr'><strong>Fr.</strong></span> <span class='ocrx_word' id='word_1_389' title='bbox 541 4100 604 4151; x_wconf 86' lang='lat' dir='ltr'><strong>Gall.</strong></span> <span class='ocrx_word' id='word_1_390' title='bbox 620 4126 647 4137; x_wconf 98' lang='lat'>-</span> <span class='ocrx_word' id='word_1_391' title='bbox 666 4101 805 4166; x_wconf 73' lang='lat' dir='ltr'><strong>limatur]</strong></span> <span class='ocrx_word' id='word_1_392' title='bbox 843 4103 948 4153; x_wconf 82' lang='lat' dir='ltr'><strong>mentita</strong></span> <span class='ocrx_word' id='word_1_393' title='bbox 956 4103 1050 4152; x_wconf 80' lang='lat' dir='ltr'><strong>colono.</strong></span> <span class='ocrx_word' id='word_1_394' title='bbox 1070 4100 1195 4166; x_wconf 86' lang='lat' dir='ltr'><strong>Calpurn.</strong></span> <span class='ocrx_word' id='word_1_395' title='bbox 1208 4098 1368 4162; x_wconf 75' lang='grc'><strong>4144.4,443;</strong></span> 
     </span>
     <span class='ocr_line' id='line_1_42' title="bbox 280 4173 1371 4240; baseline 0 -14"><span class='ocrx_word' id='word_1_396' title='bbox 280 4176 335 4226; x_wconf 71' lang='lat' dir='ltr'><strong>ulie</strong></span> <span class='ocrx_word' id='word_1_397' title='bbox 360 4186 425 4225; x_wconf 86' lang='lat' dir='ltr'><strong>vera</strong></span> <span class='ocrx_word' id='word_1_398' title='bbox 447 4175 567 4238; x_wconf 83' lang='lat' dir='ltr'><strong>sequitur</strong></span> <span class='ocrx_word' id='word_1_399' title='bbox 583 4173 695 4240; x_wconf 85' lang='lat' dir='ltr'><strong>Philippi</strong></span> <span class='ocrx_word' id='word_1_400' title='bbox 715 4177 806 4227; x_wconf 85' lang='lat' dir='ltr'><strong>consi-</strong></span> <span class='ocrx_word' id='word_1_401' title='bbox 844 4177 928 4240; x_wconf 83' lang='lat' dir='ltr'><strong>Coepit</strong></span> <span class='ocrx_word' id='word_1_402' title='bbox 951 4183 976 4226; x_wconf 79' lang='lat' dir='ltr'><strong>et</strong></span> <span class='ocrx_word' id='word_1_403' title='bbox 998 4176 1113 4238; x_wconf 77' lang='grc'><strong>44444444,</strong></span> <span class='ocrx_word' id='word_1_404' title='bbox 1139 4174 1371 4240; x_wconf 65' lang='lat' dir='ltr'><strong>intestationibus</strong></span> 
     </span>
     <span class='ocr_line' id='line_1_43' title="bbox 279 4247 1368 4315; baseline 0.002 -16"><span class='ocrx_word' id='word_1_405' title='bbox 279 4248 369 4299; x_wconf 83' lang='lat' dir='ltr'><strong>lium.»</strong></span> <span class='ocrx_word' id='word_1_406' title='bbox 395 4249 443 4300; x_wconf 88' lang='lat' dir='ltr'><strong>llic</strong></span> <span class='ocrx_word' id='word_1_407' title='bbox 460 4262 568 4313; x_wconf 87' lang='lat' dir='ltr'><strong>quoque</strong></span> <span class='ocrx_word' id='word_1_408' title='bbox 586 4249 655 4299; x_wconf 84' lang='lat' dir='ltr'><strong>vilae</strong></span> <span class='ocrx_word' id='word_1_409' title='bbox 672 4250 806 4312; x_wconf 85' lang='lat' dir='ltr'><strong>quotidia—</strong></span> <span class='ocrx_word' id='word_1_410' title='bbox 843 4251 915 4313; x_wconf 82' lang='grc'><strong>444444,</strong></span> <span class='ocrx_word' id='word_1_411' title='bbox 941 4252 1088 4301; x_wconf 81' lang='grc'><strong>4444444444</strong></span> <span class='ocrx_word' id='word_1_412' title='bbox 1104 4262 1180 4315; x_wconf 68' lang='lat' dir='ltr'><strong>sepes</strong></span> <span class='ocrx_word' id='word_1_413' title='bbox 1210 4276 1239 4287; x_wconf 89' lang='lat'><em>-</em></span> <span class='ocrx_word' id='word_1_414' title='bbox 1265 4247 1368 4309; x_wconf 75' lang='grc'><strong>44444444]</strong></span> 
     </span>
    </p>
   </div>
   <div class='ocr_carea' id='block_1_5' title="bbox 0 0 1468 4892">
    <p class='ocr_par' dir='ltr' id='par_1_9' title="bbox 0 0 1468 4892">
     <span class='ocr_line' id='line_1_44' title="bbox 0 0 1468 4892; baseline 0 0"><span class='ocrx_word' id='word_1_415' title='bbox 0 0 1468 4892; x_wconf 95' lang='lat' dir='ltr'><strong> </strong></span> 
     </span>
    </p>
   </div>
  </div>
 </body>
</html>
