2925 4892
716 280 723 316 t

262 356 324 423 tta
641 360 771 412 uoaarn
789 358 970 413 sarraanuu

302 514 491 583 4444444444
513 534 592 579 saxo
613 515 701 582 cives
723 526 780 581 aut
801 514 930 581 tradere
953 514 1103 581 Cadmo?

301 638 341 702 At
361 635 482 703 Novius
502 634 626 722 collega
648 635 751 723 gradu
773 644 847 723 post
868 656 921 701 me
943 633 1037 703 sedet
1053 654 1136 713 uno;
1309 635 1355 699 to

302 758 448 844 Namque
463 766 513 824 est
526 755 589 833 ille,
612 767 705 844 pater
718 754 809 844 quod
825 766 894 822 erat
908 776 1011 822 meus.
1035 757 1104 823 lloc
1120 754 1176 823 tibi
1191 752 1324 822 Paullus

302 878 342 943 Et
362 876 512 945 Messalla
531 876 675 944 videris?
697 880 737 943 ht
757 876 824 953 hic,
849 877 876 943 sl
898 875 1020 964 plostra
1041 874 1181 943 ducenta

302 999 568 1087 Concurrentque
590 998 660 1064 loro
681 998 743 1064 tria
764 998 878 1064 lunera
899 1016 1030 1084 magna,
1055 996 1182 1063 sonabit

302 1120 431 1186 Cornua
454 1116 543 1206 quod
565 1118 737 1207 vincatque
759 1118 868 1197 tubas;
892 1117 1005 1185 saltem
1029 1126 1115 1183 tenet
1136 1116 1198 1184 hoc
1220 1137 1289 1184 nos.

302 1242 392 1308 Nunc
413 1238 530 1305 adme
554 1238 655 1305 redeo
678 1237 827 1305 libertino
850 1247 1088 1327 patronatum,
1308 1238 1354 1303 te

324 1408 365 1459 ³9.
385 1408 488 1458 Dotem
513 1407 544 1457 de
568 1420 602 1471 cp
628 1408 656 1457 et
672 1420 712 1471 pr.
731 1408 749 1457 d
775 1406 888 1471 (Deicere
904 1419 917 1457 e
934 1418 1003 1457 corr.
1023 1406 1059 1469 d),
1083 1406 1205 1458 notabilis
1222 1406 1316 1468 lectio,

292 1496 375 1546 quam
391 1486 482 1533 tamen
499 1496 550 1533 nec
567 1484 619 1532 Fea
636 1495 725 1546 neque
742 1482 883 1533 Pottierius
897 1482 924 1531 in
935 1480 987 1531 ullo
999 1493 1111 1531 suorum
1122 1481 1246 1532 videntur
1257 1495 1320 1547 rep-

291 1558 408 1623 perisse;
427 1560 501 1609 certe
520 1570 574 1608 nou
586 1560 735 1607 enoterunt.
772 1557 845 1607 lianc
858 1556 936 1605 unice
948 1554 1046 1619 probat
1057 1554 1241 1606 Schneidewin
1257 1556 1319 1605 Phi-

291 1630 521 1697 iot.111.p.tit.
550 1644 577 1667 ·-·
605 1630 646 1684 ii.
661 1631 780 1694 44444444
797 1631 843 1695 dp.
872 1656 900 1667 -
930 1628 970 1681 44.
993 1630 1104 1681 Nostrae
1126 1628 1232 1681 lectioni
1254 1630 1317 1679 lnS

291 1718 427 1771 supersor.
451 1710 509 1758 est:
535 1707 626 1757 4444444
648 1706 694 1756 hoc
719 1707 792 1756 44444
816 1709 840 1756 et
863 1716 917 1755 cet.
944 1702 1040 1767 (4444444
1055 1704 1093 1768 p.)

261 1853 289 1863 -
308 1826 453 1889 Deticcree]
470 1826 571 1877 Eadem
586 1827 785 1877 constructione
824 1837 887 1885 nus,
906 1823 1012 1875 Licinus
1023 1826 1125 1885 tonsor,
1142 1837 1192 1889 per
1203 1825 1353 1875 caesarem

258 1901 395 1951 Lucretius
422 1902 453 1960 b,
483 1900 566 1950 itti:
601 1900 634 1949 itt
661 1906 745 1950 444444
772 1912 786 1950 o
823 1897 858 1949 ad
875 1899 1038 1949 senatoriam
1049 1897 1202 1961 4434444444]
1214 1910 1354 1962 pervene-

257 1987 368 2034 emrtmo,
395 1974 468 2035 quusi
491 1973 599 2036 1444444,
626 1974 709 2023 delicit
724 1975 786 2023 ictos
822 1974 895 2033 rant,
915 1984 967 2035 qua
984 1970 1018 2022 de
1035 1986 1064 2022 re
1082 1984 1163 2037 saepe
1174 1972 1354 2035 conqueritur

258 2048 357 2097 44444444
381 2072 396 2083 -
417 2072 432 2084 -
455 2048 483 2097 trs
512 2047 622 2097 Tartaro
648 2052 722 2098 44444.
755 2072 782 2083 -
823 2048 917 2098 Cicero
931 2048 956 2097 in
968 2044 1127 2111 Philippicis.
1164 2046 1209 2097 llis
1222 2044 1351 2097 sordibus

257 2122 332 2186 texo]
350 2122 473 2186 Tarpeio,
499 2119 542 2171 vel
560 2124 590 2172 ut
606 2122 785 2172 4444444444-
823 2122 946 2185 (0444444
975 2119 1067 2184 volgus
1094 2118 1220 2181 vocabat)
1253 2121 1352 2183 postea

258 2195 358 2261 pitelis,
376 2193 420 2245 rel
437 2196 525 2259 potios
546 2198 576 2245 ut
597 2198 706 2259 praetor
727 2198 784 2247 sive
822 2196 979 2246 Octavianus
1007 2194 1128 2246 ordinem
1154 2192 1352 2259 amplissimum

258 2271 395 2333 quaesitor
411 2282 502 2319 rerum
519 2269 679 2332 capitalium.
715 2272 785 2333 Sup-
821 2270 951 2333 purgavit.
986 2270 1095 2321 Sueten.
1125 2270 1214 2320 Octav.
1239 2270 1279 2319 35.
1315 2297 1345 2306 -

258 2341 367 2407 plicium
390 2344 482 2392 autem
506 2342 570 2393 illud
594 2357 648 2394 nou
673 2357 784 2409 prorsus
821 2344 872 2393 Hoc
881 2343 925 2393 4444
934 2343 996 2407 cet]
1009 2343 1125 2397 Triburm
1134 2341 1279 2409 respondet
1293 2343 1353 2393 ilo-

258 2416 394 2468 insolitum
414 2417 559 2467 etiamtunc
582 2418 678 2478 luisse,
705 2430 784 2467 mon·
822 2418 904 2467 ratius
915 2416 1005 2482 populi
1016 2418 1119 2479 uerbis,
1134 2419 1176 2468 cui
1187 2418 1271 2467 hocv.
1282 2420 1349 2468 etv.

257 2493 324 2541 strat
339 2489 492 2554 exemplum
509 2494 537 2541 P.
556 2489 708 2541 Dolabellae
721 2504 785 2541 eou-
821 2490 863 2543 44.
890 2504 952 2543 sese
981 2494 1121 2555 aggregat:
1152 2493 1271 2543 «Verum
1300 2492 1352 2541 444

257 2564 336 2625 aulis,
364 2564 411 2627 qui
436 2578 460 2614 a.
484 2578 510 2613 u.
534 2578 558 2615 c.
580 2566 637 2615 7444.
660 2565 783 2615 hemines
822 2565 933 2630 (rideo-J
951 2565 1003 2616 noli
1021 2570 1048 2616 te
1065 2566 1240 2631 aequiparare
1257 2566 1351 2615 henai-

256 2639 377 2704 perdites
393 2652 425 2689 44
445 2638 600 2701 seditiosos,
626 2638 726 2690 liberos
748 2638 782 2690 de
820 2640 861 2691 liis
872 2640 982 2702 Paullis,
1000 2640 1111 2693 Valeriis
1122 2640 1262 2702 Messallis,
1279 2640 1350 2691 viris

256 2726 321 2764 saxo
338 2713 450 2778 Tarpeio
462 2713 552 2776 deiici,
573 2727 666 2765 servos
684 2716 710 2763 in
723 2726 784 2764 cru·
821 2712 1017 2766 nobilissimis.»

257 2800 317 2839 cem
334 2789 376 2851 agi
392 2788 477 2838 iussit.
502 2789 556 2839 Cic.
569 2787 605 2837 ad
615 2790 668 2838 att.
681 2787 725 2849 44,
740 2788 780 2849 tt,
852 2788 894 2839 43.
921 2789 1127 2852 &movesque
1142 2816 1157 2827 -
1173 2815 1188 2826 -
1203 2788 1349 2853 vincetque]

255 2862 282 2912 2.
301 2887 330 2898 -
348 2863 449 2911 4444444
470 2860 572 2924 Cedere]
596 2862 639 2911 Sic
661 2860 781 2925 Diphilus
819 2864 863 2914 Bis
894 2862 1022 2927 deinceps
1053 2863 1167 2913 verbum
1199 2862 1227 2912 in
1255 2862 1350 2927 priore

256 2935 379 2986 hleinekii
403 2935 446 2983 lv.
473 2947 499 2998 p.
528 2934 594 2985 389:
622 2932 662 3000 τῷ
686 2932 781 3001 δημίῳ
819 2934 943 2988 membro
955 2937 1085 2987 omissum
1097 2950 1130 2987 ex
1146 2938 1294 3001 posteriore
1307 2938 1350 2988 in·

256 3004 425 3079 trepidem
441 3000 541 3057 adrev.
572 3008 705 3059 «Cadmus
719 3009 783 3059 dioi-
819 3008 990 3073 telligendum
1008 3014 1061 3061 est:
1088 3012 1222 3074 tiptostre
1237 3012 1351 3063 44444444

256 3084 300 3132 444
317 3094 349 3132 44
366 3083 488 3144 tempore
505 3081 587 3132 luisse
599 3083 715 3133 carnifex
731 3097 782 3134 ne-
819 3087 979 3135 eoneurrant
995 3084 1051 3133 loro
1067 3085 1271 3146 consumuntque
1285 3086 1349 3147 seru

256 3158 299 3207 444
317 3153 506 3205 crudelitatis.»
532 3156 624 3205 Senon.
644 3157 782 3207 -AtNo-
819 3160 871 3209 tric
892 3159 985 3221 [444444
1001 3160 1029 3207 et
1051 3159 1154 3209 Comes
1169 3160 1235 3221 qued
1256 3159 1350 3211 vincat

254 3230 312 3281 utut
335 3229 401 3293 cet]
426 3230 526 3280 Nouus
550 3230 629 3293 Niger
652 3234 781 3295 quaestor
815 3234 949 3295 vincetque
963 3231 1043 3282 tubes.
1064 3258 1092 3269 -
1108 3234 1175 3297 soro]
1192 3232 1237 3283 nbi
1256 3232 1351 3283 habe-

255 3304 362 3355 cireiter
381 3316 406 3353 a.
425 3316 452 3353 u.
471 3318 495 3353 e.
514 3304 582 3365 694,
606 3317 690 3367 quem
712 3319 781 3356 non·
818 3307 914 3357 bantur
930 3306 1096 3359 laudationes
1113 3308 1253 3368 lunehres3
1281 3322 1350 3361 cre-

256 3374 318 3427 nnlli
334 3378 389 3428 huc
409 3378 530 3439 trahunt,
556 3390 620 3429 sane
637 3378 673 3429 ab
694 3381 780 3431 44444-
818 3380 961 3431 mabuntur
993 3384 1090 3433 mortui
1122 3382 1281 3448 plerumque
1318 3386 1348 3436 ln

256 3452 327 3503 tiano
343 3452 464 3503 diversus
482 3456 532 3503 est.
566 3454 624 3504 4444
640 3455 781 3506 autemdi·
817 3456 919 3519 Campe
945 3457 1046 3507 Martio.
1071 3484 1099 3494 -
1121 3458 1214 3521 [44444
1236 3459 1345 3523 memte]

255 3526 291 3574 444
312 3528 406 3589 poetam
434 3528 483 3576 «At
502 3539 552 3589 ego
574 3525 670 3578 saltem
692 3529 780 3579 minus
817 3531 859 3580 sie
885 3529 1049 3593 iungendum
1072 3544 1134 3581 cum
1161 3531 1346 3594 hhlemeyero

254 3598 372 3649 obscuro
388 3598 447 3650 loco
464 3602 539 3649 ortus
556 3613 617 3651 sum
630 3614 712 3665 quam
728 3604 781 3652 No·
817 3606 845 3654 et
869 3602 1006 3665 lierbstio,
1037 3618 1091 3655 non
1109 3619 1205 3670 meque
1229 3606 1345 3667 serebia

254 3673 328 3731 rius,
355 3670 455 3734 collega
475 3684 553 3723 meus
578 3674 606 3723 iu
629 3674 777 3737 tribunatu;
816 3692 905 3742 neque
928 3681 1000 3731 enim
1026 3682 1092 3743 quod
1117 3694 1178 3733 oum
1200 3695 1227 3732 v.
1245 3696 1346 3746 meque

255 3756 305 3808 ege
313 3743 451 3796 libertinus
461 3758 531 3806 sum,
549 3744 592 3796 ille
604 3746 777 3800 libertus.»—
815 3753 879 3803 satis
896 3755 958 3817 apte
976 3754 1117 3816 cohaeret,
1136 3767 1224 3819 neque
1242 3757 1269 3805 in
1284 3756 1347 3809 aliis

253 3820 338 3882 prede
347 3825 406 3881 post
417 3832 457 3868 me
467 3820 532 3869 sedet
541 3821 601 3884 444]
614 3835 682 3872 euno
693 3825 778 3887 gradu
816 3828 866 3878 nisi
881 3828 982 3890 meanis
998 3828 1135 3879 funeribus
1147 3841 1247 3879 cornua
1258 3830 1285 3880 et
1303 3832 1348 3882 tu-

255 3891 649 3957 deteriorisestcondicionisn,
668 3898 779 3950 transla-
815 3900 866 3951 bae
889 3899 1095 3952 adhibebantur.
1131 3904 1258 3954 Ceterum
1281 3916 1347 3955 me-

254 3966 325 4015 tione
341 3970 447 4031 sumpte
463 3980 479 4015 a
495 3967 607 4020 sedibus
623 3972 727 4023 theatri.
748 4001 775 4011 —
813 3988 865 4039 que
881 3988 972 4025 444444
993 3988 1042 4040 per
1063 3990 1093 4027 se
1112 3977 1175 4028 nihil
1198 3977 1280 4029 habet
1299 3980 1346 4031 el-

253 4040 389 4091 Eiusmodi
405 4042 497 4091 autem
512 4043 670 4107 terraeflht,
688 4048 778 4099 homi·
814 4048 949 4099 tensionis.
986 4049 1060 4100 Conl.
1080 4052 1133 4101 Sat.
1153 4053 1181 4113 4,
1199 4052 1228 4112 4,
1246 4052 1292 4103 it:
1317 4069 1348 4106 os

253 4127 303 4164 nes
327 4115 448 4179 prompti
472 4117 552 4178 atque
571 4119 701 4181 audaces,
728 4124 778 4171 sa·
812 4124 912 4187 444444
926 4127 1082 4174 coadunes.
1117 4127 1207 4176 iuven.
1226 4127 1255 4189 7,
1277 4128 1343 4180 ⁴08:

254 4202 365 4253 sentiae,
394 4189 518 4241 Decidius
544 4191 627 4255 Saxa,
653 4193 777 4245 Volusie—
812 4197 862 4260 lpti
883 4210 979 4261 mearco
995 4206 1093 4249 444444.
1128 4199 1185 4250 Vel.
1205 4200 1289 4251 Flacc.
1311 4202 1343 4263 3,
