2925 4892
519 338 578 389 uro.
598 339 617 390 ι.
652 337 751 391 srrsr.
770 341 790 390 r.
1141 339 1204 406 389
1277 307 1285 328 ⁸

157 493 290 560 Aestuat
311 501 345 560 et
365 493 448 562 vitae
471 491 673 562 disconvenit
694 494 810 564 ordine
833 506 914 573 toto,

155 613 271 692 Diruit,
296 613 460 692 aedificet,
485 625 586 682 mutat
607 616 767 703 quadratu
789 615 959 684 rotundis?
1142 619 1204 685 tue

156 735 302 802 insanire
325 745 419 824 putus
441 735 610 804 sollemnia
633 758 684 804 me
706 758 815 825 neque
844 737 946 812 rides,

153 858 220 925 Nec
241 856 360 926 medici
384 856 491 925 credis
513 879 574 926 nec
596 858 757 926 curatoris
779 879 877 946 egere

153 983 178 1046 Α
200 989 353 1068 praetore
375 977 456 1056 dati,
480 1000 589 1046 rerum
613 978 710 1048 tutela
732 1000 880 1046 mearum

176 1151 235 1276 titio.
259 1149 371 1276 i⁴ti⁰s5tinxi
393 1161 455 1202 cum
478 1147 603 1202 Obberto.
639 1147 688 1201 lilii
710 1150 816 1214 signnm
836 1151 1048 1215 interrogationis
1069 1159 1172 1219 ponunt

141 1237 191 1290 pos
219 1238 247 1275 v.
318 1261 324 1274 .

111 1373 234 1424 miscete
249 1371 314 1438 cet]
336 1374 424 1424 tunice
442 1373 552 1425 lntsmor
568 1373 638 1426 lines
676 1375 828 1438 conscios»)
845 1377 966 1440 speeiem
976 1377 1079 1428 habent
1095 1391 1205 1443 prover·

111 1447 151 1499 vel
162 1447 287 1512 byssina.
306 1447 389 1498 Verre
401 1460 444 1512 up.
457 1449 524 1499 Non.
538 1461 565 1512 p.
579 1448 636 1500 otu.
676 1448 784 1500 biorum
805 1449 840 1500 ds
861 1450 1016 1503 hominibus
1039 1465 1135 1517 pamm
1152 1453 1204 1505 sibi

111 1525 201 1576 llere:
220 1524 389 1584 Posteaquam
400 1522 472 1573 binos
482 1524 581 1574 tuebar
591 1523 639 1574 ia·
676 1523 861 1576 constantibus
870 1537 1034 1590 semperque
1042 1525 1092 1577 alis
1103 1541 1136 1578 ec
1146 1541 1205 1578 rur·

111 1599 165 1651 bers
188 1603 340 1661 responset,
366 1599 527 1650 iristitueruot
547 1613 640 1652 uocare
675 1611 722 1650 sus
739 1598 790 1649 siin
807 1602 898 1649 ments
911 1600 1089 1652 versantibus.
1125 1602 1205 1653 Cete-

110 1673 291 1724 subuculam
303 1673 639 1736 (virerumlstiudosium
675 1687 737 1725 rum
752 1675 820 1724 boc:
846 1687 905 1724 msc
926 1677 1072 1726 sententio·
1084 1678 1202 1741 -etreit,

112 1748 300 1812 (feminarum).
319 1749 408 1798 «Hsec
419 1747 562 1811 interdum,
576 1749 637 1814 quis
675 1749 792 1811 mittent
813 1749 841 1799 in
857 1749 956 1800 iloratil
977 1761 1094 1813 persons
1111 1763 1128 1799 a
1143 1749 1205 1802 tali·

111 1823 197 1874 rninus
214 1834 277 1874 earn
294 1833 374 1884 euro,
400 1820 497 1873 detritu
515 1824 570 1884 est,
597 1827 639 1873 te·
675 1823 727 1874 bus
746 1824 858 1888 inceptis
869 1821 1030 1875 alienissima
1042 1826 1202 1878 facetissime

109 1899 166 1948 sico
177 1897 273 1948 contra
288 1909 370 1960 ρσωιι,
389 1896 484 1956 idest,
503 1900 639 1948 recenset
675 1897 818 1948 ridiculum
835 1901 893 1948 erat
909 1902 938 1950 et
954 1911 1118 1964 magnopere
1134 1901 1204 1952 smi-

112 1973 211 2038 spisse,
239 1970 306 2022 villis
324 1969 409 2035 plenis
427 1973 455 2021 et
476 1969 563 2036 politis
580 1973 639 2023 ter-
675 1971 1204 2027 eosobtsotoredsbsbat.-1sssses

111 2050 197 2097 mrum
230 2045 382 2109 tegentibus
413 2044 514 2109 (bomo
541 2058 639 2108 pesam
674 2046 839 2111 -soitermiaJ
857 2046 987 2099 «delirare
1004 2047 1081 2100 solite
1099 2063 1201 2112 errore,

110 2123 183 2171 Hert.
197 2121 228 2180 2,
241 2119 288 2180 ti,
302 2120 347 2182 li,
360 2117 473 2184 telisque
485 2118 639 2184 discrepen-
675 2121 907 2186 quemadmodum
923 2123 1023 2174 iaciunt
1039 2137 1135 2176 omnes
1148 2123 1201 2187 alii,

110 2197 143 2246 tis
166 2193 311 2246 ridiculum
336 2206 400 2244 sene
424 2192 536 2258 praebet
562 2207 639 2260 aspe-
674 2195 745 2246 adeo
761 2199 791 2246 ut
812 2210 901 2261 nsque
918 2197 1055 2261 eestigatio
1078 2199 1203 2249 nec‘sin·

111 2275 198 2330 ctum,
223 2270 252 2319 et
268 2266 390 2320 similiter
406 2265 451 2318 nbi
472 2269 532 2330 tege
549 2269 638 2320 minus
675 2269 773 2334 gulnris
785 2270 873 2335 ulique
885 2285 950 2323 curs
967 2273 1031 2324 mihi
1047 2271 1202 2325 adhibendo

111 2343 261 2408 eleganter,
282 2354 363 2407 quem
381 2353 451 2392 nuno
469 2340 568 2404 solent,
592 2343 637 2406 qul
675 2346 735 2396 sit.»
764 2345 804 2397 Cl.
824 2347 877 2396 sut.
900 2347 932 2408 3,
955 2345 983 2408 3,
1007 2347 1055 2397 tuo
1072 2360 1114 2411 sq.
1144 2347 1200 2398 Cio.

111 2419 214 2470 ornetui
231 2418 354 2476 student,
374 2416 487 2467 amictus
503 2429 577 2479 sum,
602 2419 637 2468 ite
675 2420 710 2470 nd
721 2420 773 2470 itt.
786 2419 815 2482 t,
828 2421 858 2470 6:
879 2421 985 2471 Ταιιειιιιι
999 2422 1078 2486 isitres
1088 2427 1203 2473 normes

110 2495 139 2542 ut
153 2491 225 2543 mulo
250 2491 316 2541 rnibi
337 2489 446 2550 sedent,
474 2503 506 2541 ex
528 2503 636 2555 unoque
674 2495 738 2545 ittae
753 2493 868 2545 settim
884 2499 1020 2546 mmmm.
1048 2497 1088 2546 Do
1104 2495 1201 2548 tslibus

111 2570 184 2633 perte
203 2566 290 2630 magis
307 2565 409 2616 defluat
425 2577 507 2629 quam
524 2579 557 2616 ex
569 2566 638 2617 elte-
674 2567 919 2620 constructionibus
930 2568 1031 2633 (erebro
1045 2570 1134 2633 imre,
1152 2572 1202 2635 μέ-

111 2656 163 2692 ru.»
194 2643 257 2706 (Sui.
272 2641 301 2701 t,
320 2639 349 2703 3,
368 2639 420 2702 bl.)
440 2666 467 2676 -
485 2640 566 2706 Rider]
586 2641 636 2692 sita
673 2656 760 2710 yroro
784 2636 937 2712 εὐεργετῶν
962 2644 1034 2706 eet),
1057 2643 1201 2708 inquibus

110 2714 248 2776 uidelicet,
273 2716 302 2764 ut
318 2727 369 2777 ego
386 2727 438 2764 une
456 2715 546 2765 tecum
563 2715 637 2766 ride-
674 2716 807 2768 ediectiva
822 2729 872 2781 pro
883 2716 1018 2768 adverbiis
1029 2720 1200 2782 usurpentur,

18 2825 19 2864 t
111 2804 179 2842 uma
207 2787 320 2842 biertisl.
342 2789 373 2850 2,
399 2789 446 2850 38,
472 2791 502 2838 4;
527 2790 638 2840 Pexatus
674 2789 727 2841 vid.
741 2792 859 2853 Wagner
875 2790 911 2840 ad
926 2791 998 2854 virg.
1016 2794 1083 2842 lieu⁴
1101 2791 1132 2853 3,
1156 2793 1198 2842 oo.

108 2865 364 2927 redderer-ideamus,
376 2862 454 2924 Zoilo,
471 2863 541 2912 trito.
561 2866 638 2914 Pror-
675 2866 727 2918 Cir.
739 2867 792 2916 sut.
802 2867 831 2926 2,
845 2866 873 2929 3,
886 2865 933 2916 63:
948 2866 1200 2930 timitemlsrroreml

18 2941 19 2984 1
112 2953 155 2990 sus
171 2937 275 2992 similes
297 2936 430 2989 Plutarchi
456 2937 490 2987 de
516 2937 587 2988 adul.
610 2941 637 2988 et
673 2941 793 2991 inseres.
823 2967 851 2976 —
877 2941 1060 2993 curatoris-A
1083 2945 1202 3004 praetore

112 3029 162 3066 em.
175 3015 259 3066 discr.
274 3013 298 3062 6.
312 3015 340 3062 et
356 3012 461 3062 loannis
479 3011 637 3074 chrysosto-
674 3016 736 3080 doti]
754 3015 794 3065 Ci.
816 3016 869 3066 Set.
890 3016 919 3076 3,
943 3015 973 3076 3,
992 3017 1040 3066 ill
1058 3029 1100 3080 sq.
1119 3017 1201 3067 Tutor

112 3091 145 3140 mi
170 3089 246 3139 locos
273 3099 336 3138 cum
361 3087 504 3137 ilorstiano
527 3086 638 3138 eontulit
674 3091 755 3141 detur
765 3089 911 3154 impuberi,
930 3093 1039 3141 comior
1048 3090 1144 3156 puberi
1156 3104 1200 3142 us·

112 3165 228 3216 Muretus
252 3161 285 3212 V.
307 3161 335 3211 L.
357 3161 402 3223 il,
429 3162 469 3212 ⁴5.
499 3161 635 3224 iuveni,
674 3178 727 3229 que
745 3165 996 3216 adiiXV.annum.
1014 3165 1068 3216 llil.
1085 3165 1150 3215 st.
1167 3167 1196 3227 5,

113 3239 156 3290 tit
172 3250 235 3302 sqq.
673 3240 703 3289 7:
722 3240 752 3290 Si
766 3239 878 3303 sicione
886 3239 957 3302 mcii,
975 3245 1129 3304 matorum
1138 3253 1200 3304 aes·

141 3313 243 3364 90-403.
261 3310 372 3376 satsat]
389 3311 510 3364 Verbum
521 3317 637 3364 ostam
672 3315 803 3377 tidonroos
817 3315 846 3364 in
861 3327 890 3365 so
906 3315 1065 3376 pessumque
1080 3315 1133 3364 sior
1148 3327 1199 3376 oo-

114 3401 126 3436 n
142 3386 269 3438 lluctibus
280 3387 362 3436 meris
373 3385 408 3436 sd
419 3387 538 3436 animum
553 3389 636 3439 treus·
673 3393 748 3440 testas
757 3393 816 3439 esto.
847 3389 972 3439 «Furioso
984 3389 1012 3438 et
1022 3387 1140 3438 dementi
1153 3399 1199 3437 cu-

115 3461 160 3512 iert
176 3463 259 3512 etism
277 3461 333 3511 Cio.
346 3460 421 3511 Verr.
434 3462 530 3512 Aecus.
544 3463 573 3524 2,
592 3462 633 3523 30,
672 3467 746 3514 rotor
773 3465 850 3526 isque
875 3475 925 3526 per
951 3463 1105 3527 praetorem
1129 3459 1200 3511 defi-

114 3535 153 3587 ii:
165 3537 254 3599 lisque
262 3535 394 3586 moeret
404 3535 570 3595 dubitatiorm
580 3549 636 3586 osr-
673 3539 760 3589 ciente
776 3536 892 3600 legitimo
902 3535 1017 3586 dabatur
1027 3549 1059 3586 er
1071 3534 1131 3600 lege
1142 3536 1196 3586 llll.

114 3610 180 3661 ιιιὸιιι
201 3624 229 3661 se
253 3611 280 3660 io
304 3614 634 3672 mecumtecum
672 3610 843 3673 Tabularum,
867 3611 957 3661 imno
979 3610 1021 3661 vel
1042 3611 1117 3662 sistito
1140 3609 1196 3662 solo

115 3685 188 3736 mern
202 3689 300 3746 mette,
323 3697 412 3736 verrem
428 3685 504 3735 cmm
519 3699 632 3748 empore.
671 3688 804 3749 praetoris
821 3686 935 3737 edicto·
960 3687 1050 3737 οιιιι,
1071 3715 1099 3723 -
1111 3699 1198 3738 reram

118 3758 439 3822 -disconoenmverbum
451 3760 632 3822 iloratienum,
672 3761 750 3812 tutelo
776 3761 907 3827 meorum]
936 3773 989 3812 non
1014 3763 1142 3822 «tuem,-
1168 3764 1199 3811 ut

116 3837 142 3884 ut
156 3835 275 3896 ridetur,
295 3835 375 3885 etiam
393 3834 459 3899 Epp.
480 3835 508 3895 t,
528 3834 572 3897 tt,
592 3837 632 3887 ts.
671 3835 748 3886 multi
773 3835 881 3897 volunt,
911 3835 961 3888 sed
986 3835 1197 3900 «praesidinm.-

115 3921 173 3972 pro:
192 3909 357 3972 «discordat,
376 3909 536 3973 discrepat.»
547 3911 634 3960 -Di-
671 3908 737 3960 illud
755 3912 840 3972 enim,
858 3913 976 3961 tutorem
987 3910 1037 3971 (vel
1048 3911 1137 3975 potios
1149 3923 1197 3960 cu-

116 3985 174 4046 ruit,
186 3985 302 4050 aedifica
313 3983 376 4048 cet]
388 3983 483 4035 Salust.
497 3983 570 4034 catii.
585 3985 631 4034 0οε
671 3986 797 4048 retorem)
814 3985 915 4036 babere
927 3986 1014 4036 virum
1025 3998 1110 4049 prope
1122 3985 1199 4048 quin-

116 4072 176 4110 soce
191 4061 307 4121 dirutum,
326 4059 380 4109 aiio
390 4060 531 4122 aedificent.
562 4059 633 4110 ileec
671 4061 864 4123 quegensrium
876 4061 904 4110 et
914 4073 979 4111 mnu
991 4061 1081 4110 mente
1093 4059 1199 4124 praedi-

118 4134 142 4182 et
156 4135 294 4198 sequentia
310 4139 392 4184 metet
408 4135 634 4196 qmdrotaroton·
672 4136 743 4196 tum,
767 4147 847 4184 nemo
869 4135 1050 4185 ilemenornm
1071 4132 1195 4192 dixisset,

117 4207 254 4274 celerose,
268 4207 479 4270 ourhocleciat,
499 4209 549 4261 sibl
562 4209 633 4260 bend
671 4207 772 4260 nedum
789 4208 866 4260 dese
883 4209 942 4273 ipso
957 4209 1088 4261 Horatius.
1124 4206 1197 4256 lineo
