2925 4892
233 356 297 424 sas
613 357 941 411 uomrusnumsou

277 513 460 582 Libertinus
481 523 565 608 erat„
587 514 645 603 qni
667 515 790 582 circum
812 513 952 601 compita
974 513 1081 582 siccus

276 636 386 702 Lautis
407 655 502 702 mane
524 653 626 701 senex
647 633 797 701 manibus
819 633 971 702 currebat
992 645 1040 714 et,
1068 635 1172 703 Unum
1195 673 1238 686 --

276 757 363 838 Quid
376 767 442 824 tam
456 756 633 844 magnum?
654 754 779 822 addens
790 793 841 831 -‚
857 777 958 822 unum
969 777 1022 824 me
1038 757 1162 846 surpite
1178 759 1271 826 morti
1282 758 1289 821 l

276 878 334 944 Dis
355 878 475 945 etenim
495 876 588 945 facile
610 885 674 954 est,
700 875 830 956 orabat;
854 897 952 944 sanus
975 877 1123 966 utrisque

278 999 418 1066 Auribus
439 1007 537 1087 utque
559 994 682 1076 oculis3
704 1007 858 1076 mentem,
881 997 943 1064 nisi
965 997 1139 1085 litigiosus,
1260 999 1325 1066 285

277 1121 450 1209 Exciperet
464 1119 629 1196 dominus,
652 1138 726 1186 cum
742 1117 907 1186 venderet.
930 1119 1001 1186 Hoc
1016 1139 1149 1208 quoque
1164 1119 1278 1208 volgus

300 1318 358 1369 282.
376 1317 460 1367 Laetis
474 1331 501 1382 p.
522 1344 550 1354 -
568 1319 626 1370 283.
646 1320 772 1381 ostiariam
786 1332 908 1384 magnum
925 1318 1019 1368 minis
1035 1319 1079 1382 Sp,
1099 1317 1213 1368 Pottierii
1226 1318 1290 1376 tres,

268 1395 307 1443 Li.
337 1393 369 1443 [lt
385 1405 446 1453 nos,
465 1390 516 1452 hc,
533 1389 573 1454 δι,
593 1393 806 1456 lambethanus,
825 1407 866 1459 pr.
885 1409 916 1454 κ,
936 1391 1031 1452 Bentl,
1050 1393 1139 1444 cilis.
1159 1391 1216 1454 (tiri
1237 1396 1292 1441 tom

265 1479 389 1531 mopsien
404 1467 560 1532 Anonymus
577 1468 649 1533 apud
665 1467 863 1528 lleindortlum,
882 1468 911 1518 lo
922 1472 975 1517 tom
990 1465 1132 1532 mansan?
1147 1465 1290 1518 ltitscher-

267 1615 390 1668 ssi-283.
418 1615 565 1682 chesnio]
588 1618 646 1668 lam
666 1617 761 1667 transii
797 1615 929 1680 sinnius
944 1615 1006 1679 forti
1024 1615 1093 1666 riae
1108 1613 1195 1676 equo?
1219 1613 1323 1664 idest:

234 1690 270 1742 sd
284 1691 483 1756 superstitiosos
507 1705 560 1742 non
582 1692 671 1742 minus
694 1690 761 1742 stul·
799 1690 935 1740 «Proiecto
945 1690 1082 1753 egregium
1094 1701 1146 1739 uon
1156 1689 1206 1748 est,
1220 1689 1242 1739 si
1254 1690 1325 1738 cat.»

235 1768 289 1827 ios,
309 1778 392 1829 quum
406 1767 459 1816 sint
475 1766 572 1826 ceteri,
592 1765 760 1830 quosadhuc
797 1765 839 1814 Sic
856 1765 882 1814 h.
900 1762 932 1815 l.:
959 1763 1096 1815 «Proiecto
1121 1765 1247 1826 exiguum
1272 1762 1325 1812 hoc

235 1842 409 1892 enumeravit.
468 1841 520 1905 (De
553 1840 758 1904 Augustalibus,
798 1839 840 1889 esi
856 1838 968 1899 donum,
988 1837 1206 1900 quodvosoro.·
1240 1837 1325 1887 Nimis

234 1928 304 1980 quos
320 1917 364 1966 hic
381 1915 518 1966 intrudunt
535 1915 712 1976 scholiastae,
731 1919 760 1965 tu
798 1915 918 1963 contorta
934 1911 1041 1961 videtur
1054 1912 1180 1974 Wagnerl
1198 1911 1264 1960 ratio
1277 1909 1328 1960 du-

235 1989 288 2039 noli
304 1990 433 2052 cogitare,
452 1990 578 2052 qnoniam
595 1991 663 2040 haec
679 1991 761 2040 satira
797 1987 894 2054 plicem
911 1999 961 2052 per
972 1987 1219 2049 interrogationem:
1240 1983 1327 2047 Quiri?

235 2063 282 2114 (liu
297 2064 359 2112 ante
376 2062 438 2112 illud
455 2062 638 2126 Augustalium
655 2065 761 2114 institu-
797 2067 851 2112 tam
866 2060 1005 2126 mogricm?
1021 2061 1072 2110 etsi
1090 2073 1186 2111 sensus
1200 2058 1235 2108 ad
1252 2057 1325 2108 idem

235 2140 293 2188 tum
310 2137 457 2200 composita
474 2139 524 2187 est.
561 2137 759 2189 Cinlnscrm
798 2137 854 2198 lero
871 2136 953 2186 redii:
974 2135 1053 2186 ull'os
1068 2135 1121 2183 ist's
1137 2134 1327 2197 mucegros·

236 2213 291 2262 hat.
316 2211 346 2260 ll.
370 2223 397 2274 p.
421 2211 476 2260 liii.
502 2213 530 2261 et
551 2213 652 2277 llampe
677 2214 704 2262 in
726 2214 759 2262 N.
797 2209 867 2261 serio
886 2212 929 2259 et:
960 2208 1053 2258 «Wisi
1079 2208 1134 2257 lst's
1159 2209 1224 2257 mon
1247 2213 1328 2258 etwas

235 2285 459 2348 truttmunt,
471 2283 529 2334 Vol.
540 2286 581 2336 ts.
592 2299 618 2350 p.
630 2287 678 2336 ³26
690 2286 760 2350 sqq.)
797 2299 824 2334 so
846 2283 982 2348 proseria
1016 2285 1071 2332 Nee
1094 2295 1161 2332 vero
1182 2295 1207 2331 v.
1230 2283 1328 2332 eddom

236 2358 517 2410 hibertinumvidetur
526 2361 683 2423 sumpsisse,
697 2361 761 2423 quia
797 2370 1029 2423 supervacaneum
1051 2360 1094 2408 est
1118 2359 1206 2408 nostra
1230 2357 1257 2406 in
1279 2369 1326 2405 ra-

235 2433 314 2484 huius
325 2433 432 2496 generis
443 2434 555 2496 homini,
568 2437 660 2499 utpote
672 2436 761 2485 minus
798 2435 883 2484 tione:
917 2433 1000 2483 homo
1026 2432 1099 2482 euim
1124 2431 1327 2495 superstitiosus

236 2506 319 2568 culto,
339 2509 394 2556 tam
410 2506 522 2557 ridicula
532 2509 685 2572 superstitio
696 2522 761 2574 per·
798 2510 854 2572 ipse
877 2506 1012 2572 paulisper
1037 2506 1153 2567 dubitat,
1181 2518 1246 2556 num
1273 2506 1326 2555 hae

236 2595 317 2646 mam
334 2583 396 2644 apte
413 2581 493 2631 tribui
510 2585 623 2647 poterat.
644 2611 672 2620 -
691 2597 761 2633 com-
797 2595 894 2648 preces
912 2582 1031 2632 exaudiri
1056 2582 1174 2646 possint,
1203 2581 1252 2630 sed
1279 2593 1328 2630 se-

233 2657 298 2720 pite]
326 2655 372 2705 uhi
403 2657 484 2706 Lares
512 2658 655 2708 Praestites
681 2657 760 2722 positi
798 2658 854 2707 met
878 2657 936 2721 ipse
962 2655 1060 2720 decipit
1083 2656 1212 2705 addendm
1243 2667 1326 2705 «sane

235 2733 325 2793 erent,
345 2744 360 2781 a
378 2731 458 2782 Clario
475 2733 543 2793 voti,
567 2733 708 2783 restaurati
725 2730 759 2781 ah
797 2731 972 2796 perexiguum
994 2731 1046 2781 hoc
1071 2733 1112 2781 est
1137 2729 1265 2780 donum.»
1295 2757 1324 2766 -

235 2808 362 2870 Angusto.
394 2805 476 2866 (ovid.
496 2808 564 2856 Fosi.
577 2809 606 2866 5,
624 2807 672 2856 ⁴29
689 2807 760 2870 sqq.)
797 2806 899 2870 surpite]
913 2805 1084 2870 «surripitep
1102 2805 1141 2854 sic
1153 2816 1224 2854 nunc
1235 2804 1262 2853 in
1273 2803 1328 2853 En·

235 2881 275 2931 lbi
291 2879 410 2944 quotidie
431 2893 510 2930 mane
530 2879 641 2931 stolidus
663 2879 705 2931 ille
728 2880 762 2930 li-
799 2881 834 2930 nii
853 2878 913 2930 loco
937 2880 1007 2944 apud
1026 2880 1081 2930 Cic.
1101 2878 1134 2928 de
1156 2878 1204 2928 Oli.
1223 2878 1251 2936 l,
1276 2876 1325 2932 is,

235 2954 357 3005 bertinus
375 2954 611 3005 circumcursabat.
634 2982 660 2992 -
673 2956 761 3019 scete]
799 2955 839 3004 ³8.
858 2955 954 3018 Zumpt
975 2955 1079 3018 recepit
1095 2955 1177 3015 capite
1194 2951 1326 3014 (accipite)

236 3040 424 3091 «nequaquam
441 3027 544 3088 ebrius,
571 3029 607 3077 ita
623 3030 654 3078 ut
675 3028 760 3093 probe
798 3041 848 3092 pro
864 3027 932 3090 volg.
952 3029 1045 3090 accipe.
1067 3055 1093 3064 -
1113 3026 1239 3077 Conferre
1258 3022 1327 3074 libet

236 3101 287 3152 sihi
309 3103 433 3152 conscius
455 3103 542 3162 esset,
568 3101 633 3165 quid
654 3101 760 3154 velletr
798 3100 960 3153 versiculum
979 3102 1073 3165 hymni
1096 3100 1167 3165 apud
1189 3098 1324 3150 Plutarch.

238 3201 267 3212 -·
284 3175 557 3239 tantm-montiae]
583 3176 762 3239 quemadmo-
799 3177 916 3236 Quaestt.
939 3177 1062 3240 Sympos.
1084 3176 1112 3236 3,
1136 3177 1165 3237 6,
1190 3174 1218 3224 l:
1245 3167 1326 3224 'svai-

236 3247 302 3300 ‹lum
326 3248 449 3300 solebant
470 3250 613 3314 precaturi.
641 3277 670 3286 -
696 3253 763 3313 Quid
797 3244 1094 3322 βαλεᾶνωτὸγῆρας,
1107 3241 1327 3318 &millepo-

236 3328 289 3374 tom
304 3324 444 3389 mogum
460 3326 561 3388 edm]
572 3323 712 3388 Volgnrem
724 3325 762 3376 le·
798 3323 875 3390 δὶτη,
897 3339 929 3376 ec
946 3323 1038 3376 similla
1056 3323 1127 3375 stulti
1145 3326 1234 3389 optata
1252 3321 1326 3387 apud

236 3397 353 3449 monem
377 3399 503 3460 Quidam
525 3411 647 3463 magnum
668 3400 762 3449 eodem
798 3401 943 3450 Lucisnum
960 3398 991 3450 ἐν
1007 3397 1105 3465 Πλοίῳ
1122 3398 1163 3450 ti.

236 3475 444 3539 interpretantur
460 3475 568 3524 «votum
585 3476 674 3538 magni
695 3489 761 3540 pre·
830 3474 952 3526 set-ssi.
987 3476 1034 3525 Dis
1058 3476 1147 3526 etenim
1172 3475 1247 3538 focile
1274 3473 1324 3538 est]

235 3546 294 3607 on»
314 3546 358 3597 vel
375 3560 501 3598 «carmen
518 3549 679 3611 magicum.»
707 3549 762 3598 Sed
798 3550 930 3612 Theognis
954 3563 980 3599 r.
1005 3549 1054 3599 ll:
1076 3543 1203 3620 Ἄρτεμι,
1220 3541 1327 3598 --liri-

235 3621 278 3670 vix
295 3621 426 3682 adducor,
445 3625 474 3671 ut
491 3622 600 3672 credam
612 3623 759 3685 Horatium,
799 3625 914 3690 χομένῳ
930 3638 983 3688 μοι
998 3621 1099 3686 κλῦθι,
1119 3619 1212 3686 κακὰς
1227 3621 1251 3672 δ’
1263 3617 1326 3672 ἀπὸ

236 3695 367 3745 sivotum
384 3697 533 3758 significare
545 3696 687 3756 voluisset,
706 3700 760 3748 mm
799 3695 890 3769 κῆρας
915 3691 1031 3748 ἄλαλκε.
1066 3698 1119 3749 Σοὶ
1140 3698 1195 3764 μὲν
1220 3693 1325 3757 τοῦτο,

236 3765 352 3818 obscure
365 3770 526 3832 scripturum
544 3769 633 3821 inisse.
669 3773 761 3835 Neque
798 3769 868 3834 θεά,
893 3770 1014 3844 μικρόν,
1041 3771 1108 3838 ἐμοὶ
1129 3770 1161 3823 δέ
1183 3773 1268 3836 μέγα.
1295 3799 1324 3808 -

235 3853 301 3890 vero
318 3841 388 3892 inest
403 3843 560 3905 significatio
577 3846 696 3908 magicae
713 3844 762 3895 ali·
798 3847 895 3911 metm]
913 3848 990 3912 ipsae
1007 3847 1058 3898 hee
1076 3859 1184 3911 preces,
1204 3845 1238 3896 ad
1255 3857 1326 3909 quas

236 3914 312 3966 culus
330 3914 472 3978 lormulae;
491 3917 564 3981 quod
581 3920 603 3969 si
619 3917 760 3984 voluisset,
799 3923 935 3974 hominem
951 3923 1127 3972 immoderata
1144 3923 1214 3972 vitae
1225 3919 1326 3984 cupido

237 3989 328 4052 quidni
345 3989 440 4040 saltem
454 3993 617 4056 scripsisset:
637 3995 762 4056 Quietem
799 3994 964 4060 impellebat,
983 3995 1106 4047 festivum
1122 3995 1210 4046 intuso
1227 4005 1326 4057 super-

236 4065 665 4130 arcanumorlrlrnsihectiovern,
679 4082 761 4132 quem
799 4071 911 4121 stitionis
940 4069 1094 4134 exemplum
1121 4071 1213 4132 utique
1242 4080 1326 4132 prae-

237 4137 362 4203 praetuli,
388 4137 542 4203 explicanda
566 4144 608 4191 esi
632 4155 665 4192 ex
687 4145 758 4208 virg.
798 4144 871 4196 beat.
892 4171 919 4184 -
937 4142 1244 4206 merstem-Emporon
1257 4143 1326 4193 «nisi

235 4214 301 4264 Αθῦ·
314 4213 360 4275 ⁴⁴.
380 4213 444 4265 7⁰51
464 4215 530 4277 Ouid
545 4220 598 4267 tem
615 4222 758 4283 rgrepmn,
797 4218 856 4272 lites
882 4222 996 4280 amaret,
1023 4221 1112 4272 statim
1137 4218 1240 4269 (liceret
1264 4231 1327 4268 enr-
