2925 4892
255 375 317 442 754
734 363 863 414 uoruru

297 533 364 598 Nee
385 529 501 594 virtute
523 524 605 590 leret
625 520 761 588 clarisve
784 516 946 605 potentius
968 515 1066 582 ermis

298 654 403 733 Quum
424 647 533 734 lingua
553 643 692 716 Latium,
716 641 745 706 si
771 659 835 704 non
857 635 1037 704 offenderet
1057 655 1156 700 unum
1194 613 1219 646 ⁸
1281 631 1342 696 290

300 775 471 856 Quemque
493 772 661 853 potiorum
682 761 778 828 limae
800 758 892 826 labor
914 769 947 826 et
967 776 1068 824 more.
1113 755 1192 829 Vos,
1216 773 1236 818 0

300 889 476 978 Pompilius
498 885 646 971 sanguis,
670 901 801 948 carmen
823 876 1064 968 reprehendite,
1089 873 1179 962 quod
1200 893 1267 939 non

301 1012 398 1079 llultu
419 1009 491 1078 dies
513 1016 546 1074 et
567 1003 666 1071 multu
687 1002 782 1068 lituru
805 1000 948 1068 coercuit
969 1009 1067 1086 atque

322 1220 382 1272 289.
394 1217 518 1275 whose
528 1214 557 1262 Β.
574 1238 601 1247 -
614 1210 672 1260 stt.
684 1207 826 1270 repreudtte
836 1207 874 1256 BS
891 1207 952 1268 (non
968 1204 1061 1264 thd).
1076 1229 1105 1238 -
1117 1201 1176 1253 het.
1191 1206 1314 1264 smmi,

292 1301 392 1361 (psum
403 1289 497 1342 lineolo
514 1286 708 1350 superscripta,
728 1281 754 1331 id
772 1283 825 1340 est,
840 1279 1004 1341 praesectum)
1023 1279 1053 1338 B,
1067 1275 1158 1328 Blend.
1172 1275 1313 1338 antiquiss.

259 1482 374 1534 illustres
398 1478 447 1527 viri
469 1479 530 1536 toga
546 1471 683 1535 praetexte
700 1466 784 1518 induli
820 1465 960 1516 enumeret
972 1465 1047 1522 vitiu,
1066 1463 1093 1512 in
1105 1473 1174 1526 quae
1185 1459 1346 1524 plerumque

259 1556 330 1608 iniis
342 1551 470 1617 egebant,
488 1550 569 1610 etque
580 1543 717 1608 oppositus
729 1555 784 1591 ue-
820 1540 958 1588 incurrere
975 1535 1080 1588 soleant
1090 1537 1185 1600 poetae
1198 1534 1286 1584 hutini
1297 1534 1345 1596 (w.

257 1630 352 1694 ptdutts
367 1622 516 1689 argumenti
532 1619 641 1677 Graeci,
667 1616 784 1679 scripse-
819 1611 967 1672 289-308.},
986 1609 1133 1673 etquidem
1151 1609 1272 1671 primum
1287 1619 1345 1658 esse

260 1707 323 1755 runt
336 1700 467 1767 imprimis
479 1694 608 1748 Pacuvius
619 1689 745 1754 (Panum
757 1689 786 1738 et
820 1687 857 1736 uit
873 1685 951 1735 limue
969 1683 1102 1742 inedium,
1126 1683 1238 1732 nimium
1257 1683 1347 1732 contre

259 1778 356 1829 Accius
367 1776 484 1839 (sruusn
492 1773 519 1820 et
527 1765 652 1830 Decium).
666 1764 785 1814 Primum
821 1761 974 1824 opinionem
986 1759 1019 1808 de
1032 1759 1109 1808 insito
1121 1758 1219 1819 cuique
1233 1757 1347 1819 ingenio.

259 1853 355 1904 iecisse
372 1849 538 1915 praetextum
554 1839 706 1906 (homulus)
719 1840 786 1888 Nee-
821 1832 895 1898 quod
906 1845 987 1896 suepe
1000 1830 1116 1882 ridiculis
1125 1830 1213 1881 modis
1223 1830 1349 1880 affectent

258 1929 333 1978 ulum
346 1913 786 1979 docuitGrauerthhilol.schnei-
821 1921 853 1958 ec
878 1907 933 1959 suis
959 1905 1131 1971 popularibus
1152 1907 1301 1956 ostentent.
1321 1931 1347 1942 -

260 2003 327 2052 des.
340 2002 371 2050 li.
383 2012 411 2062 p.
425 1997 472 2046 tto
485 2005 545 2057 sqq.
557 1989 629 2042 Fulsu
642 1990 732 2038 eutem
746 1987 787 2036 est
820 1994 898 2032 uuum
924 1981 1065 2043 θυοηιᾳω]
1094 1979 1223 2032 hislitiosd
1250 1979 1347 2038 ironit,

260 2074 379 2127 Lerschii
396 2070 486 2135 opinio
504 2068 531 2116 in
548 2065 641 2116 lluseo
658 2062 785 2112 ltheneno
822 2055 887 2106 dum
907 2053 1081 2118 reprehendit
1101 2053 1270 2112 socordiam,
1298 2065 1349 2116 qus

259 2151 302 2199 vt.
314 2148 339 2199 t.
355 2161 383 2210 p.
402 2145 460 2195 509.
479 2153 579 2191 nomen
595 2135 666 2188 istud
682 2135 786 2185 ducen—
822 2141 902 2193 saepe
914 2140 1009 2178 versus
1021 2130 1136 2191 pungunt
1147 2129 1275 2188 liomnni,
1294 2130 1348 2191 ipse

260 2222 325 2273 dum
342 2232 403 2270 esse
425 2230 442 2267 e
459 2228 485 2265 v.
501 2217 663 2275 praeterere,
685 2207 786 2258 scilicet
822 2200 943 2254 consulto
967 2200 1140 2264 negligentior
1156 2203 1198 2252 est
1218 2203 1247 2251 in
1265 2201 1349 2252 divel-

259 2307 384 2351 sceuum;
406 2303 466 2343 esse
489 2289 568 2351 igitur
586 2281 733 2342 «inbutum,
758 2283 785 2332 in
821 2277 901 2329 leudo
909 2275 993 2327 verbo
1002 2289 1209 2339 semiquempuo.
1226 2276 1269 2328 Ci.
1283 2279 1347 2342 Epp.

259 2383 312 2433 que
324 2379 406 2419 sceno
417 2362 614 2429 praetexatur.»
628 2369 655 2394 -·
670 2356 784 2420 deense]
821 2354 846 2413 2,
860 2354 885 2414 2,
899 2351 956 2402 488.
975 2353 1028 2400 Sut.
1044 2351 1071 2411 4,
1085 2352 1111 2410 t,
1125 2351 1165 2400 62.
1185 2350 1209 2411 4,
1222 2351 1249 2412 s,
1264 2352 1306 2402 54.
1321 2379 1347 2388 -

258 2445 289 2494 ut
305 2441 398 2494 Greeci
415 2439 449 2488 de
466 2436 551 2501 politis
574 2431 688 2484 scenicis
704 2427 785 2480 διδά-
820 2425 955 2489 &opilius
970 2423 1085 2489 meus]
1114 2424 1268 2475 lionorifiou
1286 2423 1349 2474 ullo-

258 2531 339 2568 ostew
355 2514 497 2576 usurpent,
517 2509 579 2572 quie
596 2508 675 2571 potito
688 2519 784 2570 reapse
822 2501 902 2551 cutio.
936 2499 1016 2550 «hiihi
1043 2500 1133 2561 utique
1159 2501 1348 2560 nomineiirus,

259 2590 361 2643 docebat
371 2587 513 2638 histriones
526 2585 554 2632 et
564 2583 691 2640 chorum,
710 2583 785 2631 unte·
822 2587 903 2638 quem
920 2586 969 2638 pro
985 2574 1106 2624 vocetivo
1118 2574 1235 2638 positum
1247 2574 1348 2632 uolunt,

259 2677 342 2729 quum
358 2658 476 2712 inbutum
498 2658 583 2718 dard,
610 2657 699 2706 meret.
727 2655 782 2705 Cic.
821 2661 874 2700 nou
892 2649 1026 2708 uocantis,
1045 2647 1095 2699 sed
1112 2646 1275 2699 declarantis
1289 2660 1348 2698 esse

259 2739 331 2790 Brut.
346 2736 387 2797 48,
400 2735 446 2784 tt:
464 2732 550 2782 tuso
563 2729 785 2792 prtmuufututum
821 2722 935 2773 videtur.
955 2721 994 2772 Ct.
1008 2723 1061 2772 Sat.
1071 2723 1097 2781 t,
1107 2722 1133 2783 t,
1145 2721 1201 2772 ⁴07.
1215 2721 1347 2785 Odysss,

157 2863 166 2878 Ι
259 2810 398 2861 ..eom
411 2803 557 2870 -topotud
570 2803 785 2854 comoedieslio-
820 2796 882 2848 liii:
901 2791 1038 2863 Γαμβρός
1055 2791 1126 2860 ἐμὸς
1140 2790 1273 2866 1944νᾶ47144
1290 2791 1349 2860 (θῦ

260 2886 332 2936 meni
348 2880 511 2944 argumenti,
538 2878 675 2941 oppositus
687 2877 785 2938 pultic-
820 2871 906 2941 yuse‘p
919 2871 1009 2932 Belslr.)
1025 2884 1056 2920 re
1066 2869 1176 2920 τίθεσθ’
1190 2863 1276 2935 ὄνομ’
1289 2863 1348 2920 ὅττι

260 2961 306 3019 tis,
324 2953 472 3018 argumenti
485 2952 586 3002 Graeci.
612 2954 634 3000 Α
645 2951 785 3013 praetactis
820 2959 870 2996 κεν
893 2941 996 2993 εἴπω.»
1022 2945 1175 2994 iisnuuuuus
1198 2943 1233 2993 ed
1257 2945 1346 3008 Eurip.

260 3035 288 3080 et
302 3027 454 3079 mortu
478 3025 518 3074 sie
534 3029 634 3087 topatus
650 3023 786 3086 distinguit
820 3019 901 3070 hudr.
915 3033 941 3084 p.
955 3019 1009 3068 XV.
1029 3017 1082 3068 Cir.
1092 3019 1188 3082 Zumpt
1197 3019 1242 3068 Gr.
1254 3019 1280 3082 5.
1290 3019 1345 3070 itt.

260 3097 431 3152 Grsuertl.l.:
444 3098 782 3162 «praetendentem,
821 3094 927 3144 Terent.
941 3093 1049 3144 Phorm.
1062 3093 1087 3153 t,
1100 3092 1126 3153 2,
1139 3093 1185 3142 id:
1205 3093 1226 3142 0
1240 3095 1284 3142 uir
1298 3094 1348 3156 sor·

258 3175 329 3228 sudis
345 3172 484 3237 truptsohsu
498 3171 783 3232 Nasouomtoospum
821 3169 852 3218 tis
874 3173 949 3228 utque
968 3168 1072 3217 ommes.
1109 3167 1175 3217 ilinc
1197 3167 1306 3219 Persius
1322 3169 1346 3226 4,

259 3251 378 3314 tegetes,
400 3247 440 3298 dio
464 3245 533 3295 mehr
548 3243 643 3294 haum
658 3243 785 3307 bttrpsrtt-
821 3242 868 3292 et:
891 3242 951 3302 Vos,
969 3241 1117 3304 opacitates
1127 3242 1241 3303 scopum
1267 3241 1346 3302 «Quis

259 3324 319 3374 cheu
335 3324 410 3374 tent-
425 3320 478 3372 stnd
494 3318 666 3380 schemis&
691 3317 785 3369 teher-
822 3314 920 3380 Cslpus
937 3311 1082 3379 (μυθικὸς)
1100 3313 1168 3366 filins
1186 3315 1230 3364 est
1246 3318 1346 3366 Numae

260 3398 364 3459 nerine,
388 3395 428 3445 die
443 3395 531 3444 rosen
547 3405 595 3442 om
611 3393 666 3441 dem
681 3392 784 3442 eisdem
821 3388 954 3453 Pompilii,
979 3404 994 3440 u
1016 3403 1069 3453 quc
1088 3387 1222 3452 Calpurnii
1240 3391 1347 3441 Pisones
1448 3405 1449 3426 1

261 3471 418 3522 Volksleheu:
435 3467 484 3518 atie
500 3467 555 3518 drot
567 3463 625 3516 uolt
640 3466 693 3514 und
708 3465 786 3528 oripi·
822 3467 961 3515 uexerunt
985 3475 1091 3515 nomen.
1102 3481 1115 3508 ι
1150 3465 1245 3513 Pourn.
1272 3462 1347 3513 soleii
1448 3471 1449 3496 ³

259 3547 304 3597 uel
323 3545 456 3595 romische
492 3542 545 3593 «ut
570 3541 672 3603 tegetes
697 3537 786 3590 Aelius
823 3539 896 3590 Bassi
922 3541 1050 3602 Panegyr.
1074 3539 1101 3588 in
1121 3537 1151 3588 C.
1176 3535 1346 3602 Calpurnium
1448 3545 1449 3552 ¹

260 3621 364 3678 Lousia,
381 3618 510 3668 Antonius
527 3614 624 3675 liuius,
646 3615 694 3664 cn.
709 3611 785 3676 (1.0.)
823 3611 947 3664 Pisonem
958 3625 984 3663 v.
999 3611 1044 3662 ti:
1061 3625 1123 3662 uem
1137 3612 1346 3674 outdmeuornu

260 3690 395 3752 lielissus,
414 3689 551 3752 (Titinius)
569 3688 704 3746 hirenius,
723 3687 786 3749 [No-
822 3698 917 3736 necesse
932 3691 981 3747 est,
1002 3686 1129 3736 Utdnuuss
1141 3699 1159 3735 u
1171 3687 1250 3748 Calpo
1261 3699 1346 3736 coutet

259 3763 338 3824 rius.)
344 3765 505 3827 Pomponius
512 3762 784 3824 seripserunt-scm.
823 3759 964 3822 Calpurnio
980 3759 1078 3810 ducet?
1098 3761 1186 3824 Atque
1199 3761 1226 3810 in
1239 3771 1345 3810 nummu

262 3837 400 3888 Horatium
412 3838 500 3888 minus
511 3838 585 3886 recte
597 3835 695 3886 erroris
706 3836 732 3883 in
745 3833 787 3884 his
824 3834 894 3898 apud
911 3832 1008 3885 Eckhel
1026 3835 1057 3884 D.
1074 3835 1104 3884 N.
1123 3832 1180 3883 Vol.
1194 3833 1227 3882 V.
1245 3847 1271 3898 p.
1284 3833 1343 3883 itt:

261 3911 354 3963 verbis
375 3910 510 3961 commissi
528 3907 662 3961 insimulet
677 3909 787 3958 Diome·
824 3907 875 3958 CN.
893 3907 963 3958 PISO
978 3907 1069 3970 Phoc.
1097 3908 1183 3970 ceput
1206 3905 1345 3956 herbatum

262 3986 311 4038 des
328 3999 357 4049 p.
373 3983 430 4036 487.
450 3985 477 4034 P.
505 3983 544 4034 ci.
567 3985 690 4033 lieuvens
707 3981 788 4033 Colle-
824 3980 976 4032 diedemate
988 3981 1113 4040 cinctum,
1127 3981 1171 4030 cui
1180 3981 1342 4045 inscriptum:

263 4066 352 4110 omnen
368 4073 394 4124 p.
407 4057 449 4108 43.
468 4058 638 4108 etNeulrirch
654 4056 788 4119 defututa
823 4055 924 4106 Notis.
944 4053 997 4106 Cir.
1012 4057 1118 4105 Festum
1130 4055 1157 4104 in
1168 4067 1195 4104 v.
1208 4055 1342 4116 cutm.
1448 4097 1449 4114 ,

263 4135 539 4197 topoteitomcuonsu.
558 4131 662 4194 hipsiee
674 4130 747 4181 4833,
760 4131 784 4180 8.
825 4127 972 4180 «Plutarch.
989 4129 1067 4180 Num.
1085 4129 1126 4178 st.
1144 4129 1290 4190 Pomponius
1305 4125 1344 4175 di-

295 4205 433 4258 tus-itt.
461 4207 511 4256 Nee
530 4206 622 4255 virtute
638 4204 701 4266 eet]
730 4204 787 4254 lum
824 4203 872 4263 cit,
897 4203 1026 4263 Piustios,
1054 4203 1217 4264 calpurnius,
1235 4203 1343 4252 ilumer-
