2925 4892
274 326 337 392 6l0
596 385 600 390 ,
632 324 762 376 aunam
779 323 1000 378 arrsroctamt

315 485 411 567 Quod
433 503 559 551 mecum
583 484 721 570 ignorat,
753 481 842 548 solus
863 481 929 547 volt
950 480 1035 548 scire
1055 479 1175 556 videri,

314 606 454 694 lageniis
476 625 539 671 non
562 603 615 669 ille
637 603 721 670 lavet
741 601 931 690 plauditque
952 601 1100 688 sepultis,

313 729 427 794 Nostra
449 725 508 794 sed
529 725 707 812 impugnat,
732 744 792 790 nos
813 731 990 809 nostraque
1011 719 1129 787 lividus
1150 719 1229 787 odit

315 847 460 929 Quodsi
484 857 547 913 tam
570 845 702 912 Graecis
724 844 849 910 novitas
870 843 973 909 invisa
994 843 1108 909 luisset
1317 843 1356 908 tt

313 969 418 1049 Quam
431 967 538 1044 nobis,
562 965 641 1056 quid
652 985 739 1034 nunc
753 975 842 1032 esset
854 964 973 1031 vetus?
994 973 1051 1030 aut
1064 961 1145 1051 quid
1159 961 1311 1040 baberet,

339 1166 380 1216 oo.
408 1165 511 1216 maius
534 1147 609 1214 isne
634 1167 662 1214 u
678 1175 774 1214 omnes
795 1163 912 1214 potuero
936 1160 1130 1224 scumturiqua,
1154 1159 1329 1224 probabiliter

304 1241 385 1292 etiam
402 1239 482 1300 Feaa,
502 1239 580 1290 LCts:
601 1238 686 1288 &otis
702 1235 837 1288 Bentleius
855 1237 923 1287 coni.
942 1239 969 1286 et
985 1238 1018 1289 bl.

272 1425 420 1478 Germanici
438 1425 569 1475 bonorem
585 1423 660 1475 tacti:
689 1424 799 1474 Carmen
833 1422 932 1486 potnit,
945 1420 972 1470 id
984 1421 1057 1485 quod
1069 1423 1095 1471 in
1108 1421 1226 1486 pedestri
1238 1423 1359 1472 emtione

271 1501 388 1562 Smioro,
407 1501 590 1562 quodcum'tult
607 1502 645 1550 IN
653 1500 794 1551 PALATIO.
833 1496 923 1548 lacera
940 1495 1013 1546 haud
1029 1495 1135 1546 licebat.
1166 1495 1204 1547 cl.
1219 1495 1269 1545 Od.
1283 1495 1313 1555 l,
1330 1496 1358 1557 l,

270 1577 301 1625 V.
320 1574 496 1626 Niebubrium
521 1575 548 1624 ln
571 1575 622 1624 Fen
648 1575 750 1625 Varietd
770 1575 797 1622 di
833 1571 874 1620 33.
897 1597 923 1606 -
941 1570 1040 1632 liuidus]
1064 1568 1215 1620 «malitiose
1237 1570 1358 1628 invidus,

269 1651 362 1700 notizie
379 1663 439 1714 pag.
453 1649 519 1698 Xlll.
549 1648 625 1712 Apud
647 1650 796 1698 Varronem
832 1645 890 1708 ipse
914 1656 977 1695 cum
999 1643 1063 1694 nibil
1086 1646 1238 1694 nostrorum
1263 1647 1360 1694 carmi-

270 1725 298 1774 L.
313 1725 340 1774 L.
354 1725 384 1785 7,
402 1725 443 1772 tt.
463 1724 549 1772 exstet
571 1722 614 1772 hio
632 1723 689 1772 eins
709 1723 797 1772 versi-
832 1732 898 1768 num
908 1717 994 1769 simile
1003 1717 1141 1770 elaborare
1153 1718 1264 1782 possit.»
1283 1719 1357 1770 ovid.

269 1797 360 1850 culus:
380 1799 471 1848 Divom
480 1803 564 1860 erupto
576 1796 616 1860 (al.
630 1797 701 1861 extu)
712 1802 794 1855 cunm,
833 1807 867 1844 ex
883 1795 967 1844 Ponto
984 1793 1013 1855 3,
1031 1792 1061 1853 l,
1080 1793 1123 1842 73:
1143 1793 1246 1854 Scripta
1259 1794 1360 1856 placem

268 1869 797 1936 dwmndaolaldeombupptiountetalsup-
832 1882 850 1917 c
865 1873 946 1917 morte
959 1868 1024 1930 sere,
1043 1868 1106 1929 outa
1121 1867 1219 1917 medere
1233 1869 1358 1918 suosm-

265 1950 331 2012 plica
347 1947 440 2012 cuum.)
456 1945 531 1996 Idem
550 1945 613 1996 ibid.
632 1947 657 2007 7,
678 1947 707 1996 b:
734 1945 797 1996 Aelii
831 1955 878 1990 oor·
894 1946 918 1991 et
933 1943 1013 1991 inuito
1029 1953 1135 2004 carpam
1150 1942 1221 1992 mitte
1237 1943 1309 1993 solet.

269 2020 392 2086 (Stilonis)
408 2020 514 2070 bortrinis
529 2021 556 2069 ln
564 2021 649 2081 primo
665 2021 691 2070 t'rr
706 2020 796 2070 titteris

268 2095 366 2146 Latinis
392 2095 537 2154 coercitati,
565 2095 795 2155 interpretationem
864 2089 968 2140 tto-st.
999 2090 1110 2154 Grucdt]
1131 2092 1188 2140 tam
1211 2089 1357 2141 admirabi-

267 2167 796 2218 eurrniutunSationanoidebiretoxititit-
831 2164 885 2214 lem
909 2165 936 2214 iu
959 2164 1069 2214 modum
1092 2167 1255 2214 Graecomm
1281 2164 1357 2215 indo-

267 2249 324 2292 teru
340 2241 481 2303 expeditum
497 2245 519 2290 rt
532 2242 673 2302 praeterita
688 2242 795 2292 obrem
831 2237 884 2287 lem
902 2239 1034 2302 poeticum
1056 2239 1180 2302 exprimit
1200 2251 1233 2288 ac
1254 2238 1356 2290 descri-

267 2317 356 2367 multu.
377 2314 451 2364 ldem
463 2315 491 2375 t,
510 2314 538 2363 3:
558 2327 668 2376 quorum
686 2314 794 2376 [verbo-
830 2311 882 2370 bit,
901 2311 1103 2372 demonstrans,
1128 2314 1295 2376 quantopere
1316 2314 1357 2362 in-

268 2403 332 2441 nem
349 2388 672 2452 potticommlstl’ompilt
687 2401 794 2453 reponat
829 2387 881 2438 sito
908 2385 1011 2450 pulchri
1037 2398 1118 2436 sensu
1146 2387 1282 2438 Romanos
1310 2400 1356 2438 su-

265 2467 322 2528 fous
337 2465 364 2513 in
383 2463 538 2512 cumulatim
556 2464 699 2526 Saliorum,
715 2477 794 2525 oeque
831 2461 951 2525 perarint
982 2461 1215 2524 promptioresque
1246 2474 1355 2525 semper

267 2553 299 2590 eu
310 2539 342 2589 ab
350 2537 521 2602 mperioribut
530 2543 641 2600 acceptu,
654 2543 739 2588 mmm
749 2539 795 2588 tte-
830 2534 929 2585 luerint
939 2534 974 2584 ad
984 2537 1124 2598 poetamm
1135 2547 1246 2585 suorum
1260 2537 1354 2586 merita

268 2615 324 2666 bunt
335 2626 392 2665 occ.
407 2626 495 2662 anuos.
507 2613 560 2663 Cir.
570 2626 623 2663 van
640 2613 747 2664 Heusde
758 2613 793 2663 ds
830 2607 900 2660 ultro
917 2608 1094 2672 agnoscenda.
1110 2631 1138 2644 -
1151 2609 1250 2673 tereret]
1269 2609 1304 2660 de
1316 2622 1355 2659 es-

266 2690 295 2738 L.
309 2686 382 2739 Aelio
394 2685 492 2737 Stilone
505 2700 532 2752 p.
546 2687 586 2738 tu.
605 2688 670 2739 lude
684 2701 716 2737 ex
726 2686 794 2737 Aelii
829 2684 908 2734 sidua
924 2681 1052 2744 lectione,
1070 2686 1100 2733 nt
1116 2683 1171 2733 Cic.
1185 2682 1219 2733 ad
1237 2685 1311 2735 Fam.
1324 2685 1353 2744 a,

267 2765 388 2826 tempore
412 2763 526 2825 [circiter
544 2775 569 2812 a.
586 2777 612 2812 u.
627 2776 649 2812 c.
664 2762 730 2824 650.)
749 2760 792 2812 alii
829 2759 876 2819 tu,
895 2760 925 2806 t:
944 2754 1082 2807 Παιδείαν
1097 2753 1354 2826 Kopoo--corrtri-

266 2849 375 2900 quoquo
393 2837 563 2886 Grammatici
581 2835 693 2886 multum
714 2837 741 2885 in
761 2837 793 2886 iis
828 2845 918 2881 veram
937 2832 1047 2896 leporario.
1077 2833 1108 2884 ttt
1128 2833 1261 2896 posterior
1281 2836 1354 2884 aetus

267 2909 430 2973 explicandis
442 2911 567 2960 videntur
582 2910 744 2971 desudasse,
763 2911 793 2960 ul
829 2905 896 2957 tales
906 2909 996 2970 tropos
1006 2919 1165 2969 exaggerare
1175 2905 1293 2968 solebat,
1306 2921 1354 2972 pro

267 2995 298 3033 aa
326 2983 390 3031 sciro
418 2982 590 3046 (intelligere)
620 2983 791 3045 viderentur,
829 2986 908 3031 terere
924 2994 1007 3032 ausus
1024 2983 1066 3030 est
1082 2979 1172 3031 dicere
1189 2981 1354 3032 minduniu-

267 3069 337 3119 quae
354 3054 490 3117 Virgilius,
510 3056 646 3116 Horatius,
674 3057 792 3109 Tibullus
830 3053 929 3105 venalis
946 3056 976 3114 t,
996 3056 1059 3104 tut:
1077 3061 1158 3105 artem
1176 3054 1353 3117 (rhetoricam)

266 3143 332 3181 sane
344 3141 395 3180 nec
411 3127 592 3192 intelligebant
608 3143 696 3194 neque
714 3130 793 3181 intel·
828 3131 924 3179 scindes
941 3130 1072 3188 Theodori,
1091 3143 1174 3192 quem
1189 3129 1281 3180 locum
1301 3143 1355 3181 non

266 3203 348 3267 ligero
368 3202 506 3254 curabant.
537 3201 661 3254 Similiter
684 3204 790 3265 Quintil.
828 3202 956 3254 intellexit
973 3203 1108 3254 llaiuricb.
1125 3204 1270 3269 -otrttenj
1284 3207 1355 3256 «mn-

266 3282 295 3340 t,
324 3279 352 3338 fi,
378 3278 422 3329 l0:
453 3277 581 3328 Saliorum
605 3279 722 3329 camnine
747 3281 793 3329 ote
829 3276 881 3341 guli
903 3279 975 3329 cives
998 3279 1109 3329 Romani
1130 3281 1157 3328 et
1179 3281 1225 3342 qui
1246 3283 1355 3343 praeter

266 3353 435 3403 meerdotibus
445 3354 495 3402 ruis
514 3355 575 3402 sutis
590 3354 721 3404 intellectu.
751 3354 790 3404 Cl.
828 3353 878 3403 bos
888 3353 979 3403 Latine
995 3354 1109 3404 sciunt.»
1128 3355 1183 3403 Liv.
1196 3353 1242 3416 tt,
1260 3355 1291 3404 8:
1310 3356 1355 3405 Ge-

267 3427 353 3490 Bergk
375 3429 404 3478 de
426 3428 567 3478 carminum
589 3428 730 3479 Saliarium
750 3442 793 3478 re-
827 3439 892 3475 aerc
915 3431 1000 3476 ouum
1022 3427 1122 3490 froudts
1144 3429 1194 3477 duo
1216 3431 1355 3480 mmmdcc

266 3503 360 3562 tiociis.
390 3501 473 3553 blarb.
492 3502 566 3553 tuit.
586 3502 611 3553 l.
632 3529 659 3539 -
680 3517 731 3553 uon
752 3504 793 3553 tlte
827 3500 923 3550 viritim
938 3501 1048 3551 wilatis
1062 3502 1166 3551 inductu
1175 3508 1258 3552 mont.
1285 3504 1354 3554 Fene

265 3576 346 3641 saort]
371 3590 443 3627 «non
466 3590 497 3627 ex
520 3578 599 3627 animi
621 3579 661 3628 sul
683 3581 793 3628 senten·
828 3573 907 3625 lectio
930 3577 1056 3638 Quiritum
1076 3576 1183 3626 videtur
1203 3576 1269 3628 ialsu
1291 3591 1353 3628 cor-

267 3651 303 3700 tia
320 3650 415 3714 probat
437 3653 544 3714 antiqua
569 3654 703 3714 carmina,
723 3665 791 3716 quaa
827 3651 911 3700 rectio
919 3648 1002 3702 falsae
1011 3649 1353 3716 lectionisout'rt’tim,quam

267 3722 301 3772 ab
319 3724 376 3788 ipso
394 3725 466 3775 haud
487 3724 620 3776 intellecta
642 3739 704 3776 aum
726 3741 791 3776 vera
828 3723 972 3775 Lambinus
992 3725 1113 3790 repperit
1136 3725 1162 3774 in
1184 3725 1251 3776 cod.
1272 3726 1352 3777 card.

267 3795 403 3848 delectare
420 3799 528 3848 minime
547 3801 683 3863 possuntt
705 3824 732 3835 -
752 3813 792 3850 ee-
828 3799 900 3848 ltain.
915 3825 945 3835 -
955 3798 1070 3860 potitae
1084 3798 1153 3864 ortu]
1169 3812 1235 3850 usus
1252 3813 1275 3850 s.
1289 3813 1353 3850 nsua

263 3871 349 3935 pultis]
379 3872 569 3936 «scriptoribus
597 3875 658 3924 ante
692 3873 791 3925 multos
828 3871 929 3924 tructus
947 3885 1052 3934 rerum,
1071 3887 1138 3937 quas
1149 3874 1252 3937 antiqui
1268 3872 1354 3938 publi-

267 3959 352 3997 annos
369 3946 481 3996 mortuis
493 3950 520 3997 et
536 3949 590 3998 iam
600 3947 726 4000 oblivioni
740 3953 792 3999 tra·
828 3959 873 3998 cas
904 3947 947 3998 vel
980 3960 1138 3998 communes
1164 3946 1350 4013 appellabant,

267 4019 354 4069 ditis.»
369 4047 397 4056 -
409 4021 504 4069 Nostra
519 4023 569 4084 teo]
587 4023 743 4087 Aptissima,
761 4026 793 4073 ut
828 4035 942 4085 quarum
959 4022 1121 4083 dominium,
1143 4025 1173 4073 nt
1188 4023 1264 4073 aiunt
1283 4022 1351 4082 teti,

267 4095 359 4158 poeta,
377 4093 550 4157 vocabulum,
569 4098 595 4147 in
613 4110 667 4160 qno
685 4101 792 4148 senten·
827 4109 908 4146 namo
924 4097 959 4146 ita
976 4098 1083 4161 poterat
1099 4109 1249 4160 occupare,
1266 4099 1298 4146 ut
1308 4109 1353 4147 ex-

267 4169 319 4218 tiae
348 4168 430 4219 cardo
458 4170 584 4232 vertitur,
621 4184 789 4236 praeponere
826 4170 947 4222 eluderet
957 4169 1032 4223 alios.
1050 4170 1197 4224 Talesstmt
1207 4176 1351 4236 attr,aqua
