2925 4892
292 379 355 445 430
652 379 783 430 llOBA'l'll
799 379 1019 432 EPlS'l'OLABUll

336 537 384 605 Sit
404 537 460 626 qui
483 535 568 603 dioto
590 533 676 602 loras
699 533 856 611 eliminet,
879 543 916 599 ut
937 540 1032 600 co'eat
1052 553 1113 620 par
1327 533 1361 595 25

337 661 555 746 iungaturque
577 657 658 745 pari.
702 657 834 722 Butram
856 655 913 721 tibi
935 652 1192 742 Septiciumque,

335 781 374 847 Et
395 781 455 846 nisi
478 798 581 846 coena
602 778 693 865 prior
714 777 888 865 potiorque
910 773 1019 863 puella
1040 774 1195 842 Sabinum

359 961 400 1010 26.
418 959 527 1009 Bmtoro
543 958 572 1018 S,
591 957 713 1007 Bmtrom
723 958 750 1020 ζ,
768 956 877 1007 8444444
887 955 948 1005 LCt.
969 956 1083 1017 (144444,
1102 953 1205 1019 bchp,
1216 951 1303 1019 βκμξτ
1313 957 1337 1004 44

326 1033 443 1084 Pottierii
460 1032 601 1097 plerique.)
618 1055 645 1066 -
663 1031 860 1094 septimocuqoe
876 1028 904 1091 d,
922 1029 1041 1093 quinque
1054 1030 1172 1081 Pottierii
1182 1032 1211 1080 et
1226 1031 1282 1080 th.
1306 1030 1340 1092 1144

328 1121 392 1170 nos,
412 1107 514 1171 oscnp,
533 1102 661 1172 deruit-i
876 1127 886 1141 ·

296 1265 417 1317 culorum
433 1267 516 1316 instar
532 1262 717 1328 splendeant.»
737 1285 764 1298 -
779 1262 823 1312 444-
859 1259 979 1324 polutum
1000 1262 1055 1312 est:
1074 1261 1162 1322 potior
1184 1263 1285 1312 44444444
1305 1259 1366 1310 8444-

294 1340 381 1405 minet]
405 1341 494 1389 444444
517 1337 599 1388 limen
624 1337 720 1387 domus
742 1348 821 1386 meae
859 1349 928 1386 444444.
954 1361 981 1371 -
1005 1335 1136 1400 8414444444]
1162 1335 1286 1386 Sabinum
1308 1335 1366 1384 44444

296 1429 359 1466 curn
377 1415 481 1475 exierit,
507 1416 618 1478 propter
640 1409 821 1475 garrulitatem
860 1408 903 1459 alii
925 1409 1019 1461 volunt
1039 1423 1099 1461 esse
1116 1413 1147 1461 A.
1166 1410 1300 1471 Sabinum,
1319 1409 1368 1459 044

297 1493 399 1540 temere
423 1486 538 1550 divolget
563 1487 736 1536 convivarum
762 1497 822 1535 ser·
860 1485 896 1535 dii
914 1486 1030 1536 amicum
1052 1486 1119 1548 (444.
1139 1485 1169 1546 8,
1194 1486 1237 1547 48,
1260 1485 1316 1548 44,),
1333 1484 1367 1533 cui

297 1575 419 1615 mones.»
441 1563 581 1626 Antipater
591 1562 618 1612 444
629 1561 708 1612 44444.
721 1558 776 1609 Pal,
789 1561 820 1609 44.
861 1558 924 1609 olim
941 1558 1097 1610 tribuebant
1114 1562 1170 1610 tres
1188 1559 1369 1611 Heroidestiri·

296 1651 324 1704 p,
337 1637 398 1688 ³28:
425 1631 517 1686 κακὸν
533 1630 625 1708 ἄνδρα
642 1633 823 1706 Ταρβέωκαὶ
861 1634 947 1685 dionis
972 1632 1132 1698 plerumque
1158 1632 1320 1693 subiunctas,
1344 1645 1368 1681 re

295 1707 400 1778 μύθων
421 1707 575 1776 μνήμονας
597 1704 769 1781 ὑδροπότας.
792 1737 820 1746 -
861 1710 926 1759 iera
938 1711 1030 1759 autern
1042 1708 1205 1772 compositas
1217 1709 1318 1758 demum
1329 1706 1369 1756 cir·

296 1789 371 1836 oot'ot
391 1799 444 1849 por
465 1784 528 1849 oet]
555 1785 628 1836 Plato
651 1787 775 1874 Sympos.
794 1797 821 1848 p.
861 1785 928 1834 citer
951 1795 975 1832 a.
999 1781 1072 1834 4487.
1099 1780 1133 1831 444
1157 1782 1256 1846 Angelo
1278 1783 1368 1842 Quirino

298 1862 354 1911 4944.
367 1861 400 1910 B:
420 1855 437 1909 ὁ
455 1855 578 1922 παλαιὸς
594 1855 681 1924 λόγος
697 1873 729 1908 ro
746 1852 822 1921 ἔχει,
861 1857 974 1918 Sabino,
993 1857 1167 1921 grammatico
1185 1856 1248 1907 italo
1260 1855 1331 1918 (unde
1341 1855 1370 1904 io-

297 1929 338 1996 ὥς
355 1929 460 1998 ὁμοῖον
478 1929 571 2000 ὁμοίῳ
589 1928 673 1996 (κατὰ
690 1928 725 1982 τὸ
741 1933 824 1982 θεῖον
861 1931 911 1983 4414
923 1933 1004 1984 etiam
1016 1929 1160 1994 colligitur,
1180 1946 1228 1982 cnr
1243 1929 1322 1982 nullus
1333 1927 1370 1978 ad·

297 2009 339 2058 his
362 2009 425 2072 ipsis
446 2007 537 2059 verbis
559 2009 653 2059 inserit
669 2009 824 2059 Aristaene-
862 2009 916 2058 buc
940 2007 1045 2057 illarum
1068 2005 1160 2056 Codex
1187 2009 1238 2057 448.
1263 2007 1369 2068 repertus

299 2085 341 2132 tus
359 2085 386 2143 4,
406 2083 457 2146 40.)
474 2075 521 2132 4444
538 2078 658 2145 πελάζει.
862 2083 908 2142 sit,
935 2081 1020 2134 semel
1043 2081 1165 2131 enimin
1187 2082 1276 2130 4444444
1291 2089 1370 2128 44444-

862 2160 919 2217 tae,
944 2158 1015 2221 typis
1037 2155 1136 2206 deinde
1160 2168 1300 2220 expressae
1319 2155 1370 2204 suot

330 2231 371 2280 46.
385 2231 425 2280 44.
444 2230 769 2295 Butram-septemque]
783 2243 825 2281 44-
862 2232 981 2296 primum
997 2231 1115 2280 Venetiie
1134 2229 1230 2294 4488),
1248 2228 1288 2279 alii
1308 2225 1371 2276 84444-

299 2303 374 2356 44444
402 2305 527 2368 Torquati
556 2306 583 2354 et
615 2304 713 2356 Horatii
747 2304 826 2356 nobis
863 2317 929 2356 num
945 2305 1084 2364 Tironem,
1110 2305 1157 2366 qui
1183 2303 1279 2355 libmm
1296 2302 1371 2364 Cepo-

300 2381 412 2443 lgnotos.
428 2379 524 2430 Mirum
535 2379 742 2429 Botroenomen
755 2392 825 2429 non·
863 2379 938 2430 ricon
954 2378 1101 2428 Maecenati
1122 2377 1230 2428 dicavit.
1259 2375 1325 2440 (Plio.
1345 2373 1370 2422 il.

300 2453 364 2505 durn
380 2451 442 2504 alibi
457 2454 596 2517 repertum
613 2455 666 2514 est,
686 2453 736 2504 nisi
753 2452 825 2518 apud
863 2458 894 2506 N.
907 2455 954 2513 49,
974 2453 1020 2513 40,
1037 2453 1089 2516 444.)
1118 2454 1220 2504 Verum
1238 2453 1299 2504 certi
1314 2447 1370 2498 defl-

300 2530 373 2579 Grut.
387 2529 466 2588 4074,
485 2527 510 2578 4.
529 2527 556 2577 44
577 2519 749 2591 inscriptione
766 2541 826 2578 4444-
864 2529 913 2578 niri
930 2525 993 2576 nibil
1009 2529 1108 2591 potest.
1138 2529 1262 2588 «Nescio,
1281 2523 1373 2582 corilu-

300 2604 395 2654 4444444
408 2601 554 2661 subditiva,
572 2603 611 2652 uti
628 2604 701 2666 petet
712 2616 746 2653 44
759 2604 827 2653 Con·
863 2603 997 2667 terpretes
1020 2602 1203 2667 recentiores)
1229 2598 1373 2664 neglexerint

300 2676 401 2738 sulum,
416 2676 462 2741 qui
472 2688 610 2740 nunquam
623 2675 738 2737 luerunt,
752 2690 828 2728 meu
863 2677 1006 2727 Britannici
1023 2677 1219 2738 coniecturam,
1239 2689 1289 2740 qua
1303 2675 1323 2723 is
1337 2673 1373 2720 84·

301 2753 380 2802 44444.
409 2752 517 2816 lneptue
543 2749 664 2801 falsarius
689 2751 753 2801 binc
776 2765 828 2801 no-
864 2750 959 2801 binum
969 2749 1053 2801 habet
1061 2763 1112 2815 pro
1122 2751 1151 2801 T.
1165 2751 1246 2801 Flavii
1260 2747 1372 2803 Petronis,

300 2840 363 2877 men
388 2824 490 2876 iuratus
513 2829 561 2875 est.
602 2827 682 2875 Butre
705 2826 827 2876 44444444-
864 2823 935 2875 bello
947 2823 1016 2874 civili
1032 2825 1257 2889 Pompeianarum
1273 2823 1373 2887 partium

301 2913 351 2951 nus
376 2913 409 2949 44
434 2900 532 2949 eodem
557 2912 656 2962 genere
679 2899 827 2950 facetorum
865 2899 1029 2949 centurionis
1062 2896 1130 2960 lilio,
1166 2901 1212 2951 oui
1243 2905 1374 2962 cognomen

301 2973 439 3024 bominum
473 2972 554 3023 luisse
593 2972 728 3036 putendus
770 2977 826 3034 est,
865 2974 923 3023 4444
947 2971 1076 3022 Sabino.»
1110 2974 1204 3024 04444.
1238 2973 1294 3037 (Sic
1315 2970 1375 3020 enin

302 3059 355 3109 quo
385 3046 495 3096 4444444444
521 3049 545 3094 44
576 3059 680 3096 scenos
707 3047 761 3096 844.
791 3048 825 3107 4,
865 3048 944 3097 buius
953 3046 1098 3108 adnotatio,
1113 3046 1226 3100 tortasse
1235 3049 1376 3112 ipsiusque

301 3121 329 3180 ’4,
348 3120 400 3180 38,
419 3119 580 3181 quibuscum
597 3120 678 3170 enimi
691 3133 773 3171 causa
785 3122 827 3171 ln·
865 3135 919 3187 que
943 3122 1100 3183 Britannici,
1127 3123 1204 3174 cuius
1225 3135 1313 3173 curam
1331 3130 1375 3168 noo

302 3192 409 3244 terdum
430 3191 514 3242 libere
536 3191 687 3254 iocabatur,
715 3207 762 3244 eos
780 3207 828 3244 oa·
864 3196 928 3257 ridi,
942 3195 1112 3247 emendanda
1124 3199 1191 3246 erut.
1219 3197 1374 3248 Cir.sooton.

302 3267 365 3316 dem
386 3279 468 3330 opera
491 3265 593 3317 cibans.
627 3268 714 3318 Nostri
741 3268 825 3318 codd.
865 3271 946 3335 Vesp.
960 3271 984 3319 4.
1003 3273 1131 3321 Ceterum
1148 3277 1224 3323 aetas
1241 3266 1377 3322 8444444444

301 3342 410 3393 firmant
425 3339 487 3392 lect.
500 3341 649 3404 Septicium,
673 3343 716 3392 cui
734 3341 778 3393 alii
794 3356 828 3393 44
865 3345 944 3395 huius
963 3344 1053 3395 Sabini
1073 3357 1137 3395 oum
1157 3345 1238 3396 buius
1260 3340 1376 3408 Epistoiue

302 3417 350 3469 0d.
367 3417 396 3479 4,
415 3417 439 3466 6.
457 3419 486 3466 44
505 3417 571 3481 Epp.
591 3418 618 3478 4,
636 3417 665 3478 9,
684 3418 707 3466 t.
727 3417 829 3469 subati-
866 3422 988 3482 tempore
997 3420 1060 3470 satis
1069 3421 1200 3483 congruit.
1215 3418 1311 3479 Quodsi
1321 3426 1375 3464 rere

302 3493 411 3542 tuerunt
432 3491 587 3554 Septimiren.
618 3489 671 3541 Cir.
690 3492 829 3542 Weiebert
865 3494 994 3545 divinavit
1023 3495 1204 3558 Britannicus,
1242 3501 1376 3558 cognomen

301 3568 330 3616 P.
348 3568 376 3617 1..
395 3579 422 3630 p.
436 3565 494 3616 344.
524 3567 553 3628 0.
567 3565 686 3628 8444444444
703 3566 750 3628 (444
770 3567 829 3617 edi·
865 3570 958 3633 utique
975 3569 1086 3620 ductum
1103 3573 1196 3621 44444
1212 3568 1280 3620 illius
1296 3565 1377 3619 aetatis

302 3641 352 3702 444)
370 3653 443 3702 eques
458 3642 503 3690 444.
522 3643 564 3691 444
581 3641 662 3690 etiam
680 3641 752 3705 opud
770 3643 826 3692 Cio.
865 3657 942 3696 more
959 3659 976 3694 4
992 3647 1079 3695 matre
1095 3645 1214 3710 8404444.)

301 3714 378 3763 Verr.
399 3715 494 3765 Aecus.
516 3714 544 3775 3,
569 3714 615 3776 44,
638 3715 678 3764 36.
704 3742 732 3752 -
751 3729 830 3766 coeno
899 3719 987 3770 444-34.
1006 3713 1377 3784 prmtmmom1«mnuris

300 3787 382 3852 prior]
409 3789 460 3839 «ad
485 3801 565 3852 quam
590 3789 664 3852 prius
690 3801 773 3852 quarn
794 3790 829 3840 ad
866 3807 882 3843 4
907 3795 1079 3845 convivatore
1103 3808 1157 3846 non
1185 3794 1310 3851 invitatis,
1336 3783 1377 3838 sed

303 3875 393 3912 4444444
410 3862 523 3913 tortasse
540 3863 664 3914 4444444444
681 3865 753 3924 est,·
776 3877 829 3915 nou
866 3882 935 3933 quos
947 3871 993 3933 qui
1010 3871 1110 3921 invitati
1127 3872 1189 3921 sunt
1200 3867 1330 3920 interdum
1340 3874 1377 3912 44-

304 3936 428 3999 44444444,
447 3934 570 3998 melion»
594 3949 627 3987 44
644 3949 697 4000 quo
714 3937 830 3988 4444444-
867 3956 930 3993 cum
947 3943 1073 3994 ducunt.»
1102 3944 1154 3994 (144.
1172 3945 1226 3993 snt.
1245 3943 1276 4003 8,
1299 3941 1325 3999 8,
1340 3935 1376 3985 it.

303 4014 345 4078 gia
357 4014 471 4064 oriretur
482 4025 544 4063 oum
555 4025 581 4062 v.
591 4013 726 4075 potior-
733 4013 828 4078 4444444]
865 4017 952 4068 atreo
980 4021 1070 4068 autern
1100 4017 1164 4068 dicit
1192 4016 1227 4067 ad
1255 4019 1377 4066 summum

304 4091 375 4141 «sive
399 4103 514 4140 coenare
538 4089 618 4140 bodie
642 4087 742 4140 mavolt
767 4103 829 4140 cum
868 4093 1002 4155 quattuor,
1020 4091 1117 4155 quibus
1128 4090 1221 4143 solitus
1232 4085 1378 4140 novenarius

304 4165 389 4214 amica
405 4177 486 4227 quarn
504 4162 671 4215 nobiscum.»
699 4165 729 4214 ln
746 4163 830 4215 Gallo·
867 4167 1041 4217 convivarum
1058 4177 1186 4216 numerus
1204 4161 1321 4228 expletus
1339 4168 1378 4205 et·

303 4251 364 4288 rum
382 4237 541 4289 editionibus
558 4237 684 4289 4444444444
696 4239 830 4288 444444444-
867 4242 917 4289 set.
944 4240 1027 4289 Varro
1048 4240 1119 4304 apud
1143 4236 1206 4289 Gell.
1226 4237 1270 4296 43,
1293 4235 1334 4292 44,
1355 4229 1374 4277 2
