2925 4892
572 287 632 337 tits
653 287 799 340 rotrico.

186 441 362 527 Respicere
384 439 551 528 exemplar
572 441 656 508 vitae
679 463 873 530 morumque
896 443 1015 512 iubebo

183 562 323 627 Doctum
347 561 539 628 imitatorem
561 571 594 628 et
616 563 704 629 vivas
725 562 800 630 hinc
823 565 945 632 ducere
967 586 1075 633 voces.

185 681 350 748 interdum
372 683 523 770 speciosa
543 681 624 750 locis
646 694 837 771 morataque
861 696 947 752 recte

183 801 306 868 Fabula
328 801 446 868 nullius
467 803 612 879 veneris,
636 804 707 871 siue
728 803 874 892 pondere
896 818 928 874 et
950 817 1032 883 arte,
1168 809 1230 874 320

183 921 314 989 valdius
337 922 475 990 oblectat
497 924 653 1012 populum
675 925 857 1014 meliusque
879 938 1022 993 moratur

184 1045 290 1124 Quam
312 1065 428 1110 versus
450 1045 565 1131 inopes
587 1065 697 1112 rerum
718 1067 891 1134 nugaeque
913 1067 1062 1115 canorae.

173 1222 215 1271 te.
234 1223 262 1272 et
278 1233 348 1272 corr.
361 1223 413 1281 ti„
427 1221 520 1273 Lamo
547 1223 586 1286 (tlt
603 1235 666 1284 noa,
684 1222 809 1284 Bostari,
829 1225 912 1276 Codd.
931 1224 1054 1288 Bentleii,
1082 1227 1195 1278 Pottierii

172 1297 201 1345 el
217 1295 368 1346 Hochederi
385 1297 529 1359 quattuor.)
549 1323 577 1334 -
597 1296 694 1361 ducere]
711 1299 815 1348 reddere
831 1298 857 1348 d.
874 1327 900 1336 -
916 1299 943 1350 tt
949 1300 972 1349 9.
986 1300 1047 1350 iocis
1062 1301 1116 1352 STc
1134 1301 1195 1362 (non

171 1368 232 1432 ab).
252 1397 279 1406 -
299 1369 356 1420 Βῆ.
373 1383 463 1434 remen
479 1371 507 1420 B.

137 1527 271 1588 mmptur
286 1528 368 1591 ntur]
386 1529 467 1588 «vita,
486 1527 571 1591 qualis
590 1528 667 1579 nobie
704 1529 812 1592 phyrio:
832 1531 876 1580 asi
894 1530 969 1581 verbi
986 1534 1069 1595 gratie
1087 1532 1227 1586 circrdator

137 1598 381 1664 contemplantibus
403 1605 541 1666 apparat.»
561 1627 589 1638 -
610 1603 668 1652 Do-
703 1601 803 1654 referat
819 1603 853 1654 de
865 1602 973 1668 Regulo,
987 1607 1122 1668 quomodo
1134 1609 1227 1672 captus

137 1673 216 1738 caen]
235 1675 297 1738 «qui
307 1676 357 1725 arti
368 1675 539 1727 andalauni.»
552 1703 582 1714 -
595 1677 667 1726 cerui
703 1677 738 1726 sit
750 1679 777 1727 et
788 1678 908 1741 punitus,
928 1677 1010 1728 verba
1022 1681 1129 1730 sordida
1140 1681 1164 1732 si
1174 1695 1226 1732 non

137 1775 153 1784 -
164 1774 180 1786 -
190 1749 274 1812 owse]
293 1761 378 1812 aquae
393 1745 431 1800 τὰ
447 1743 508 1816 ἤθη
519 1751 569 1802 καὶ
584 1747 666 1817 πάθη
703 1748 852 1810 delectant,
871 1753 988 1802 attamen
1006 1765 1050 1804 ree
1068 1759 1163 1806 avocat
1179 1767 1229 1806 au·

137 1825 216 1874 recte
245 1825 327 1886 utque
354 1822 469 1875 dilucide
503 1826 665 1890 exprimant,
703 1821 759 1874 nitu
777 1823 886 1887 digua·
910 1824 947 1876 Ci.
973 1825 1121 1889 Quintili,
1136 1828 1223 1888 i‚it:

137 1911 208 1948 vere
219 1898 380 1951 naturales·
399 1900 457 1951 Alia
468 1901 578 1965 quidem
589 1903 668 1966 sigui·
698 1898 814 1960 chricea
825 1925 839 1936 -
850 1925 865 1936 -
876 1901 983 1950 contenti
994 1907 1051 1950 mut
1060 1902 1121 1952 iocis
1131 1902 1226 1965 spacio-

138 1971 280 2034 floatioue,
304 1974 354 2025 sed
374 1975 471 2026 iisdem
486 1975 576 2026 verbis
592 1975 666 2026 Plato
701 1973 735 2022 air
758 1973 831 2022 niodo
855 1973 894 2024 vel
918 1974 980 2024 uitii
1001 1975 1036 2024 od
1052 1975 1227 2038 probationem

139 2047 484 2112 Phaedr.p.276..t.di1it
498 2045 666 2115 λόγονζῶν-
701 2047 889 2110 consumitur.
912 2075 937 2086 -
962 2050 1081 2115 mnata]
1108 2052 1154 2102 «iu
1172 2063 1225 2114 qua

136 2135 177 2171 τα
193 2123 245 2172 nat
260 2115 408 2188 ἔμψυχον.
435 2123 491 2174 Cic.
511 2123 547 2172 ad
563 2126 614 2174 att.
634 2125 663 2183 t,
702 2134 793 2172 mores
802 2122 966 2187 singularum
974 2137 1150 2188 personarum
1161 2125 1226 2188 opti·
1294 2146 1298 2158 ·

136 2197 186 2246 tt:
207 2197 253 2246 titi
268 2202 339 2258 neat,
356 2199 483 2258 oleum
495 2194 665 2263 ζώσηςφω-
701 2207 746 2246 mc
764 2198 974 2261 exprimuntur.»
993 2201 1071 2250 Actu.
1087 2227 1114 2236 —
1132 2199 1226 2249 nutu

135 2267 210 2335 νῆςῖ
225 2272 326 2322 Verum
338 2271 410 2335 apud
421 2273 558 2323 lloraiium
575 2277 617 2324 eet
630 2269 665 2324 τὸ
698 2271 812 2335 emeris]
839 2273 975 2324 aeetemnn
993 2272 1115 2324 destituta
1133 2272 1224 2338 lepore

134 2343 277 2411 ἐμπαθές,
296 2341 331 2395 τὸ
348 2345 466 2418 ἐναργὲς
485 2350 662 2406 Graecorum
700 2342 744 2393 illo
761 2345 922 2395 Menandreo
941 2359 1028 2410 neque
1045 2345 1123 2398 valde
1140 2359 1225 2396 venu-

133 2433 226 2479 ocrcs,
253 2421 326 2483 quod
349 2419 392 2472 alii
413 2421 583 2485 praeierunt,
609 2435 663 2472 uon
700 2420 767 2468 eta.»
788 2445 814 2454 -
836 2420 889 2468 rinc
900 2421 1023 2481 pondua]
1049 2421 1125 2471 asina
1142 2433 1224 2484 argu-

139 2495 183 2544 eet
191 2493 242 2544 nisi
251 2493 395 2556 glossema,
409 2496 533 2547 nectutis
544 2499 661 2555 rectnm;
700 2493 783 2542 munti
795 2494 823 2542 et
833 2493 939 2555 generis
951 2493 1056 2545 dicendi
1069 2495 1223 2557 gravitate.»

135 2579 364 2620 mmocraoccctr
376 2570 663 2632 Lucretii3,57.‚cpu-
700 2567 754 2616 Cic.
776 2565 810 2616 de
831 2567 900 2615 Orat.
922 2569 950 2626 ἱ,
974 2569 1017 2626 ti,
1039 2567 1082 2616 73:
1113 2569 1224 2618 unum

136 2637 175 2706 νὴ
193 2635 309 2707 ἀληθὴς
324 2645 433 2695 Luciani
443 2645 514 2706 Nigr.
530 2645 582 2705 te,
600 2647 664 2696 euni
697 2641 877 2689 neuwntiurttm
887 2641 1025 2702 mactum,
1044 2641 1156 2690 cintriaco
1167 2655 1224 2692 να·-

133 2718 226 2781 potius
243 2729 307 2777 eae,
334 2730 404 2780 quae
423 2719 579 2783 conspirant
600 2732 662 2769 oum
699 2714 787 2762 botttm
801 2713 954 2775 rtotdffl't'btts
981 2719 1016 2762 cti
1041 2715 1169 2764 maun.
1193 2743 1220 2752 -

133 2791 230 2841 intimo
247 2789 357 2843 alicuius
374 2803 470 2850 muso,
489 2790 553 2842 alias
570 2790 661 2842 occul·
697 2787 766 2851 arte]
791 2787 906 2836 refertur
923 2787 1037 2838 maxime
1055 2788 1089 2838 nd
1109 2790 1221 2840 actionis

134 2867 208 2926 teto,
226 2878 259 2914 uc
275 2865 441 2929 respondent
457 2869 520 2927 ταῖς
531 2862 584 2930 τῆς
599 2872 661 2928 ψυ-
697 2861 904 2924 implicationem
931 2864 960 2912 et
992 2861 1159 2914 solutionem.
1191 2892 1218 2902 —

132 2936 194 3003 κῆς
220 2943 334 3001 φοναῖς
360 2940 466 2990 llaximi
490 2941 552 3002 Tyr.
570 2939 616 2997 tc,
634 2940 658 2988 6.
697 2935 816 2999 οὺῑοσιαι]
835 2935 969 2986 delectatio
986 2949 1095 3000 semper
1112 2941 1221 2989 actuosa

131 3011 268 3064 luvenalis
289 3012 320 3074 i,
339 3013 383 3062 90:
411 3015 455 3074 qui
478 3013 559 3063 ittera
578 3019 661 3076 portet
697 3010 999 3077 eeteasigniilcatione,
1018 3025 1070 3075 qua
1083 3012 1177 3063 Cicero
1189 3015 1219 3064 N.

135 3088 238 3140 Vardo
253 3087 348 3138 animi
361 3088 485 3151 profer-re.
697 3084 728 3133 D.
748 3085 777 3146 l,
799 3083 845 3144 tt,
869 3085 926 3135 titi.
951 3085 1069 3137 virtutem
1093 3092 1221 3138 acetosum

697 3160 776 3215 dixit;
795 3160 923 3210 deiectmio
934 3161 974 3222 iis,
988 3174 1056 3224 qnae
1068 3164 1142 3225 grata
1154 3161 1221 3212 oile-

167 3235 291 3288 ateste.
308 3237 436 3286 Interdico
452 3235 515 3300 cet]
532 3237 660 3288 Monstrat
697 3236 800 3294 rantur,
811 3234 868 3283 sine
880 3235 985 3296 propriu
998 3235 1104 3285 actione
1116 3235 1217 3286 inritus.

132 3310 177 3362 vel
199 3311 316 3362 maxima
335 3311 516 3362 neceesarium
539 3323 612 3371 esea,
631 3313 660 3360 ut
697 3307 736 3358 Cl.
750 3320 813 3358 mcx
824 3320 849 3355 v.
862 3307 919 3356 333.
940 3335 968 3343 -
986 3308 1118 3371 matur]
1141 3309 1219 3372 «scs-

131 3397 313 3449 pcrsonarnm
325 3397 415 3436 moras
425 3388 498 3434 recte
510 3387 659 3449 expriman-
695 3381 764 3440 ultr
783 3381 884 3430 detinet
900 3393 932 3430 ao
949 3381 1024 3442 iacit,
1044 3384 1168 3444 utusque
1184 3385 1218 3434 ad

132 3463 191 3518 tur,
219 3460 281 3522 quia
305 3457 340 3507 ab
366 3459 416 3508 hac
438 3472 468 3510 re
491 3459 658 3524 potissimum
696 3454 778 3505 linem
795 3455 956 3520 spectatum
976 3454 1014 3505 Ci.
1035 3469 1060 3504 v.
1073 3455 1130 3505 223.
1150 3457 1215 3520 Epp.

131 3533 253 3598 pendeat
268 3531 373 3582 iahulae
392 3545 536 3584 successus
553 3535 659 3597 spacta-
696 3531 725 3590 i,
747 3529 792 3590 43,
814 3529 853 3578 tt.
883 3557 910 3564 -
937 3542 1068 3591 nuptaque
1090 3533 1216 3592 coemat]

131 3611 278 3670 torumque
308 3605 460 3670 applausus.
492 3633 519 3642 —-
549 3608 659 3669 spectum
696 3617 805 3654 avarsus
821 3601 907 3664 leves,
931 3602 1004 3665 quod
1021 3602 1055 3652 ad
1072 3605 1217 3658 sententies

130 3680 208 3744 locis]
232 3681 289 3731 mit
315 3681 447 3731 scitoto
475 3681 656 3742 Gedunlren,
694 3679 823 3743 pertinet,
842 3678 1012 3740 quantumvis
1030 3679 1166 3729 numerosi
1185 3693 1216 3732 ac

130 3753 297 3804 einzelnen
323 3754 431 3804 tdclrrt
462 3755 657 3819 uclunpeucu
694 3753 814 3803 sonori.»
833 3751 1133 3814 Cio.deOr.l,l2,5i:
1154 3754 1218 3815 Quid

130 3829 273 3887 Parti0n3
293 3827 379 3879 «lucie
390 3829 579 3880 communibus
591 3830 654 3892 (cio.
693 3832 728 3876 rat
745 3832 798 3876 tarn
813 3826 936 3890 furiosam
948 3838 1024 3888 quum
1036 3825 1169 3877 vamum
1179 3829 1218 3878 vel

130 3902 304 3964 Bruttzlti.
317 3903 388 3954 Orat.
399 3902 440 3963 36,
451 3903 529 3966 tati,
541 3897 654 3973 ρήσεσι,
693 3903 844 3964 epitritorum
858 3905 933 3963 atquc
949 3901 1165 3952 musmonem
1176 3915 1217 3951 so-

131 3975 232 4038 quibus
244 3972 597 4042 insuutyvoiputevideuiia
607 3991 656 4029 sua
692 3979 760 4028 outa
778 3977 874 4036 imnis,
900 3975 971 4025 uuila
991 3975 1100 4024 adiectu
1118 3979 1216 4026 unwo-

130 4064 165 4100 ac
189 4051 300 4102 verioeta
325 4050 468 4104 allicientes
490 4055 518 4103 et
538 4052 657 4117 permul—
692 4050 746 4102 tia⁹
772 4051 810 4102 Ci.
824 4051 891 4115 Epp.
909 4051 939 4110 ἱ,
961 4051 990 4108 t,
1010 4049 1054 4098 76:
1080 4049 1177 4098 luunt
1194 4055 1216 4098 et

131 4128 226 4176 centes
250 4126 403 4178 auditorum
431 4129 561 4179 animos.»
590 4129 656 4178 Por·
690 4139 778 4178 cornu
793 4131 873 4177 tecum
888 4125 1009 4176 meditare
1024 4135 1136 4172 moror.
