2925 4892
501 384 561 435 ua.
580 384 612 435 n.
647 384 745 437 mrsu
765 386 796 437 n.
859 452 864 460 Ι
1133 386 1195 449 657

148 540 203 605 Vis
224 558 343 605 canere
364 548 397 606 et
417 549 581 606 contrecta
602 541 697 627 sequi
719 540 855 627 vestigia
877 544 1008 608 vatum?
1153 544 1195 607 80

147 661 330 748 Ingenium,
354 658 416 726 sibi
439 658 529 747 quod
552 680 672 727 vacuas
693 659 874 749 desumpsit
894 661 1051 739 Athenas,

148 784 188 849 Et
208 780 323 848 studiis
345 801 447 847 annos
468 791 595 868 septem
617 780 707 847 dedit
728 782 933 869 insenuitque

146 902 253 969 Libris
275 911 308 968 et
328 902 432 977 curis,
455 912 560 969 statua
582 902 771 969 taciturnius
793 904 857 969 exit

137 1098 195 1162 guil
204 1096 339 1148 Bentleias
347 1098 374 1149 iu
384 1098 461 1151 curia
477 1100 587 1161 noviss.)
602 1125 629 1135 -
642 1099 683 1149 ilii.
696 1104 814 1150 44444444
825 1100 891 1162 bcd,
905 1102 1019 1153 Pottierii
1030 1101 1160 1169 plerique,

137 1171 266 1223 Schmidil
279 1174 420 1235 buettner,
439 1173 459 1223 C
477 1174 505 1223 44
522 1171 719 1235 Diilenburger‚
737 1178 856 1225 ecouoto
872 1189 941 1227 unns
958 1176 1018 1239 (li.)
1037 1180 1159 1239 Pottierii,

137 1250 251 1298 44444444
266 1244 283 1310 ξ
291 1285 298 1309 ,
315 1262 366 1297 sos
381 1253 452 1298 44444
466 1247 600 1299 Bentleins
617 1248 687 1298 coni.
716 1250 756 1311 (ut
772 1262 834 1311 nos,
853 1250 890 1299 SE
914 1253 941 1301 et
961 1250 1014 1301 duo
1031 1252 1160 1313 Pettieril,

137 1322 204 1373 item
214 1322 314 1373 stills.
326 1348 354 1359 -
363 1322 404 1373 82.
413 1322 456 1387 Bt]
475 1323 505 1373 tu
515 1322 581 1373 cod.
594 1324 823 1387 Franequeranus.
833 1325 909 1375 -83,
922 1333 946 1376 st
957 1326 1122 1379 0444444444
1131 1327 1159 1379 b.

104 1501 169 1538 vare
192 1486 313 1549 videbis,
339 1486 408 1538 adeo
432 1490 463 1537 ut
481 1487 632 1553 simplicem
669 1490 766 1553 psisse.
779 1490 1195 1557 -tmoiecescecpexiinro

104 1574 201 1613 eorum
218 1562 387 1612 timiditatem
398 1560 491 1624 volgus
508 1563 630 1623 irrideat;
669 1576 729 1613 rum
747 1564 854 1615 assiduo
872 1563 984 1615 lectione
1002 1568 1107 1618 senium
1120 1568 1196 1633 (prsi-

103 1638 206 1701 quanto
223 1637 312 1687 minus
328 1648 379 1699 ego
394 1636 421 1686 in
436 1636 478 1686 bis
494 1637 632 1701 perpetuis
668 1637 779 1701 sunbona
803 1638 997 1703 Grltmtieliceit)
1030 1644 1193 1693 contraxit..

103 1711 235 1762 molestiis
252 1710 391 1774 turbisque
408 1714 503 1775 potero
521 1724 631 1777 compo-
670 1710 830 1775 ‹impalluit‚
844 1712 1002 1765 immortuus
1015 1718 1081 1765 ast.»
1099 1719 1192 1767 Possu.

103 1798 171 1837 nere
183 1786 302 1835 earmina
313 1786 377 1835 milri
393 1786 443 1849 ipsi
454 1786 519 1837 setis
531 1787 632 1837 iacien—
670 1783 708 1834 Gi.
722 1786 788 1849 Epp.
803 1785 812 1834 4
826 1824 831 1845 ,
845 1787 873 1847 7,
885 1786 927 1837 ilo.
945 1789 994 1838 etsi
1011 1788 1068 1841 aliis
1086 1789 1120 1840 da
1137 1794 1195 1842 stu-

104 1863 178 1911 tiai»
204 1861 258 1911 Cir.
276 1861 371 1911 lacobs
388 1862 471 1912 Leo-tt.
484 1862 584 1915 Venas.
603 1878 629 1929 p.
669 1858 735 1908 diis:
753 1860 899 1909 immoritur
915 1862 1003 1911 studiis
1018 1868 1041 1913 44
1057 1876 1145 1914 cmm
1160 1878 1197 1916 ss·

102 1937 162 1986 20⁰.
178 1960 206 1972 -
224 1936 330 2001 omos]
355 1937 481 1999 nodosas,
500 1940 631 2001 quietas»
667 1933 746 1983 444444
760 1933 875 1984 habendi.
899 1961 925 1971 -
946 1936 1023 2001 euris]
1050 1936 1195 2001 «diligente

103 2012 134 2060 ut
148 2010 218 2074 Epp.
232 2012 256 2071 4,
270 2011 295 2071 7,
308 2007 354 2060 ill:
371 2024 480 2061 occursu
498 2013 580 2063 libre.
601 2040 630 2050 -
669 2007 855 2071 meditatione,
880 2007 1046 2073 potitare„
1065 2012 1195 2077 imprimis

101 2084 252 2148 mmsis]
279 2086 376 2133 «certo
401 2084 510 2136 consilio
534 2087 631 2137 ceteris
668 2082 794 2146 poeticis,
830 2084 987 2145 rhetoricis,
1016 2084 1193 2151 philosophis,

101 2157 219 2208 urbibus
243 2158 399 2221 praeterens
423 2159 474 2209 sibi
499 2160 629 2224 delegit.»
668 2156 907 2220 praemeditatione
925 2161 1006 2211 etiam
1021 2163 1195 2227 scriptionum

102 2233 159 2282 liv.
173 2234 199 2290 7,
211 2233 258 2282 2⁰:
273 2233 402 2296 florem
410 2235 532 2296 44444444
541 2238 633 2286 flome-
668 2229 812 2294 allqnando
824 2230 1058 2285 elaborandamm.
1072 2262 1098 2275 -
1111 2242 1197 2287 statuo

101 2320 165 2356 mess
182 2320 214 2356 uc
232 2306 399 2368 felicissimam
418 2308 480 2358 lello
498 2310 544 2359 siet
562 2311 632 2360 deas·
669 2306 820 2355 mutamus
836 2308 899 2372 eet]
924 2310 1114 2361 «meditatione
1133 2324 1195 2375 per-

101 2389 200 2433 mersat
215 2384 315 2433 torum.
334 2412 364 2421 -
381 2386 415 2435 Ee
430 2388 528 2453 nome]
549 2386 631 2437 Multo
669 2392 751 2442 saepe
775 2379 918 2445 obsorptus
948 2386 1025 2447 poete
1055 2385 1143 2448 prodit
1169 2386 1195 2435 in

103 2457 202 2509 melius
219 2458 271 2508 hoc
281 2459 412 2509 usmetis
425 2487 441 2497 .
452 2488 467 2497 .
478 2462 632 2512 eamve}
668 2453 806 2516 publicum
824 2456 851 2503 et
868 2456 934 2505 mire
952 2470 1000 2507 sua
1018 2459 1195 2509 taciturnitate

102 2534 163 2597 ipso
189 2546 257 2583 sono
282 2535 406 2597 exprimit
429 2548 573 2599 operosum
599 2549 631 2586 ρο
668 2525 795 2590 voltuque
816 2532 952 2579 contracto
972 2530 1069 2594 popelli
1087 2534 1196 2582 cachin-

102 2608 208 2657 lentum
225 2606 298 2657 illum
309 2608 458 2660 studiorum
472 2611 580 2661 Athenis
592 2611 631 2661 ia·
668 2602 804 2651 1111110116111
813 2606 928 2653 1111111441
943 2606 1193 2669 111011111·11111188·41

102 2685 211 2732 ctos-um
222 2681 381 2742 decursum,
400 2698 481 2747 qaam
493 2684 558 2735 Cod.
572 2686 632 2736 Fra·
668 2670 764 2739 ἆκννῆ
778 2690 811 2725 σν
824 2678 873 2726 11111
881 2673 938 2725 ’ὧν
948 2672 1123 2747 ἀνδριάντων
1134 2675 1197 2729 ἄνν-

102 2769 167 2818 neq.
187 2753 266 2805 lectio
288 2768 303 2803 a
326 2758 354 2805 L.
372 2756 450 2807 bosio
471 2758 583 2822 probatu
605 2762 632 2810 et
668 2746 825 2820 νηνόνέρθν
833 2743 989 2811 ἀποφανεῖ·
1004 2752 1075 2803 Pilio
1084 2754 1193 2805 Theflei·

102 2829 291 2891 coniuebamii
302 2831 419 2894 suspicio
430 2832 460 2880 Ut
471 2833 630 2897 [postquami
669 2838 695 2889 p.
719 2824 775 2875 171·
801 2826 837 2874 B:
872 2824 1036 2897 Τθννάζνννν,
1063 2818 1088 2875 ὦ
1112 2827 1194 2890 iulis,

100 2904 193 2954 4444444
204 2907 256 2954 cet.
271 2907 498 2971 —asoorscpteml
510 2907 631 2958 Nonnulli
671 2898 728 2967 ἰδίᾳ
745 2914 775 2949 τε
792 2895 1044 2967 ξυγγιγνὸμενοςὸ
1061 2899 1195 2967 τοιοῦτος

102 2980 214 3043 proprie
235 2978 287 3029 boc
308 2981 456 3044 accipiunt,
484 2982 559 3045 quasi
577 2983 632 3031 llo·
669 2970 858 3039 (φιλόσοφος)
871 2972 984 3043 ἑκάστῳ
997 2978 1045 3027 καὶ
1054 2975 1193 3047 δημοσιᾳ,

101 3055 189 3104 ratius
205 3054 250 3102 hic
266 3055 427 3117 signiticaret
440 3058 528 3106 semet
543 3056 631 3119 ipsum
670 3042 741 3098 ὅταν
758 3047 789 3099 ἒν
805 3047 979 3121 δικαστηρίῳ
992 3046 1012 3115 ἤ
1023 3066 1079 3103 που
1091 3046 1195 3103 ἄλλοθι

102 3129 217 3179 Athenis
239 3131 344 3192 septem
365 3144 450 3181 anuos
471 3131 564 3182 studiis
582 3132 632 3181 de·
668 3117 841 3196 ἆναγκασθῇ
859 3128 922 3213 περὶ
940 3123 997 3175 τῶν
1014 3122 1091 3197 παρὰ
1103 3123 1195 3189 πόδας

102 3203 192 3263 disse,
220 3202 247 3252 id
272 3204 343 3266 quod
367 3207 520 3269 temporum
537 3206 631 3256 rationi
669 3201 718 3249 καὶ
744 3195 801 3248 τῶν
827 3199 858 3250 ἐν
884 3198 1052 3265 οφθαλμοϊς
1068 3200 1195 3270 διαλέγε-

102 3288 218 3343 prorsus
234 3280 372 3340 repugnat.
403 3280 440 3329 Eo
457 3280 529 3329 enim
545 3280 632 3343 prote·
669 3275 755 3335 σθαι,
781 3272 890 3339 γέλωτα
913 3279 1032 3345 παρέχει
1049 3272 1084 3327 οὗ
1100 3275 1195 3342 μόνον

103 3355 163 3401 ctus
181 3362 244 3401 esse
261 3351 367 3400 videtur
383 3350 541 3405 adolescens
558 3356 632 3404 vice-
669 3345 810 3418 Θρᾴτταις
835 3344 942 3420 (ὦσπερ
968 3348 1089 3415 Θαλῆς),
1120 3347 1194 3403 ἀλλὰ

102 3426 196 3476 narius
208 3438 234 3473 a.
247 3438 274 3473 a.
288 3439 311 3475 c.
325 3426 382 3475 7⁰9.
397 3429 424 3475 et
435 3440 458 3476 a.
472 3428 529 3477 7⁴2.
549 3429 631 3492 depa-
668 3426 717 3473 nal
735 3418 774 3489 τῷ
788 3416 864 3491 ἄλλῳ
877 3418 969 3491 ὄχλῳ,
988 3428 1028 3487 εἰς
1039 3422 1152 3496 φρέατά
1163 3441 1194 3476 τε

102 3499 195 3563 gnavlt
211 3497 346 3563 Philippis.
376 3501 469 3563 Neque
486 3514 551 3551 vero
568 3516 631 3552 cum
668 3498 718 3547 scal
730 3494 828 3547 πᾶσαν
839 3494 965 3568 ἀπορίαν
976 3499 1124 3564 ἐμπίπτων
1134 3494 1192 3550 ὑπὸ

102 3574 238 3626 Pusaowio
262 3574 433 3625 statuendum
459 3579 502 3625 est
525 3580 631 3641 septem
668 3565 812 3643 ἀπειρίας,
831 3574 880 3622 καὶ
897 3568 916 3637 ἡ
933 3566 1129 3639 ἀσχημοσύνη
1141 3572 1195 3625 dec·

102 3661 238 3701 annornm
256 3647 363 3699 solium
385 3650 466 3700 inisse
487 3652 550 3700 tanc
572 3653 631 3701 stu·
668 3644 718 3711 νή,
737 3642 825 3711 δόξαν
836 3640 1002 3719 ἀβελτερίας
1013 3650 1191 3720 παρέχουσα.

103 3724 210 3775 diorum
228 3736 353 3782 cursum3
371 3724 455 3773 immo
471 3723 564 3775 iestiva
578 3724 631 3787 by·
670 3750 698 3758 —
716 3722 777 3786 ecit]
794 3735 848 3772 non
865 3724 975 3773 Athenis
1000 3724 1038 3786 (ut
1053 3722 1129 3774 multi
1146 3738 1195 3775 ex-

103 3796 216 3862 perbolu
238 3797 332 3859 utitur,
356 3798 429 3847 utin
449 3796 510 3847 illo:
536 3810 632 3847 sonus
668 3796 838 3859 posuerant),
864 3796 1045 3858 similemue,
1064 3802 1195 3862 quopost

99 3871 389 3933 metuissem.
408 3872 503 3934 titique
515 3883 629 3932 memor,
667 3872 773 3933 septem
801 3884 886 3922 annos
912 3872 940 3935 (i.
961 3885 985 3922 4,
1009 3874 1070 3936 post
1095 3871 1193 3935 plures)

102 3944 242 4008 quomodo
265 3945 358 4009 primis
383 3945 549 4008 temporibus
569 3946 631 4009 post
668 3945 777 3995 tandem
795 3959 920 3997 reversus
938 3950 987 3997 est.
1015 3945 1191 4009 (Milesiis.

103 4020 302 4083 Philippensem
319 4020 405 4069 aciem
423 4021 450 4070 in
468 4019 538 4071 Urbe
555 4020 631 4069 vixe-
669 4022 696 4070 Ρ.
716 4021 764 4068 22:
799 4026 915 4071 44444444
946 4026 1004 4071 rota
1031 4036 1079 4069 car
1104 4034 1195 4069 arceias

103 4095 136 4143 rit
153 4092 189 4143 ab
205 4092 332 4144 omnibus
351 4094 519 4158 posthabitus
537 4097 565 4144 44
580 4108 630 4144 ne·
667 4092 753 4143 exit?
770 4092 902 4158 explicant
919 4094 971 4155 4444,
992 4095 1089 4155 evadit,
1109 4094 1194 4143 ellici·

103 4167 206 4230 pectus
222 4169 310 4217 aevia
326 4166 370 4218 ulii
382 4171 444 4219 ante
454 4169 563 4219 Varium
574 4168 632 4218 Vir·
669 4166 746 4228 turo»)
766 4192 793 4204 -
813 4169 877 4219 llire
902 4172 992 4219 autem
1017 4168 1093 4218 lectio
1111 4167 1193 4217 Conr-

104 4240 250 4305 giliumque
262 4244 356 4306 nome,
367 4242 436 4293 haec
445 4242 552 4293 videtur
561 4244 631 4294 acri·
668 4244 825 4295 mentntoris
835 4245 943 4308 Cruquli
956 4244 983 4294 et
991 4242 1096 4294 Codicis
1107 4240 1135 4301 b,
1149 4241 1194 4291 Lt-

162 4332 255 4379 414144.
271 4344 327 4416 vor„
342 4332 371 4379 ll.
400 4345 440 4381 so.
455 4344 508 4381 aar.
527 4332 564 4380 ill.
993 4332 1021 4381 ia
