2925 4892
526 347 585 397 uta.
606 350 625 397 Ι.
663 349 761 401 aelst.
779 352 822 401 444.

172 496 304 565 Fidenis
330 476 435 579 vicus3
459 510 565 567 444444
588 500 651 569 illic
673 502 783 571 vivere
805 504 921 573 veliem

175 618 372 707 Oblitusque
395 641 543 689 meorum
565 620 806 691 obliviscendus
828 636 862 692 et
885 625 948 693 iliis

173 743 358 827 Neptunum
380 742 493 827 procui
516 764 535 809 e
558 753 644 811 terra
666 756 815 832 spectare
839 747 1005 817 furentem.
1183 754 1224 820 40

173 861 240 929 Sed
264 882 388 949 neque,
411 863 467 949 qui
493 864 603 952 Capua
625 868 759 933 Romam
780 868 876 954 petit,
901 868 1005 937 imbre
1026 870 1160 959 tutoque

170 982 358 1071 adspersus
381 983 468 1051 volet
489 985 521 1051 in
543 1006 691 1074 caupona
713 988 841 1067 vivere;
864 1010 941 1067 nec,
963 992 1020 1078 qui

160 1154 235 1202 Torr.
255 1155 283 1202 et
299 1152 353 1203 duo
371 1154 495 1204 Pottierii.
519 1180 548 1193 ·-
568 1156 592 1205 0.
611 1156 722 1205 Lebedum
740 1154 766 1205 d.
788 1181 815 1193 -
838 1159 863 1209 0.
882 1172 961 1221 quom
976 1161 1009 1210 tit
1025 1162 1111 1211 Gabiis
1127 1176 1189 1214 cunr

159 1225 261 1277 Aldinie
281 1228 368 1278 Lt.-
386 1228 410 1279 8.
428 1230 490 1279 uicit
510 1230 620 1294 Cruquii
640 1243 740 1295 operae
760 1232 882 1283 tuaa-
902 1236 943 1285 40.
962 1250 995 1287 ec
1011 1235 1055 1287 bc

125 1364 285 1418 ἑκατόν·
296 1362 379 1416 -νῠν
399 1367 454 1433 μὲν
472 1363 569 1419 ovain
586 1384 656 1420 σον·
694 1384 805 1435 semper
820 1384 912 1421 rerum
929 1374 1114 1437 appetentiae,
1142 1378 1221 1427 olens

125 1441 287 1507 οικουμένη
300 1438 393 1503 πᾶσα,
410 1434 522 1507 πλὴν”
504 1458 563 1493 ocu
572 1444 656 1529 μέρη
694 1442 737 1493 vei
762 1444 911 1509 hyperbole
937 1448 963 1495 in
989 1460 1031 1497 w
1057 1448 1151 1499 Oblitus
1168 1454 1220 1501 cet.

124 1510 335 1567 πωΰσιεύοτω
368 1513 443 1567 κατὰ
477 1512 531 1581 τὴν
564 1512 654 1568 ὁδόν·
695 1517 811 1576 «Quodsi
835 1517 872 1568 ibi
896 1519 1036 1583 tranquille
1053 1535 1177 1573 versarer
1193 1524 1220 1575 in

123 1586 190 1641 τότε
208 1588 240 1639 64
258 1585 487 1675 πολυάνθρωπος
498 1593 560 1653 καί,
579 1590 607 1642 ai
614 1606 656 1655 τις
693 1590 900 1655 contemplando
909 1592 1017 1643 terribili
1026 1594 1158 1659 simulque
1165 1608 1222 1647 ma·

123 1658 213 1729 ἄλλη,
231 1660 354 1731 μεγάλη.
388 1668 507 1730 Propert
527 1665 555 1729 4,
569 1669 594 1728 4,
608 1666 653 1719 34;
693 1664 790 1727 gnifica
817 1666 899 1715 marie
929 1666 1026 1717 turbati
1051 1668 1218 1733 spectaculo,

122 1742 155 1791 lit
180 1741 227 1802 cui
253 1753 321 1789 nuuc
343 1739 417 1802 44444,
443 1741 560 1791 4444444444
580 1742 656 1791 turbu
693 1736 736 1787 vet
753 1737 872 1790 oblivisci
889 1753 999 1804 possem
1010 1742 1045 1791 ad
1061 1746 1222 1806 tempuscu-

122 1815 197 1867 Gubi.
228 1812 347 1865 iuvenci.
367 1814 395 1875 7,
414 1814 446 1864 3;
474 1828 532 1865 cauo
548 1816 601 1867 ium
617 1830 656 1867 ce·
692 1813 861 1864 riseimorum
878 1828 1003 1865 meorum
1014 1828 1163 1865 amicorum
1175 1830 1221 1867 44-

121 1888 202 1939 lebret
217 1889 320 1949 uotipue
332 1890 424 1951 pollue
439 1889 587 1941 Balueotum
604 1892 655 1941 Ga·
692 1900 746 1951 que
764 1889 889 1937 continuo
907 1902 939 1937 ac
955 1888 1110 1939 uehementi
1125 1904 1220 1943 eoram

121 1962 181 2025 4444,
201 1964 296 2013 44444444
312 1963 449 2013 condicere
464 1962 553 2026 [uuus
566 1964 655 2015 044444-
692 1960 826 2012 desiderio
839 1974 1022 2021 consumerer,
1037 1964 1121 2015 immo
1132 1977 1220 2028 aequo

120 2044 186 2087 rent.
225 2038 397 2087 Monumenta
420 2050 434 2085 a
452 2038 587 2089 Visconlio
605 2039 654 2090 de·
692 2037 781 2085 animo
798 2040 920 2101 paterer,
939 2035 985 2085 ubi
1002 2037 1053 2101 ipsi
1070 2050 1179 2101 quoque
1193 2039 1219 2089 in

121 2114 226 2177 scripta
253 2114 359 2175 reperta
383 2115 445 2163 aunt
464 2125 548 2177 prope
566 2112 654 2165 lecum
691 2122 802 2161 4444444
827 2124 889 2161 meo
910 2124 954 2160 me
971 2111 1105 2161 interdum
1123 2112 1219 2162 oblivi-

120 2187 271 2245 caninum,
304 2186 361 2249 lupo
387 2187 412 2235 444
437 2186 599 2250 (1444440444,
627 2190 652 2239 44
691 2186 860 2235 scetantur.»
909 2182 985 2235 Adde
1017 2185 1090 2248 quod
1117 2186 1218 2237 Lebedi

119 2261 180 2311 loco
211 2259 292 2311 hodie
321 2261 457 2309 nominato
487 2262 587 2312 Peucu
615 2264 652 2313 ita'
691 2262 749 2309 tum
765 2260 808 2307 vix
825 2257 897 2309 aliud
908 2258 1092 2323 spectaculum
1104 2262 1219 2325 praebe-

120 2335 206 2399 Grtffl.
227 2360 256 2372 -
276 2334 395 2395 Fidenae,
424 2335 584 2389 Sabinorum
602 2350 652 2401 op·
690 2331 771 2382 batur
787 2332 824 2383 ibi
842 2334 1022 2397 peregrinanti
1033 2332 1076 2383 vel
1087 2332 1217 2384 exsulanti

119 2410 229 2475 pidum,
258 2422 342 2473 prope
367 2410 479 2461 4444444444
506 2410 608 2473 (Strabo
626 2414 650 2463 ὅ,
690 2408 1125 2472 quammere.-Neptuuumcet.1
1136 2410 1217 2461 Notus

119 2498 145 2548 p.
158 2484 220 2534 226.
235 2486 264 2533 et
274 2483 356 2547 330),
376 2484 451 2534 cuiua
468 2482 596 2547 reliquiae
609 2500 652 2537 ex·
690 2478 811 2531 sublimis
829 2481 944 2531 Lucretii
961 2480 1035 2533 locus
1047 2484 1072 2542 3,
1086 2484 1097 2532 4
1110 2497 1116 2531 2
1133 2484 1218 2533 Suooe

118 2560 192 2609 alant
218 2570 303 2621 prope
324 2558 399 2609 vicoa
418 2557 530 2609 Giubileo
548 2562 575 2609 et
590 2560 648 2609 Ser·
688 2556 757 2604 utari
772 2569 865 2619 mcpuo
882 2555 1040 2605 turbantibus
1056 2556 1218 2619 (motantibus

117 2634 233 2695 pretim
256 2634 370 2683 Primam
388 2633 503 2684 nominis
520 2632 651 2697 syllabam
690 2630 774 2679 Con.
789 2630 877 2691 Cano.)
897 2631 1216 2691 aequoraoeutsaterra

120 2706 382 2771 produxitiloratius
395 2710 523 2758 etluven
538 2710 578 2769 40,
592 2710 649 2760 tou:
687 2716 810 2767 40040400
834 2704 938 2753 diutim
961 2708 1074 2765 44004044
1095 2704 1213 2755 laborem

118 2780 157 2831 444
173 2780 331 2831 Fidenarum
343 2782 530 2843 Gabiorumque
545 2796 651 2847 444444-
689 2779 727 2830 Ct.
747 2780 873 2843 Archippi
890 2793 933 2829 vv
953 2780 1025 2843 apud
1041 2779 1115 2831 stob.
1129 2781 1170 2842 60,
1184 2782 1212 2830 7:

118 2860 197 2905 4444444
218 2855 282 2915 cet.¹
301 2856 429 2920 corripuit
452 2856 521 2920 virg.
540 2858 605 2907 Aen.
623 2858 648 2920 6,
684 2846 736 2917 Ὡς
761 2848 815 2920 ἡδο)
841 2849 896 2919 τὴν
920 2851 1069 2905 θάλατταν
1085 2846 1144 2904 ἀπὸ
1161 2851 1214 2919 τῆς

119 2928 182 2979 7434
210 2928 346 2992 urbemque
362 2930 496 2991 Fidenam,
522 2932 559 2981 444
577 2932 628 2981 fit
623 2946 649 2983 m
687 2926 742 2996 γῆς
755 2922 838 3001 ὁρᾴν,
851 2920 1004 3000 Ὡμῆτορ,
1021 2928 1156 2995 euripi]
1126 2925 1215 2981 n'u-

119 3002 276 3053 nominibus
292 3004 416 3067 propriis.
451 3005 489 3055 Ci.
509 3005 543 3055 ad
561 3006 608 3057 Od.
622 3006 647 3069 3,
687 3020 759 3056 οντα
768 3001 917 3071 μηδαμοῦ.
930 3005 1130 3069 (Neptuniupro
1143 3018 1215 3055 «ma-

119 3076 143 3139 4,
157 3078 183 3129 0.
204 3078 271 3142 Epp.
286 3080 310 3139 l,
324 3080 364 3139 40,
378 3080 418 3129 36.
435 3106 462 3116 -
477 3080 571 3142 4444444]
592 3080 648 3132 «vel
687 3080 743 3141 ri‚·
762 3079 887 3144 utEpod.
900 3081 929 3141 7,
946 3079 975 3129 3:
993 3081 1108 3141 Neptuno
1118 3079 1214 3143 uapor.)

119 3151 156 3203 ibi
173 3165 265 3215 aequo
281 3154 371 3203 animo
381 3154 473 3205 vivere
486 3168 606 3219 possem,
626 3157 647 3207 si
687 3156 814 3205 Ceterum
829 3156 883 3205 hoc
900 3168 1008 3218 quoque
1020 3153 1080 3204 loco
1091 3157 1153 3206 aaut
1165 3168 1213 3204 ve-

118 3240 187 3291 upns
204 3227 300 3279 44444.»
320 3228 396 3279 Haud
409 3242 486 3281 4444444
497 3232 647 3294 urgendum
686 3228 761 3291 rtigia
790 3228 926 3279 doctrinae
957 3230 1071 3279 Stoicae.
1107 3227 1210 3279 Arrian.

117 3303 222 3361 uellem
250 3306 292 3353 est
316 3306 455 3353 nostrum:
489 3305 529 3355 444
552 3306 645 3368 wollte,
686 3302 817 3389 44444443,
837 3301 883 3362 34,
902 3302 967 3352 toa:
979 3295 1027 3351 ”Au
1025 3300 1213 3389 ἐνΓοάοοις

118 3391 191 3427 auum
208 3391 235 3427 es
252 3378 351 3441 darauf
363 3379 483 3441 44444444,
511 3382 575 3431 cucb
592 3383 698 3432 dorl'
685 3392 735 3446 ,06
753 3394 795 3441 440
813 3372 984 3425 ἅνάπλωθθ
999 3372 1053 3441 400
1069 3392 1100 3425 40
1116 3371 1211 3446 Mein

118 3452 185 3503 440444
214 3452 446 3517 cacuminatus
474 3468 574 3517 quam:
609 3456 648 3505 444
685 3428 852 3539 ὃιοιτριβὴν,
887 3450 937 3501 uui
967 3444 1038 3500 ὅσαι
1064 3430 1213 3511 διαχύσεις

118 3526 214 3577 mortu
231 3524 365 3590 (4444444414)
380 3528 568 3579 uertebat
582 3530 648 3580 0444-
686 3516 763 3591 ἤσαν
780 3524 841 3575 ἐκεῖ
854 3520 998 3591 διάγοντι,
1016 3517 1099 3573 uui
1082 3538 1152 3573 οσαι
1168 3525 1212 3589 γε’-

118 3600 213 3664 mque]
233 3601 317 3651 Nimis
334 3600 393 3651 duri
410 3602 490 3653 animi
508 3605 535 3652 et
552 3604 648 3655 sodali·
685 3593 811 3651 volus
789 3615 827 3649 av
844 3594 1047 3650 ἕπανελθόπι·
1073 3590 1134 3648 ἄλλ
1152 3597 1214 3649 ἐκθῖ

118 3688 163 3725 um
181 3673 361 3738 negligentem
383 3676 483 3727 iaciunt
499 3678 646 3741 Horatium,
684 3676 804 3735 τέτασο,
823 3666 902 3736 ὅπως
918 3671 964 3723 bai
976 3668 1028 3723 τὸν
1044 3668 1211 3740 ἐνΓοοιροις
1283 3723 1299 3737 ,

118 3750 162 3813 qui
188 3762 223 3799 ex
249 3750 291 3799 uis
315 3763 359 3799 44.
387 3749 526 3813 colligunt,
560 3754 647 3805 omnia
684 3746 869 3817 cauponas
854 3764 885 3799 eu
902 3744 1026 3819 Γυάροις
1042 3741 1210 3819 ἐρῤωμνως

118 3824 251 3875 amicitiae
273 3826 301 3874 et
320 3838 383 3875 eum
400 3825 554 3877 hominibus
572 3840 647 3877 com·
684 3821 801 3891 διάγειν.

118 3900 210 3949 mercii
229 3898 348 3951 taedium
360 3912 424 3951 euru
437 3902 565 3963 tenuisse
584 3915 646 3952 curn
719 3902 765 3951 44-
767 3902 807 3951 46.
825 3900 975 3962 8464444444,
993 3898 1210 3962 puiCapitocet]

117 3972 183 4023 baec
194 3972 336 4025 scriberet
374 3975 474 4025 Verum
487 3988 569 4061 4444444
588 3978 647 4025 tan-
686 3974 824 4039 viaAppia
840 3974 891 4025 iter
907 3973 1021 4035 taciens,
1040 3972 1141 4035 inqua,
1159 3972 1210 4023 etei

118 4047 259 4099 tummodo
273 4050 450 4100 constantiam
457 4043 599 4121 ,ἀταραξί
599 4065 645 4110 αν,
685 4052 768 4101 strata
793 4043 1094 4114 emiuentissimae,
1121 4048 1210 4114 ἐγγω-

119 4122 210 4183 paucis
228 4124 384 4173 contenium
402 4125 522 4175 animum
537 4126 648 4189 opponit
685 4125 758 4187 νίοις
783 4125 901 4188 [Procop.
920 4123 984 4175 Bell
1003 4124 1081 4173 Goth
1100 4123 1129 4183 4,
1148 4120 1208 4182 44.)

119 4194 219 4247 Bullatii
246 4198 437 4249 inconstantiae
464 4202 493 4249 et
517 4212 647 4251 novarum
685 4202 788 4261 tamen,
807 4198 914 4263 quando
926 4197 1047 4263 pluebat,
1063 4160 1209 4247 1444444444
