2925 4892
252 346 315 414 498
632 343 764 396 nostru
779 341 961 394 sartatecta

295 505 436 589 Imperet
456 500 518 567 boo
539 508 653 566 natura
674 508 804 586 potens,
827 498 875 564 sio
896 495 1011 582 collige
1032 514 1174 564 mecum:

294 627 397 690 Dente
418 621 530 709 iupus,
553 641 654 688 cornu
674 628 787 686 taurus
808 619 901 706 petit:
924 616 1011 684 unde
1033 617 1093 686 nisi
1115 617 1201 683 intus

296 742 527 811 Monstratnm‘i
549 742 693 808 Scaevae
714 740 862 808 vivacem
883 737 981 806 erede
1004 738 1114 825 nepoti

295 866 448 943 Matrem3
470 862 514 928 nil
535 862 632 930 444444
652 861 786 928 sceleris
807 860 861 948 pia
882 859 1031 928 derum:
1055 858 1187 934 mirum,

296 985 336 1054 Ut
350 1004 458 1072 neque
472 982 563 1052 calce
575 982 672 1070 lupus
683 1002 882 1070 quemquam
894 1001 1002 1068 neque
1012 980 1109 1048 dente
1119 979 1199 1067 petit
1207 977 1283 1058 bos3
1298 978 1343 1042 55

296 1106 364 1173 Sed
384 1105 469 1172 mala
490 1104 579 1171 tollet
600 1125 698 1170 anum
717 1103 828 1170 vitiato
849 1101 944 1170 melle
956 1083 1080 1170 cicuta

295 1229 342 1293 Ne
363 1227 495 1314 longum
515 1225 646 1294 faciam:
669 1245 730 1292 seu
752 1244 805 1291 me
826 1221 997 1312 tranquilla
1017 1231 1169 1289 senectus

296 1349 468 1436 Exspectat
489 1367 550 1413 seu
570 1347 656 1414 blors
677 1347 756 1412 atris
778 1343 987 1412 circumvolat
1007 1343 1084 1420 alia,

319 1518 360 1568 aa.
377 1518 489 1580 44444444
505 1530 528 1567 c.
544 1543 572 1553 -
585 1518 626 1567 aa.
639 1517 673 1566 Ni
688 1527 769 1577 oeque
784 1511 826 1564 vel
843 1513 871 1564 Si
887 1525 966 1575 44444
982 1510 1079 1563 dubiae
1097 1510 1207 1562 Bentleii
1224 1514 1311 1577 suspi-

288 1591 394 1650 ciones;
413 1590 479 1653 outa
493 1602 573 1650 neque
590 1588 694 1639 Goeller
704 1587 739 1639 ad
751 1587 835 1638 Plauti
846 1588 915 1638 Trio.
928 1600 954 1651 p.
968 1586 1025 1637 434.
1039 1584 1098 1637 coll.
1113 1587 1175 1638 Cist.
1190 1585 1214 1646 4,
1228 1587 1253 1647 4,
1266 1587 1306 1636 til.

290 1687 318 1700 -
333 1670 407 1727 petat
421 1663 511 1732 μγλτ.
531 1691 559 1701 -
577 1665 619 1715 446.
637 1663 701 1714 altit
716 1665 742 1713 S.

255 1815 389 1864 terrorem
406 1814 517 1864 incutiat
532 1813 584 1864 sibi
601 1813 733 1877 4444444444
745 1813 783 1862 44·
817 1823 867 1861 vae
885 1807 965 1862 indoli
982 1809 1053 1860 lerro
1070 1809 1194 1862 homines
1206 1809 1345 1872 occidero,

256 1898 310 1949 quo
335 1887 448 1937 exosis.»
473 1914 500 1923 -
522 1888 559 1936 stc
583 1886 678 1951 colitqe]
704 1884 780 1936 coni.
818 1885 868 1935 sed
885 1885 965 1936 bomo
989 1885 1099 1947 ignarus
1115 1897 1166 1949 pro
1183 1883 1276 1935 doloso
1292 1897 1347 1936 ruo

256 1960 323 2024 Epp.
335 1961 366 2021 4,
386 1961 415 2020 4,
433 1961 490 2010 tta.
511 1987 539 1997 -
556 1962 636 2022 uode,
652 1961 701 2009 atri
717 1959 781 2022 444]
818 1961 924 2022 ingenio
941 1961 1082 2023 promptus
1093 1960 1144 2008 erit
1160 1959 1195 2010 ad
1206 1972 1345 2010 venenum

257 2035 285 2084 in
302 2047 382 2098 prosa
399 2034 534 2085 oratione:
554 2035 598 2084 «id
613 2033 686 2098 quod
704 2033 782 2084 unice
819 2034 897 2083 matri
920 2032 1104 2084 miscendum:
1133 2045 1230 2098 reapse
1251 2036 1346 2085 aulem

257 2106 329 2158 intus
341 2107 380 2157 eis
391 2109 570 2158 monstratum
581 2111 652 2167 est3»
670 2106 722 2156 hoc
734 2120 783 2156 au·
818 2109 933 2171 uterque
951 2105 1064 2158 necandi
1077 2106 1173 2158 modus
1184 2119 1271 2170 aequa
1283 2119 1348 2158 sce·

259 2183 314 2230 tem
340 2181 473 2231 convertit
488 2183 516 2231 in
532 2182 782 2244 interrogationem:
819 2180 918 2231 leratus
936 2183 1003 2232 est.»
1025 2180 1345 2245 —mata1vinadsaa

260 2254 340 2304 «mlo
358 2255 418 2316 (hoc
441 2256 488 2316 eis)
505 2261 673 2306 monstram
689 2259 724 2304 eat
747 2253 785 2316 (ul
821 2255 850 2316 4,
870 2256 900 2316 4,
919 2255 960 2304 44.
985 2281 1013 2290 -
1034 2255 1124 2304 mitola
1147 2255 1225 2320 444444]
1253 2257 1348 2319 «post-

258 2327 343 2379 habet
359 2342 392 2378 ex
409 2328 665 2392 glomeratione}
681 2329 731 2378 atsi
747 2329 785 2376 io·
821 2341 902 2392 quam
924 2327 977 2378 mel
1002 2342 1025 2380 s.
1046 2328 1163 2381 mulsum
1187 2333 1347 2394 corruptum

258 2409 310 2464 tur,
341 2403 468 2454 instinctu
492 2404 611 2467 quodam
636 2401 782 2455 4444444444
822 2405 863 2454 444
879 2403 997 2454 immixta
1014 2404 1126 2454 cicuta.»

258 2475 308 2528 Alii
333 2477 512 2541 distinguunt:
540 2481 620 2540 444444,
645 2477 695 2528 atas·
718 2478 786 2526 444444
854 2477 943 2528 444-64.
968 2479 1006 2527 Ne
1025 2479 1127 2542 4444444
1145 2477 1249 2542 sadans]
1267 2478 1346 2528 Cont.

258 2551 446 2602 mousom?
471 2551 571 2614 idest,
598 2565 711 2616 «qnare,
736 2551 785 2600 nisi
823 2553 919 2612 Sati,
938 2552 968 2612 3,
988 2551 1045 2602 437.
1065 2579 1093 2588 -
1112 2553 1192 2614 liora]
1208 2551 1291 2613 44444,
1314 2555 1350 2602 444

261 2627 348 2675 cett»
369 2627 471 2678 Verum
487 2626 532 2676 hio
547 2640 613 2678 usas
629 2625 786 2691 posterioris
823 2627 881 2676 eius
903 2625 995 2686 trater,
1021 2627 1144 2676 somnus.
1179 2627 1268 2690 Eurip.
1287 2623 1347 2679 444.

260 2699 303 2748 444
319 2700 464 2751 Latinitatis
481 2714 533 2752 nec
554 2703 657 2752 temere
675 2699 785 2751 lioratio
822 2701 885 2751 4644
905 2694 1047 2770 πτερωτὸς
1058 2692 1160 2762 Ἅιδας.
1189 2699 1237 2750 od.
1250 2701 1280 2759 4,
1299 2700 1348 2762 47,

260 2773 342 2822 tribui
369 2777 468 2838 potest.
510 2775 680 2826 Heindorfius
705 2773 788 2824 babel
823 2775 873 2826 444
896 2775 1052 2836 calamisque
1067 2774 1124 2824 Fati
1142 2773 1263 2824 44444444
1278 2773 1348 2823 aloa

260 2849 788 2909 proaccusattvoGraecaconstructione
827 2875 854 2886 -
873 2847 1044 2912 circumstat]
1073 2848 1141 2898 «iam
1166 2860 1251 2909 4444,
1277 2847 1350 2898 adeo

262 2922 384 2984 apposito
407 2918 526 2984 (πόθεν,
552 2925 579 2972 et
601 2919 645 2987 μὴ
669 2915 788 2972 4444444
825 2924 854 2973 44
870 2925 931 2987 post
942 2922 1026 2972 breve
1039 2925 1145 2986 tempas
1156 2922 1220 2972 mibi
1233 2922 1352 2972 morien·

263 2990 484 3060 dadeaypsvom),
510 3009 580 3059 quaa
598 3000 688 3047 tamen
710 2998 786 3056 ratio,
825 2997 966 3048 damasit.»
987 3021 1014 3032 -
1032 2995 1140 3059 44444444]
1157 2996 1245 3045 Lectio
1261 2995 1352 3046 44444444

264 3070 426 3132 praesertim
447 3071 475 3118 in
497 3070 576 3120 huius
598 3071 704 3133 generis
721 3071 789 3121 sim·
825 3074 894 3123 Fene
918 3072 973 3135 (44.
990 3071 1020 3121 A.
1038 3070 1072 3121 ab
1096 3068 1192 3120 eadam
1217 3081 1297 3119 mana
1320 3070 1352 3120 in

263 3141 395 3205 plicitate,
418 3142 524 3193 videtur
540 3145 619 3196 nimis
636 3143 787 3195 artificiosa.
826 3147 959 3209 margine,
986 3145 1034 3195 Ch.
1056 3147 1121 3194 44
1145 3145 1170 3193 4.
1193 3155 1230 3192 m.
1251 3143 1297 3192 Ba.
1315 3144 1350 3193 Α.

297 3215 388 3266 tato.
413 3217 526 3268 8444444
545 3218 607 3282 444]
630 3219 788 3270 «Committe
827 3235 841 3271 a
860 3222 884 3270 4.
903 3233 940 3270 m.
959 3219 1057 3269 44444444
1073 3219 1103 3268 V.
1123 3218 1179 3281 ca)
1197 3217 1353 3268 destituitur

265 3291 328 3340 baio
339 3291 463 3342 vivacem
477 3293 592 3344 matrem
609 3296 637 3343 et
647 3306 700 3344 444
711 3293 791 3344 444444
827 3309 858 3346 44
876 3294 1047 3352 auctoritate,
1066 3303 1147 3355 quam
1164 3292 1192 3342 in
1208 3293 1263 3340 4444
1274 3293 1352 3353 gravi

266 3363 365 3428 aliquid
382 3364 491 3418 sceleris
502 3367 545 3432 pia
557 3367 665 3428 dextra,
683 3366 734 3417 sed
741 3380 791 3416 ve-
826 3371 973 3422 mutatione
999 3367 1168 3430 requirimus.
1205 3367 1351 3416 Praeterea

266 3442 453 3502 nenoutetur,
472 3440 571 3504 idest,
591 3454 717 3493 noueam
730 3454 792 3504 pen·
827 3447 943 3497 Fortuna
968 3441 1020 3492 dea
1044 3442 1117 3490 recto
1145 3439 1230 3489 4444444
1253 3438 1355 3488 dicitnr

266 3516 332 3566 imet
347 3513 443 3579 3444444.
478 3519 579 3568 scaeva
593 3517 703 3583 qnidam
717 3515 793 3566 luxu·
828 3521 885 3585 (od.
901 3519 929 3577 3,
948 3517 995 3578 44,
1013 3515 1075 3577 44444,
1094 3527 1148 3564 444
1164 3514 1227 3564 item
1242 3513 1305 3575 sors.
1320 3539 1351 3550 —

266 3593 354 3644 riosus
371 3593 511 3643 dicebatur
534 3593 615 3644 4444444
640 3595 667 3643 44
690 3605 792 3657 pronus
829 3590 1018 3658 0444444444]
1032 3589 1204 3649 «Quicunque
1213 3587 1264 3636 erit
1274 3589 1355 3638 tenor

268 3668 304 3718 ad
320 3669 547 3730 artesmagioasa
575 3670 654 3718 4444.
681 3667 793 3717 «Sicci
828 3665 1147 3730 statusquovitaameae,
1160 3659 1279 3710 scribere
1291 3672 1356 3724 pen

270 3755 333 3794 cero
349 3755 400 3804 pro
417 3743 517 3792 scauro
535 3742 573 3802 (4,
593 3743 653 3803 llll:
680 3741 794 3791 tibertus
829 3756 904 3807 gam.
932 3740 955 3790 si
977 3735 1156 3800 qualicunque
1177 3735 1258 3785 modo
1275 3747 1356 3784 com-

267 3820 406 3878 potroaom
427 3830 478 3864 aon
500 3817 601 3876 occidit,
632 3817 675 3866 4444
698 3816 794 3866 duobus
829 3819 919 3868 motae
944 3826 991 3864 ero
1009 3812 1042 3874 (v.
1063 3809 1114 3870 45.)
1132 3806 1284 3872 aequalium
1308 3807 1355 3858 vel

269 3890 380 3953 4444444444
400 3889 490 3952 mm
510 3889 616 3938 obiicit.»
646 3890 731 3941 Corra.
746 3891 791 3941 Cn.
828 3891 898 3943 vitiis
915 3885 1033 3938 ridiculis
1044 3883 1087 3936 vel
1104 3885 1130 3934 in
1148 3895 1191 3932 me
1204 3881 1353 3945 iniquitate,

274 3993 301 4001 —
318 3964 425 4024 mima,
446 3963 483 4027 tlt]
496 3963 585 4026 «qnod
595 3977 682 4027 aeque
693 3965 793 4015 mirum
829 3967 910 4028 atque
928 3960 1079 4026 opprobriis
1095 3958 1189 4020 dignos
1210 3954 1294 4006 libere
1311 3954 1357 4004 in-

271 4041 404 4102 astatque
416 4037 492 4098 illud,
511 4038 792 4103 qood·-petitbos,»
830 4037 965 4092 sectabor.
986 4036 1019 4098 lv.
1037 4034 1105 4096 85.)»
1135 4030 1290 4082 Sanadonus
1307 4041 1358 4078 44-

271 4116 299 4166 id
316 4116 372 4174 est,
399 4116 540 4164 «neutrum
557 4114 678 4178 protecto
695 4115 793 4165 mirum
830 4114 908 4176 eligat
924 4111 1075 4168 Horatium,
1095 4105 1168 4170 quod
1184 4117 1237 4155 non
1249 4099 1359 4188 mnibus

273 4192 340 4243 est.»
369 4189 537 4240 Contrarium
559 4189 691 4240 animast
712 4189 794 4239 Scae-
831 4185 982 4252 scripserit:
1011 4181 1141 4246 scitota,
1171 4178 1284 4242 44444444
1308 4183 1360 4228 ml
