2925 4892
533 359 593 410 Llll.
612 360 632 409 1.
668 359 766 410 arist.
785 361 827 410 lv.

170 516 211 580 Di
236 513 296 581 tibi
318 513 445 580 divitias
468 513 629 582 dederuut
651 525 819 603 artemque
840 513 976 582 fruendi.

173 635 263 716 Quid
286 644 404 702 voveat
424 633 510 702 dulci
533 634 691 702 nutricula
712 636 817 702 maius
837 635 980 714 alumno,

194 873 219 921 7.
239 871 359 922 (4040004
375 869 411 922 Sd
429 872 456 920 st
473 882 543 920 corr.
556 869 601 930 bc,
619 871 684 920 item
700 868 853 922 Lambinus.
872 871 985 934 (444000,
1002 871 1064 922 Eet
1078 885 1120 938 pr.
1132 872 1187 936 be.)

126 1095 221 1156 batur,
241 1093 335 1144 tribuit
346 1093 427 1144 etiam
438 1092 541 1154 amico,
555 1094 582 1142 ot
593 1105 658 1142 vere
696 1095 749 1153 004,
768 1093 884 1158 ideoque
902 1095 998 1146 merito
1015 1097 1083 1148 04000
1093 1095 1222 1162 appellari

126 1169 250 1234 quidem,
269 1169 300 1217 ut
316 1179 386 1216 reor.
694 1171 794 1231 posset.
824 1168 891 1219 Vide
903 1170 1018 1221 Dissenii
1028 1171 1117 1223 utam
1128 1169 1222 1222 Tibulli

158 1245 184 1293 6.
202 1243 228 1292 7.
247 1241 306 1291 Nau
323 1245 350 1290 40
362 1239 425 1306 cet]
444 1241 491 1292 0444
502 1253 597 1292 versus
609 1253 658 1291 au·
695 1255 722 1305 p.
735 1242 789 1292 XV.
804 1245 831 1294 et
847 1241 967 1294 Patdami
982 1245 1071 1294 4004440
1088 1259 1115 1310 p.
1129 1245 1170 1295 04.
1192 1272 1220 1282 -

126 1316 317 1370 lacsdeutibus
340 1316 411 1367 bunc
432 1318 578 1366 annectunt
594 1329 658 1366 seu·
695 1317 823 1379 40000004]
841 1319 897 1368 Hac
913 1317 1097 1383 perlectorum
1114 1320 1222 1383 quanti-

125 1395 274 1445 teutierum
291 1390 427 1442 ordinem:
447 1393 499 1441 «Et
515 1394 589 1443 recte
602 1393 658 1456 qui-
695 1393 750 1441 4040
771 1404 853 1456 saepe
874 1393 916 1443 004
938 1395 1000 1443 0004
1023 1395 1129 1457 poetae.
1162 1392 1219 1444 vid.

125 1469 205 1526 dam;
224 1465 274 1516 tibi
292 1467 363 1515 enim
381 1468 423 1516 004
445 1466 580 1529 ingenium
597 1465 658 1532 pul·
695 1465 748 1514 Sat.
763 1467 792 1527 4,
812 1467 858 1527 40,
877 1465 925 1516 lb:
958 1467 1063 1530 Vtrpttto
1079 1472 1224 1517 0000000004

117 1543 296 1594 airammum
313 1539 417 1605 diisque
440 1543 549 1604 accepte
571 1541 657 1591 reiers
694 1539 1045 1602 quemammodum.
1071 1540 1220 1603 44400400.

125 1616 198 1668 40000
222 1615 259 1666 ad
281 1613 352 1666 bene
374 1614 520 1666 vivendum
543 1613 655 1677 idonea,
694 1614 724 1674 4,
743 1612 806 1663 774:
826 1613 946 1676 Obstupui
961 1618 1224 1676 steenmtqmomue

124 1691 226 1757 quibus
254 1688 319 1742 nihil
342 1690 432 1753 potest
456 1688 518 1738 addi
542 1691 655 1740 maius.»
694 1691 718 1737 st
733 1700 785 1736 vox
800 1687 916 1750 [0004000
932 1689 1017 1738 huselt.
1044 1687 1148 1751 Ubique
1165 1687 1222 1739 iere

125 1767 218 1818 00000.
236 1765 376 1826 -eorpus]
388 1763 525 1814 dumtaxat
535 1762 655 1824 brutum,
695 1761 841 1825 scriptores
884 1761 983 1812 librarii
1028 1760 1224 1812 substituerunt

125 1841 325 1892 elucidasse.
341 1837 449 1901 -erns]
468 1849 604 1901 «semper,
624 1850 656 1887 ex
695 1833 1059 1900 plusqpi.,utbicuouuulli.
1091 1835 1223 1887 elewa-

124 1927 179 1978 quo
197 1914 270 1962 iuter
287 1925 336 1962 uos
353 1912 455 1962 versari
472 1912 583 1975 coepisti
595 1924 657 1974 ogo·
694 1923 761 1974 guar
778 1911 812 1960 ad
823 1910 894 1972 virg.
908 1913 954 1960 Ge.
968 1909 997 1970 4,
1016 1909 1073 1959 303.
1088 1937 1116 1947 -
1130 1915 1222 1960 arteart-

125 2001 179 2053 que
207 1989 234 2038 te
262 1988 401 2050 cognovi.»
420 2013 449 2022 —
468 1987 521 2036 stne
542 1986 655 2050 pectore]
695 1997 743 2046 000
762 1984 872 2048 [mendi]
897 1985 978 2048 «quia
1000 1984 1120 2048 prudeus
1142 1997 1172 2034 00
1194 1985 1223 2034 04

124 2075 196 2113 «uon
221 2073 283 2112 eras
306 2072 414 2118 excors;
442 2059 525 2111 immo
550 2061 656 2111 animus
695 2071 742 2118 eo,
770 2059 843 2122 quod
860 2058 924 2107 satis
942 2059 996 2119 004,
1023 2061 1164 2109 00040οω0
1180 2059 1223 2108 04-

124 2139 187 2187 4000
213 2137 241 2185 04
260 2137 337 2185 tener
361 2136 418 2186 erat
442 2135 469 2184 iu
491 2135 606 2186 amicitia
630 2135 657 2183 04
694 2132 761 2182 vis.»
775 2131 867 2182 Talem
879 2133 1017 2182 bominem
1026 2131 1136 2182 beatum
1147 2145 1224 2196 prae·

123 2212 182 2261 veri
202 2209 317 2275 cupidus
334 2211 361 2259 04
377 2207 481 2273 pulchri
499 2221 581 2259 seusu
600 2209 656 2258 exi·
695 2207 766 2257 dicat
782 2207 863 2257 etiam
875 2206 1020 2278 Menander
1032 2220 1058 2271 p.
1072 2205 1112 2257 46.
1127 2207 1221 2257 blein:

124 2287 179 2337 mia
215 2283 382 2349 praeditus.»
417 2283 501 2347 (0400
529 2282 656 2348 Gestat.)
694 2278 857 2352 Μακάριος,
877 2273 958 2343 ὅστις
975 2276 1222 2331 0004000040ὠο

125 2359 205 2411 Ouid.
219 2360 283 2409 Her.
298 2359 343 2420 40,
357 2359 419 2408 ³05:
438 2357 550 2407 44000400
566 2363 594 2407 40
605 2370 657 2418 spe·
693 2349 763 2417 ⁹s'pst¹
782 2354 898 2428 Χρῆται
914 2353 971 2427 γὰρ
982 2345 1071 2418 οὗτος
1088 2356 1130 2418 εἰς
1146 2349 1225 2404 04004

124 2447 166 2484 sss
182 2434 310 2482 40004000
326 2434 379 2482 noe
391 2437 494 2494 pectore
504 2431 572 2482 dotes
587 2433 659 2483 Posse
694 2427 785 2502 ταύτῃ
802 2428 906 2493 καλῶς.

124 2509 188 2558 sutis
204 2508 318 2570 4000000,
345 2507 469 2568 Tyndari,
493 2519 564 2556 00000
579 2505 658 2556 tuae?
726 2506 752 2556 0.
778 2507 915 2566 amanda]
936 2503 992 2555 Alia
1009 2507 1144 2558 nutricum
1161 2509 1221 2558 vota

127 2580 236 2643 Quintil.
252 2581 299 2643 40,
313 2582 343 2642 ’4,
362 2583 409 2631 ib:
427 2582 572 2642 Pactusest,
592 2581 659 2641 quod
695 2579 747 2630 vid.
762 2579 833 2643 apud
850 2581 924 2629 Pers.
943 2581 974 2641 2,
995 2580 1036 2629 37.
1066 2583 1157 2632 40000.
1177 2584 1222 2644 40,

127 2657 236 2706 44000400
251 2655 327 2717 saed,
346 2659 369 2704 04
384 2655 422 2704 040
437 2655 534 2704 mentis.
565 2652 659 2704 Simili·
694 2654 752 2704 080,
773 2679 802 2690 -
825 2654 918 2703 Totam
937 2652 1085 2704 clausulam
1101 2657 1140 2705 sic
1157 2667 1224 2706 con-

127 2731 171 2780 ter
181 2729 294 2788 Graeci,
312 2726 395 2778 veluti
405 2728 575 2778 Democritus
588 2727 658 2791 apud
696 2728 792 2778 struxit
817 2725 977 2776 Lambinus:
1006 2727 1150 2790 «alumno,
1177 2730 1223 2792 qui

127 2803 205 2854 Stob.
219 2804 268 2854 Tit.
282 2802 311 2862 4,
330 2803 375 2852 rt:
394 2799 508 2852 4440040
524 2802 659 2867 alatqu-
695 2815 792 2866 sapere
810 2805 838 2852 04
853 2801 903 2852 leri
925 2803 1098 2867 possitquae
1116 2804 1222 2864 sentiat,

127 2874 167 2929 κά
195 2877 247 2927 καὶ
272 2873 376 2944 κόσμῳ
404 2874 561 2948 διαπρεπέα
587 2873 659 2948 πρὸς
696 2879 723 2926 04
740 2878 784 2926 004
801 2877 900 2941 000440,
919 2877 1004 2940 lama,
1022 2875 1224 2927 valetudocon·

125 2953 270 3023 damplqv,
288 2945 362 3000 oillei
378 2949 498 3023 καρδίης
513 2947 606 3002 κενεά.
626 2977 656 2988 -
695 2952 779 3014 tingat
808 2952 916 3004 abunde
943 2955 971 3003 et
995 2952 1112 3003 muudus
1136 2952 1223 3003 victus

127 3027 250 3091 [0000000]
268 3026 328 3076 Vita
345 3026 454 3090 antiqua
471 3025 578 3076 Tibulli:
602 3027 659 3076 «to—
696 3029 760 3088 004,
780 3028 844 3093 quid
861 3026 991 3078 nutricula
1007 3028 1081 3094 optet
1098 3027 1223 3080 maiust»

125 3101 207 3166 ripule
226 3100 278 3164 fuit
301 3101 386 3164 400000
406 3100 523 3162 eumque
545 3101 659 3162 00000040
698 3101 810 3167 (sitque
836 3103 905 3152 40000
930 3103 1036 3162 omnia,
1066 3099 1164 3165 quibus
1190 3112 1224 3151 ne

126 3174 315 3227 0400000440.»
326 3201 354 3210 -
368 3174 476 3240 44044400]
489 3171 583 3236 quales
595 3187 658 3226 mon
696 3175 949 3228 benevolentissima
967 3177 1076 3242 quidem
1091 3173 1223 3226 nutricula

126 3249 281 3302 accuratius
293 3247 415 3311 designat
430 3261 457 3297 v.
471 3248 512 3297 44.
532 3248 659 3302 et'i'ibul·
697 3252 798 3302 maiora
817 3249 925 3304 alumno
950 3253 1042 3315 optare
1067 3249 1168 3314 possit,
1194 3251 1223 3298 40

125 3323 168 3376 lus
185 3325 245 3389 ipse
264 3322 298 3372 de
316 3333 346 3372 00
364 3323 393 3382 4,
413 3323 441 3383 4,
461 3321 506 3370 77:
527 3335 572 3386 spo
589 3338 658 3374 0000-
696 3339 792 3390 reapse
811 3323 908 3375 babes:
936 3337 1000 3387 ergo
1020 3326 1078 3374 iure
1095 3327 1141 3373 400
1159 3335 1224 3373 con·

123 3399 206 3461 posito
222 3408 327 3448 susurru
337 3407 427 3445 noeroo
442 3396 587 3457 Despiciam
598 3399 660 3448 dites
696 3399 800 3449 dicione
810 3400 951 3450 contentus
960 3397 1027 3459 000)
1053 3397 1151 3446 Contra
1163 3408 1221 3445 mo-

127 3474 314 3536 despies'ampue
329 3471 432 3534 4000000.
462 3471 517 3520 Etsi
534 3473 591 3522 eius
609 3485 658 3536 pa·
695 3475 754 3524 nuit
770 3471 935 3532 Schmidius‚
954 3472 990 3520 440
1007 3469 1161 3519 necessario
1176 3481 1222 3518 re-

128 3547 285 3598 trimouiurn
297 3545 417 3594 accisam
429 3546 488 3594 erat
498 3557 549 3609 per
562 3547 658 3597 trium-
696 3547 765 3611 quiri
781 3546 923 3610 contigerit,
945 3545 1071 3595 uitiosum
1089 3555 1150 3594 esse
1161 3556 1223 3592 eoo-

128 3623 250 3672 virorum
260 3620 393 3683 agrariam
401 3617 577 3683 largitionem,
588 3635 657 3684 quae
695 3623 784 3684 stupet.
818 3621 919 3669 Verum
945 3618 1037 3681 quidni
1063 3617 1222 3681 cogitatione

129 3708 154 3745 0.
168 3707 195 3746 0.
208 3709 233 3746 c.
248 3694 307 3744 743.
326 3691 427 3744 ltaliam
445 3695 544 3745 misere
555 3698 660 3759 pertur-
695 3694 759 3746 addi
780 3693 871 3744 liceat:
897 3693 1026 3756 contioque
1042 3694 1085 3743 «et
1106 3694 1224 3743 nuncet

129 3767 215 3831 400044,
234 3766 293 3828 004,
313 3768 343 3817 04
359 3765 402 3817 alii
413 3766 517 3832 voluat,
535 3781 586 3832 per
597 3781 660 3819 eau-
695 3783 816 3834 semper‚
834 3781 884 3833 per
901 3769 985 3818 totam
1001 3768 1116 3818 0440004»
1141 3767 1224 3839 Equi·

130 3842 193 3893 dem
204 3841 386 3894 calamitatem
397 3841 531 3894 bellorum
543 3842 659 3894 civilium
696 3846 760 3896 dem
776 3846 804 3895 iu
822 3843 943 3893 Lambini
953 3843 1055 3893 ratione
1067 3842 1221 3906 secuissem

131 3917 300 3968 devastatum
318 3915 469 3977 dumtaxat,
489 3916 659 3969 nihilomiuus
695 3919 775 3970 video
799 3919 870 3969 euim
893 3915 954 3968 4004.
974 3917 1039 3979 Quin
1062 3919 1154 3981 aperte
1174 3915 1224 3975 ial-

131 3993 156 4041 04
169 3991 306 4042 restabant
322 3993 411 4042 tantae
424 3991 577 4053 4000440400,
596 4005 661 4057 pau·
697 4006 755 4045 sam
768 4005 839 4054 esse,
850 3992 899 4042 sed
911 3993 1017 4042 nostrae
1030 3991 1130 4052 lavere,
1142 3993 1224 4053 00004

130 4066 204 4126 latim
222 4065 335 4117 loriasse
353 4067 478 4130 prudenti
496 4068 659 4130 parcimonia
698 4069 726 4118 04
742 4069 824 4130 Quum
839 4072 868 4116 04
884 4067 915 4117 440
926 4064 1033 4125 deberi,
1053 4065 1099 4128 qui
1116 4078 1224 4133 compa-

131 4133 296 4203 aliquautum
314 4143 421 4200 000400,
446 4142 526 4192 atad
544 4141 661 4193 liberali-
698 4141 831 4191 rationem
842 4141 1036 4199 desiderarent.
1051 4152 1132 4202 quam
1143 4140 1222 4202 poeta

131 4219 176 4266 ter
191 4215 336 4267 vivendum
351 4215 429 4266 400440
451 4219 593 4268 000400400
617 4231 662 4268 00-
698 4216 792 4266 00444440
817 4216 937 4265 iunctura
964 4214 1113 4278 siguificare
1142 4224 1224 4277 quam
