2925 4892
499 378 559 431 ιιι,
579 380 597 430 ι.
633 380 731 433 srrsr.
750 383 814 433 ιιι.
1138 388 1195 455 533

156 533 312 600 Detuiarit
333 534 436 601 iasoes
462 534 608 623 indigno,
637 536 785 605 detrahet
806 540 901 606 idem.

153 657 256 731 Pone,
280 676 388 721 meum
410 667 474 723 est:
498 658 609 746 inquit.
654 660 743 725 Pono
765 660 930 750 tristisque
951 666 1080 732 reoedo.
1157 672 1198 734 35

155 776 243 843 idem
265 778 292 841 si
315 776 432 844 elamet
453 778 571 854 iurem,
599 790 696 866 neget
717 800 793 847 esse
813 782 985 870 pudicum,

153 898 332 964 Contendat
353 897 472 985 laqueo
493 899 611 967 coitum
634 902 795 987 pressisse
817 914 1001 989 paternum

151 1018 301 1085 Mordaar
321 1020 505 1108 opprobriis
527 1021 615 1089 iaisis
638 1030 826 1111 mutemque
847 1025 999 1091 colores?

152 1139 266 1205 Falsus
289 1138 393 1207 bonor
415 1142 502 1207 iuvat
524 1142 716 1209 etmenden
739 1144 868 1213 infamia
886 1157 989 1221 terret

150 1263 256 1342 Quem
269 1262 330 1327 nisi
342 1262 534 1329 mendosum
547 1273 579 1329 et
594 1262 846 1331 medicandum?
868 1268 922 1333 Vir
937 1268 1043 1335 bonus
1062 1282 1112 1337 est

923 1390 1021 1478 quis?
1156 1396 1198 1461 to

139 1552 372 1603 xitBentteiusoe
386 1554 426 1605 38
436 1555 544 1605 rubum
556 1567 617 1605 eum
630 1554 714 1605 Codd.
724 1555 786 1618 aliq.
796 1558 909 1607 Passorr.
930 1561 1038 1621 (lituos
1052 1562 1162 1628 bSEep)

141 1628 290 1677 -cotores
308 1628 397 1677 Falsus
412 1628 530 1679 distinxit
546 1627 731 1680 Bentiaius.-
750 1629 791 1680 to.
803 1632 1072 1698 etmeedscembscp,
1085 1638 1160 1697 Lt0s,

137 1708 160 1751 st
184 1703 327 1752 momen
351 1716 366 1752 e
392 1701 499 1753 duobus
523 1704 641 1754 itonaoe.
662 1704 800 1767 antiquiss.
818 1705 969 1755 tiocberier.
990 1710 1029 1770 (Ut
1045 1722 1107 1771 nos,
1127 1712 1160 1771 E,

136 1776 327 1839 Porphyrionis
339 1776 386 1825 Ed.
399 1778 525 1841 princeps
536 1777 609 1828 risi.
617 1780 763 1841 ,quattuor
773 1776 909 1841 Blandin.,
921 1783 977 1831 tres
988 1781 1031 1832 siti
1041 1784 1160 1849 cruquit,

137 1864 184 1915 γιι,
204 1852 311 1913 septem
329 1850 458 1911 Pettierii,
478 1851 511 1911 C,
529 1850 675 1912 Bentleius,
695 1843 784 1912 ΡΜ.)

107 1995 220 2061 populus
254 1998 388 2049 Romanus
420 1996 570 2047 detulerit.
602 2024 628 2035 -
669 2002 710 2049 rat
726 1999 844 2061 sceiere,
869 2014 940 2065 quse
957 2005 983 2054 in
1000 2006 1083 2069 ipsius
1099 2020 1195 2071 perso·

106 2072 177 2137 Pone]
204 2074 384 2123 «renunciate
407 2073 459 2123 iam
482 2073 521 2133 ei,
549 2084 630 2136 quam
669 2086 731 2124 nem
748 2076 859 2127 minime
871 2078 1017 2140 cadebant,
1035 2092 1098 2131 eum
1113 2082 1194 2133 borno

106 2160 166 2197 meo
183 2147 314 2197 arbitratu
329 2147 376 2197 tibi
387 2149 524 2207 concessi,
543 2146 630 2197 bonae
668 2163 734 2200 sane
751 2152 876 2202 essetab
894 2156 967 2203 omni
979 2157 1093 2218 quaestu
1105 2154 1194 2207 tliietto

106 2222 192 2273 iamae
217 2223 321 2271 virtutis
340 2234 372 2271 ao
392 2221 564 2285 prudentise;
591 2222 630 2272 sie
668 2224 785 2287 alienus,
803 2228 918 2291 pudieus
936 2230 962 2279 in
978 2229 1110 2281 aetatulae
1128 2232 1194 2282 tiore

108 2298 179 2347 enim
197 2296 263 2346 mibi
280 2310 351 2346 nunc
368 2295 480 2361 planet.»
501 2322 528 2333 -
549 2310 632 2346 mm
668 2301 730 2362 (Sat.
745 2301 805 2361 r,o,
815 2302 877 2364 82),
890 2305 974 2367 patrie
984 2306 1192 2359 amantissimus.

105 2371 146 2435 est]
174 2370 224 2421 «id
242 2370 313 2434 quod
335 2370 405 2420 ultro
424 2370 471 2420 tibi
488 2370 630 2435 aliquando
668 2376 727 2435 (Pro
756 2388 832 2425 mero
859 2375 919 2427 loeo
949 2380 1084 2429 communi
1111 2380 1195 2431 habet

106 2446 180 2506 dedi,
199 2449 230 2495 tu
246 2446 368 2509 preosrio
379 2446 527 2509 possides.»
542 2474 570 2485 -
586 2446 631 2495 tn·-
667 2450 796 2499 Duntzer:
816 2451 854 2501 «si
867 2450 981 2515 populus
992 2453 1125 2504 insontem
1135 2468 1196 2505 ses-

104 2523 194 2583 stisqus
210 2522 307 2586 recedo]
332 2520 432 2573 «Aliter
450 2522 506 2571 tisri
523 2522 628 2585 nequit,
667 2520 754 2572 lerum
766 2524 914 2586 insimulet,
934 2526 991 2575 isne
1004 2527 1192 2576 mordeatur?-

105 2608 185 2657 qnam
204 2597 246 2655 ut,
266 2597 315 2645 etsi
332 2597 429 2647 invitus
444 2597 629 2659 maestitiaque
667 2608 737 2658 quae
754 2598 844 2647 tamen
860 2599 928 2647 ratio
945 2599 1009 2647 mihi
1021 2596 1143 2660 languida
1156 2602 1194 2649 ri·

105 2668 230 2727 asseras,
259 2669 348 2735 popuii
373 2671 451 2721 iussis
468 2670 629 2732 obsequar.»
667 2670 765 2732 detur.)
778 2696 807 2707 -
826 2672 927 2731 setores]
945 2667 1055 2719 Pluraiis
1072 2671 1194 2725 firmabis

106 2744 208 2794 semor
221 2744 333 2794 tortasse
345 2746 405 2795 erat
415 2744 518 2795 Lucret.
532 2744 557 2805 3,
571 2744 627 2794 993.
667 2755 681 2792 ι
699 2744 769 2793 meis
781 2742 864 2793 Codd.
879 2740 1010 2802 signifieat
1026 2756 1078 2793 non
1096 2745 1191 2806 semei,

105 2818 230 2869 meum:
262 2818 382 2880 Stsppisrss
405 2820 432 2867 is
455 2820 510 2868 uisu
534 2832 630 2881 quoqne
667 2816 715 2867 sed
741 2816 837 2866 erebro
862 2813 990 2878 pallorem
1007 2815 1192 2881 ruboremque

104 2892 252 2943 mbtsaste
273 2893 424 2951 enarrat,
452 2894 630 2955 (trutpeterea
667 2892 706 2941 ire
724 2893 750 2941 et
770 2888 868 2938 redire
895 2890 1061 2953 Properti,
1079 2893 1123 2952 ss,
1143 2893 1189 2943 39:

102 2966 194 3027 popule
213 2966 293 3029 [arem
313 2980 450 3029 manusque
466 2980 563 3017 secures
578 2968 630 3017 im-
667 2964 728 3024 Quis
747 2968 772 3012 ts
791 2963 894 3026 repebat
908 2964 1000 3014 mattos
1015 2966 1112 3027 prum
1127 2969 1193 3018 roto-

105 3038 174 3100 bibit,
199 3045 224 3089 st
239 3053 335 3101 seraper
349 3042 430 3091 utetsss
445 3042 571 3103 tristisque
586 3055 629 3092 re-
665 3036 724 3087 res?
749 3037 857 3089 Lucina.
880 3039 945 3088 Eun
967 3040 1016 3088 tt:
1048 3040 1079 3102 ἐς
1099 3044 1191 3112 pepla

105 3116 172 3163 mu
665 3107 847 3181 τραπόμενος
873 3110 1024 3182 χρώματα
1057 3115 1191 3168 Bentleius

134 3188 465 3253 so-38.1nom]·1dem
490 3188 583 3250 volgus
605 3189 626 3239 si
665 3185 771 3235 subiato
792 3187 973 3250 interrogandi
993 3188 1068 3250 signo
1086 3192 1147 3252 post
1163 3203 1190 3241 v.

105 3262 166 3314 iaisa
192 3261 337 3326 opprobria
361 3264 388 3313 in
410 3276 454 3313 me
476 3263 570 3312 iecerit
587 3263 628 3323 (td
664 3260 759 3310 colores
773 3272 839 3310 sane
851 3264 943 3311 eontra
960 3265 1055 3324 poetae
1070 3264 1190 3313 mentem

105 3338 173 3399 qnod
186 3336 423 3387 baudminusfleri
431 3338 531 3401 potest,
546 3350 626 3399 quem
664 3332 754 3384 iocum
770 3336 810 3383 sie
826 3336 1015 3397 interpretetus
1031 3337 1089 3385 ast:
1108 3337 1191 3386 «idon

104 3414 131 3459 ut
148 3409 221 3462 falsis
237 3410 359 3461 leudibus
371 3423 415 3461 me
427 3412 545 3469 oneret),
564 3410 627 3461 stui-
665 3421 727 3470 eqo,
755 3409 801 3470 qui
817 3406 890 3457 taleis
906 3408 981 3471 prius
997 3406 1120 3457 laudibus
1137 3412 1191 3458 eri-

104 3483 143 3534 tas
154 3484 277 3549 proiecto
289 3496 393 3544 essem,
410 3486 432 3533 si
444 3483 504 3535 talia
517 3485 627 3534 crimina
664 3485 720 3530 stas
739 3480 891 3542 erigebam,
908 3482 1029 3530 mortim
1044 3482 1125 3530 etiam
1142 3496 1190 3544 op-

104 3570 144 3607 me
160 3556 354 3622 perturbarent
369 3571 401 3609 ae
418 3557 452 3607 de
464 3559 545 3608 animi
556 3560 626 3609 statu
659 3554 772 3616 protrir's
794 3555 866 3616 sotus
882 3556 949 3613 cet,
977 3554 1099 3604 eiusdem
1116 3556 1188 3605 enim

104 3630 273 3682 deficerent.»
295 3658 323 3669 -
340 3638 413 3695 nepot
434 3644 485 3682 esse
499 3632 625 3696 ριιιιιιιιη]
664 3632 705 3679 est
723 3628 788 3679 teiso
804 3629 906 3679 bonore
923 3629 1007 3679 iuvari
1025 3630 1053 3678 et
1063 3629 1188 3680 mendaci

104 3705 627 3770 «sicriminetnrmemuliebriupsssum
663 3704 770 3755 infamia
787 3704 909 3753 terreri.»
938 3704 1038 3753 Verum
1059 3704 1112 3753 hoe
1127 3717 1188 3755 nra·

105 3790 187 3829 asse.»
205 3780 268 3829 Tae.
282 3780 440 3842 tnn.t,73:
458 3782 627 3831 ιιιὸιιιιιιιισοι-
663 3778 758 3829 niissto
784 3777 864 3827 dicit:
893 3778 1018 3829 -Mrnrme
1041 3790 1090 3841 pro
1113 3780 1187 3829 certo

101 3855 298 3917 parsissomem.
318 3854 371 3905 Cir.
384 3854 458 3905 Woii
469 3854 504 3905 ad
515 3858 624 3905 sueton.
661 3852 815 3904 huiusmodi
832 3853 983 3915 iniquorum
999 3864 1125 3911 meorum
1138 3855 1189 3902 an·-

104 3927 190 3977 ttotav.
201 3929 229 3977 it
240 3942 247 3975 ι
259 3926 395 3990 saturniam
403 3930 573 3990 mpuuteitiue
582 3930 626 3991 so·
663 3926 780 3977 minibus
791 3940 908 3991 pungar,
930 3937 1127 3976 eommovear.»
1144 3928 1188 3976 Sic

36 4052 44 4067 ,
104 4000 190 4051 ritt'srss
204 4002 333 4068 reparati.
349 4026 377 4037 -
396 4002 485 4064 laqueo
499 4002 624 4065 pressisse]
662 4003 755 4051 Graeci
772 3998 945 4059 δάκνεσθαι,
963 3999 1118 4062 avigernam.

37 4070 46 4103 ¹⁰
104 4074 224 4127 Usitatins
251 4078 293 4127 est
311 4078 419 4127 mruiees
439 4078 558 4140 paupers
574 4078 625 4125 uti·
695 4075 801 4125 so-ta.
829 4074 981 4136 mousson]
1011 4075 1183 4124 «vitiosum»

104 4149 171 4198 usius
186 4150 336 4214 taqueopro
349 4152 518 4214 mueputors.
538 4149 624 4200 Ciad
662 4152 754 4199 Poura.
782 4149 942 4198 «Issenses»
970 4150 1064 4210 (sensu
1088 4146 1185 4197 saitem

105 4221 149 4269 ud.
162 4223 189 4281 2,
202 4224 243 4284 t3,
255 4226 280 4274 n.
296 4248 324 4261 —
343 4226 402 4275 Tria
418 4228 507 4276 autern
518 4236 625 4275 memo·
661 4223 864 4284 Stoico.)Corur,
876 4221 1184 4285 cine-memus]
