<?xml version="1.0" encoding="UTF-8"?>
<!DOCTYPE html PUBLIC "-//W3C//DTD XHTML 1.0 Transitional//EN"
    "http://www.w3.org/TR/xhtml1/DTD/xhtml1-transitional.dtd">
<html xmlns="http://www.w3.org/1999/xhtml" xml:lang="en" lang="en">
 <head>
  <title>
</title>
<meta http-equiv="Content-Type" content="text/html;charset=utf-8" />
  <meta name='ocr-system' content='tesseract 3.04.00' />
  <meta name='ocr-capabilities' content='ocr_page ocr_carea ocr_par ocr_line ocrx_word'/>
</head>
<body>
  <div class='ocr_page' id='page_1' title='image "./qhoratiusflaccu03baitgoog/qhoratiusflaccu03baitgoog_0747.png"; bbox 0 0 2925 4892; ppageno 0'>
   <div class='ocr_carea' id='block_1_1' title="bbox 540 413 1200 480">
    <p class='ocr_par' dir='ltr' id='par_1_1' title="bbox 540 413 1200 480">
     <span class='ocr_line' id='line_1_1' title="bbox 540 413 1200 480; baseline 0.008 -19"><span class='ocrx_word' id='word_1_1' title='bbox 540 413 763 464; x_wconf 74' lang='lat' dir='ltr'><strong>nusronrrca.</strong></span> <span class='ocrx_word' id='word_1_2' title='bbox 1138 415 1200 480; x_wconf 84' lang='lat'><strong>753</strong></span> 
     </span>
    </p>
   </div>
   <div class='ocr_carea' id='block_1_2' title="bbox 156 563 1199 775">
    <p class='ocr_par' dir='ltr' id='par_1_2' title="bbox 156 563 1199 775">
     <span class='ocr_line' id='line_1_2' title="bbox 156 563 867 653; baseline 0.001 -21"><span class='ocrx_word' id='word_1_3' title='bbox 156 567 305 653; x_wconf 78' lang='lat' dir='ltr'><strong>Turpiter</strong></span> <span class='ocrx_word' id='word_1_4' title='bbox 326 563 460 632; x_wconf 77' lang='lat' dir='ltr'>obticuit</span> <span class='ocrx_word' id='word_1_5' title='bbox 480 565 607 632; x_wconf 86' lang='lat' dir='ltr'><strong>sublato</strong></span> <span class='ocrx_word' id='word_1_6' title='bbox 629 567 699 634; x_wconf 88' lang='lat' dir='ltr'><strong>iure</strong></span> <span class='ocrx_word' id='word_1_7' title='bbox 721 568 867 635; x_wconf 85' lang='lat' dir='ltr'><strong>nocendi.</strong></span> 
     </span>
     <span class='ocr_line' id='line_1_3' title="bbox 156 678 1199 775; baseline 0.006 -23"><span class='ocrx_word' id='word_1_8' title='bbox 156 686 204 752; x_wconf 86' lang='lat' dir='ltr'><strong>Nil</strong></span> <span class='ocrx_word' id='word_1_9' title='bbox 228 678 415 752; x_wconf 77' lang='lat' dir='ltr'><strong>intentatum</strong></span> <span class='ocrx_word' id='word_1_10' title='bbox 438 689 538 752; x_wconf 78' lang='lat' dir='ltr'><strong>nostri</strong></span> <span class='ocrx_word' id='word_1_11' title='bbox 559 686 685 774; x_wconf 79' lang='lat' dir='ltr'><strong>liquere</strong></span> <span class='ocrx_word' id='word_1_12' title='bbox 707 697 838 775; x_wconf 69' lang='lat' dir='ltr'><strong>metae.</strong></span> <span class='ocrx_word' id='word_1_13' title='bbox 1137 697 1199 760; x_wconf 74' lang='lat'><strong>285</strong></span> 
     </span>
    </p>
   </div>
   <div class='ocr_carea' id='block_1_3' title="bbox 154 807 1024 1139">
    <p class='ocr_par' dir='ltr' id='par_1_3' title="bbox 154 807 1024 1139">
     <span class='ocr_line' id='line_1_4' title="bbox 154 807 1024 896; baseline 0.005 -22"><span class='ocrx_word' id='word_1_14' title='bbox 154 809 222 875; x_wconf 89' lang='lat' dir='ltr'><strong>Nec</strong></span> <span class='ocrx_word' id='word_1_15' title='bbox 243 807 409 873; x_wconf 91' lang='lat' dir='ltr'><strong>minimum</strong></span> <span class='ocrx_word' id='word_1_16' title='bbox 430 827 581 874; x_wconf 88' lang='lat' dir='ltr'><strong>meruere</strong></span> <span class='ocrx_word' id='word_1_17' title='bbox 603 807 719 886; x_wconf 86' lang='lat' dir='ltr'><strong>decus,</strong></span> <span class='ocrx_word' id='word_1_18' title='bbox 743 810 878 896; x_wconf 83' lang='lat' dir='ltr'><strong>vestigia</strong></span> <span class='ocrx_word' id='word_1_19' title='bbox 900 809 1024 878; x_wconf 85' lang='lat' dir='ltr'><strong>Graeca</strong></span> 
     </span>
     <span class='ocr_line' id='line_1_5' title="bbox 156 927 974 1009; baseline 0.005 -15"><span class='ocrx_word' id='word_1_20' title='bbox 156 929 233 994; x_wconf 83' lang='lat' dir='ltr'><strong>Ausi</strong></span> <span class='ocrx_word' id='word_1_21' title='bbox 255 929 410 996; x_wconf 90' lang='lat' dir='ltr'><strong>deserere</strong></span> <span class='ocrx_word' id='word_1_22' title='bbox 432 939 465 996; x_wconf 90' lang='lat' dir='ltr'><strong>et</strong></span> <span class='ocrx_word' id='word_1_23' title='bbox 485 927 654 996; x_wconf 88' lang='lat' dir='ltr'><strong>celebrare</strong></span> <span class='ocrx_word' id='word_1_24' title='bbox 675 928 853 997; x_wconf 85' lang='lat' dir='ltr'><strong>domestica</strong></span> <span class='ocrx_word' id='word_1_25' title='bbox 877 930 974 1009; x_wconf 87' lang='lat' dir='ltr'><strong>iacta,</strong></span> 
     </span>
     <span class='ocr_line' id='line_1_6' title="bbox 157 1047 967 1139; baseline 0.001 -25"><span class='ocrx_word' id='word_1_26' title='bbox 157 1048 213 1116; x_wconf 85' lang='lat' dir='ltr'><strong>Vel</strong></span> <span class='ocrx_word' id='word_1_27' title='bbox 235 1049 292 1137; x_wconf 87' lang='lat' dir='ltr'><strong>qui</strong></span> <span class='ocrx_word' id='word_1_28' title='bbox 313 1059 497 1136; x_wconf 84' lang='lat' dir='ltr'><strong>praetextas</strong></span> <span class='ocrx_word' id='word_1_29' title='bbox 517 1047 578 1116; x_wconf 87' lang='lat' dir='ltr'><strong>val</strong></span> <span class='ocrx_word' id='word_1_30' title='bbox 591 1050 647 1136; x_wconf 88' lang='lat' dir='ltr'><strong>qui</strong></span> <span class='ocrx_word' id='word_1_31' title='bbox 670 1049 814 1118; x_wconf 81' lang='lat' dir='ltr'><strong>docuere</strong></span> <span class='ocrx_word' id='word_1_32' title='bbox 836 1060 967 1139; x_wconf 84' lang='lat' dir='ltr'><strong>togatas.</strong></span> 
     </span>
    </p>
   </div>
   <div class='ocr_carea' id='block_1_4' title="bbox 148 1255 1164 1326">
    <p class='ocr_par' dir='ltr' id='par_1_4' title="bbox 148 1255 1164 1326">
     <span class='ocr_line' id='line_1_7' title="bbox 148 1255 1164 1326; baseline 0.008 -20"><span class='ocrx_word' id='word_1_33' title='bbox 148 1256 249 1306; x_wconf 82' lang='lat' dir='ltr'><strong>omitto</strong></span> <span class='ocrx_word' id='word_1_34' title='bbox 263 1255 336 1304; x_wconf 87' lang='lat' dir='ltr'><strong>huno</strong></span> <span class='ocrx_word' id='word_1_35' title='bbox 351 1269 377 1303; x_wconf 87' lang='lat' dir='ltr'><strong>v.</strong></span> <span class='ocrx_word' id='word_1_36' title='bbox 396 1255 424 1304; x_wconf 83' lang='grc' dir='ltr'><strong>Β.</strong></span> <span class='ocrx_word' id='word_1_37' title='bbox 446 1279 473 1292; x_wconf 88' lang='lat'>-</span> <span class='ocrx_word' id='word_1_38' title='bbox 491 1257 549 1306; x_wconf 72' lang='grc'><strong>484.</strong></span> <span class='ocrx_word' id='word_1_39' title='bbox 567 1257 741 1318; x_wconf 81' lang='lat' dir='ltr'><strong>irrternptotnm</strong></span> <span class='ocrx_word' id='word_1_40' title='bbox 757 1256 877 1307; x_wconf 82' lang='lat' dir='ltr'><strong>iibSTcd.</strong></span> <span class='ocrx_word' id='word_1_41' title='bbox 903 1285 929 1294; x_wconf 77' lang='lat'>-</span> <span class='ocrx_word' id='word_1_42' title='bbox 954 1259 1011 1311; x_wconf 74' lang='grc'><strong>4844.</strong></span> <span class='ocrx_word' id='word_1_43' title='bbox 1030 1263 1121 1326; x_wconf 75' lang='lat' dir='ltr'><strong>tnqntts</strong></span> <span class='ocrx_word' id='word_1_44' title='bbox 1136 1265 1164 1314; x_wconf 86' lang='lat' dir='ltr'><strong>B.</strong></span> 
     </span>
    </p>
   </div>
   <div class='ocr_carea' id='block_1_5' title="bbox 113 1437 1211 4321">
    <p class='ocr_par' dir='ltr' id='par_1_5' title="bbox 113 1437 1203 2468">
     <span class='ocr_line' id='line_1_8' title="bbox 114 1437 1198 1512; baseline 0.006 -18"><span class='ocrx_word' id='word_1_45' title='bbox 114 1443 148 1494; x_wconf 83' lang='grc' dir='ltr'><strong>ἐν</strong></span> <span class='ocrx_word' id='word_1_46' title='bbox 163 1441 195 1493; x_wconf 74' lang='grc' dir='ltr'><strong>δὲ</strong></span> <span class='ocrx_word' id='word_1_47' title='bbox 212 1438 251 1508; x_wconf 82' lang='grc' dir='ltr'><strong>τῷ</strong></span> <span class='ocrx_word' id='word_1_48' title='bbox 267 1439 380 1512; x_wconf 75' lang='grc' dir='ltr'><strong><em>θεάτρῳ</em></strong></span> <span class='ocrx_word' id='word_1_49' title='bbox 397 1445 458 1503; x_wconf 83' lang='grc' dir='ltr'><strong><em>τοῖς</em></strong></span> <span class='ocrx_word' id='word_1_50' title='bbox 474 1437 641 1508; x_wconf 76' lang='grc' dir='ltr'><strong><em>κωμῳδοδι-</em></strong></span> <span class='ocrx_word' id='word_1_51' title='bbox 677 1437 837 1511; x_wconf 81' lang='grc' dir='ltr'><strong><em>ραβάσεσιν</em></strong></span> <span class='ocrx_word' id='word_1_52' title='bbox 854 1443 924 1493; x_wconf 88' lang='lat' dir='ltr'><strong>edita</strong></span> <span class='ocrx_word' id='word_1_53' title='bbox 942 1449 991 1497; x_wconf 89' lang='lat' dir='ltr'><strong>ast.</strong></span> <span class='ocrx_word' id='word_1_54' title='bbox 1019 1448 1138 1499; x_wconf 81' lang='lat' dir='ltr'><strong>ileiueke</strong></span> <span class='ocrx_word' id='word_1_55' title='bbox 1151 1452 1198 1510; x_wconf 79' lang='lat' dir='ltr'><strong>Qu.</strong></span> 
     </span>
     <span class='ocr_line' id='line_1_9' title="bbox 114 1513 1199 1580; baseline 0.007 -13"><span class='ocrx_word' id='word_1_56' title='bbox 114 1513 282 1578; x_wconf 76' lang='grc' dir='ltr'><strong><em>ὄασκάλοις.</em></strong></span> <span class='ocrx_word' id='word_1_57' title='bbox 301 1517 356 1566; x_wconf 87' lang='lat' dir='ltr'><strong>Cic.</strong></span> <span class='ocrx_word' id='word_1_58' title='bbox 371 1516 481 1579; x_wconf 83' lang='lat' dir='ltr'><strong>deiiep.</strong></span> <span class='ocrx_word' id='word_1_59' title='bbox 494 1515 523 1576; x_wconf 83' lang='lat' dir='ltr'><strong>i,</strong></span> <span class='ocrx_word' id='word_1_60' title='bbox 538 1517 578 1575; x_wconf 82' lang='grc'><strong>444,</strong></span> <span class='ocrx_word' id='word_1_61' title='bbox 593 1516 638 1566; x_wconf 79' lang='lat'><strong>33:</strong></span> <span class='ocrx_word' id='word_1_62' title='bbox 677 1516 754 1566; x_wconf 81' lang='lat' dir='ltr'><strong>Secu.</strong></span> <span class='ocrx_word' id='word_1_63' title='bbox 773 1517 796 1565; x_wconf 89' lang='grc'><strong>4.</strong></span> <span class='ocrx_word' id='word_1_64' title='bbox 818 1531 845 1580; x_wconf 88' lang='lat' dir='ltr'><strong>p.</strong></span> <span class='ocrx_word' id='word_1_65' title='bbox 863 1517 903 1566; x_wconf 84' lang='grc'><strong>344.</strong></span> <span class='ocrx_word' id='word_1_66' title='bbox 926 1518 1013 1570; x_wconf 88' lang='lat' dir='ltr'><strong>Schol.</strong></span> <span class='ocrx_word' id='word_1_67' title='bbox 1034 1523 1112 1572; x_wconf 81' lang='lat' dir='ltr'><strong>Arist.</strong></span> <span class='ocrx_word' id='word_1_68' title='bbox 1135 1525 1199 1575; x_wconf 81' lang='lat' dir='ltr'><strong>Rau.</strong></span> 
     </span>
     <span class='ocr_line' id='line_1_10' title="bbox 114 1587 1201 1655; baseline 0.006 -15"><span class='ocrx_word' id='word_1_69' title='bbox 114 1594 187 1655; x_wconf 82' lang='lat' dir='ltr'><strong>apud</strong></span> <span class='ocrx_word' id='word_1_70' title='bbox 201 1605 264 1654; x_wconf 80' lang='lat' dir='ltr'><strong>qrroe</strong></span> <span class='ocrx_word' id='word_1_71' title='bbox 279 1591 400 1654; x_wconf 74' lang='lat' dir='ltr'><strong>(Graecos</strong></span> <span class='ocrx_word' id='word_1_72' title='bbox 413 1591 575 1653; x_wconf 72' lang='lat' dir='ltr'><strong>antiquiores)</strong></span> <span class='ocrx_word' id='word_1_73' title='bbox 593 1590 643 1653; x_wconf 69' lang='lat' dir='ltr'><strong>tuit</strong></span> <span class='ocrx_word' id='word_1_74' title='bbox 676 1587 743 1639; x_wconf 80' lang='lat' dir='ltr'><strong>toi:</strong></span> <span class='ocrx_word' id='word_1_75' title='bbox 770 1588 816 1639; x_wconf 78' lang='grc' dir='ltr'><strong>ἐπὶ</strong></span> <span class='ocrx_word' id='word_1_76' title='bbox 833 1587 904 1655; x_wconf 81' lang='grc' dir='ltr'><strong><em>γοῦν</em></strong></span> <span class='ocrx_word' id='word_1_77' title='bbox 919 1589 972 1642; x_wconf 81' lang='grc' dir='ltr'><strong>τοῦ</strong></span> <span class='ocrx_word' id='word_1_78' title='bbox 989 1593 1115 1646; x_wconf 78' lang='grc' dir='ltr'><strong><em>Καλλίου</em></strong></span> <span class='ocrx_word' id='word_1_79' title='bbox 1132 1594 1201 1648; x_wconf 76' lang='grc' dir='ltr'><strong><em>νού-</em></strong></span> 
     </span>
     <span class='ocr_line' id='line_1_11' title="bbox 115 1662 1202 1737; baseline 0.006 -23"><span class='ocrx_word' id='word_1_80' title='bbox 115 1663 643 1728; x_wconf 78' lang='lat' dir='ltr'><strong>etinmteqeeoneeennn,utqnodnetiet</strong></span> <span class='ocrx_word' id='word_1_81' title='bbox 676 1675 730 1712; x_wconf 81' lang='grc' dir='ltr'><strong>τον</strong></span> <span class='ocrx_word' id='word_1_82' title='bbox 748 1662 794 1724; x_wconf 85' lang='lat' dir='ltr'><strong>(Ol.</strong></span> <span class='ocrx_word' id='word_1_83' title='bbox 808 1664 848 1723; x_wconf 85' lang='grc'><strong>93,</strong></span> <span class='ocrx_word' id='word_1_84' title='bbox 863 1665 884 1714; x_wconf 85' lang='grc'><strong>3.</strong></span> <span class='ocrx_word' id='word_1_85' title='bbox 905 1671 966 1716; x_wconf 90' lang='lat' dir='ltr'><strong>ante</strong></span> <span class='ocrx_word' id='word_1_86' title='bbox 983 1668 1044 1718; x_wconf 88' lang='lat' dir='ltr'><strong>Chr.</strong></span> <span class='ocrx_word' id='word_1_87' title='bbox 1057 1669 1124 1734; x_wconf 79' lang='grc'><strong>4445.)</strong></span> <span class='ocrx_word' id='word_1_88' title='bbox 1143 1687 1202 1737; x_wconf 85' lang='grc' dir='ltr'><strong>φη-</strong></span> 
     </span>
     <span class='ocr_line' id='line_1_12' title="bbox 114 1730 1202 1810; baseline 0.005 -19"><span class='ocrx_word' id='word_1_89' title='bbox 114 1741 247 1792; x_wconf 83' lang='lat' dir='ltr'><strong>comoedia</strong></span> <span class='ocrx_word' id='word_1_90' title='bbox 262 1741 292 1788; x_wconf 86' lang='lat' dir='ltr'><strong>de</strong></span> <span class='ocrx_word' id='word_1_91' title='bbox 303 1751 352 1800; x_wconf 84' lang='lat' dir='ltr'><strong>quo</strong></span> <span class='ocrx_word' id='word_1_92' title='bbox 362 1738 432 1787; x_wconf 70' lang='lat' dir='ltr'><strong>cedet</strong></span> <span class='ocrx_word' id='word_1_93' title='bbox 444 1740 641 1801; x_wconf 70' lang='lat' dir='ltr'><strong>(praeterquam</strong></span> <span class='ocrx_word' id='word_1_94' title='bbox 678 1736 725 1784; x_wconf 77' lang='lat' dir='ltr'><strong>civ</strong></span> <span class='ocrx_word' id='word_1_95' title='bbox 740 1730 933 1806; x_wconf 77' lang='grc' dir='ltr'><strong><em>Ἀριστοτέλης</em></strong></span> <span class='ocrx_word' id='word_1_96' title='bbox 944 1733 991 1790; x_wconf 81' lang='grc' dir='ltr'><strong>ὅτι</strong></span> <span class='ocrx_word' id='word_1_97' title='bbox 1000 1738 1111 1793; x_wconf 79' lang='grc' dir='ltr'>σύνδυο</span> <span class='ocrx_word' id='word_1_98' title='bbox 1121 1739 1202 1810; x_wconf 60' lang='lat' dir='ltr'><strong>ionga</strong></span> 
     </span>
     <span class='ocr_line' id='line_1_13' title="bbox 115 1808 1202 1890; baseline 0.002 -24"><span class='ocrx_word' id='word_1_99' title='bbox 115 1815 307 1866; x_wconf 85' lang='lat' dir='ltr'><strong>dearchonte:</strong></span> <span class='ocrx_word' id='word_1_100' title='bbox 326 1809 558 1874; x_wconf 79' lang='lat' dir='ltr'><strong>Schol.Aristopii.</strong></span> <span class='ocrx_word' id='word_1_101' title='bbox 571 1810 639 1860; x_wconf 83' lang='lat' dir='ltr'><strong>Nub.</strong></span> <span class='ocrx_word' id='word_1_102' title='bbox 678 1815 814 1879; x_wconf 70' lang='grc' dir='ltr'><strong><em>χορηγεῖν</em></strong></span> <span class='ocrx_word' id='word_1_103' title='bbox 837 1808 874 1861; x_wconf 80' lang='grc' dir='ltr'><strong>τὰ</strong></span> <span class='ocrx_word' id='word_1_104' title='bbox 891 1811 1030 1864; x_wconf 78' lang='grc' dir='ltr'><strong><em>Διονύσια</em></strong></span> <span class='ocrx_word' id='word_1_105' title='bbox 1055 1821 1116 1880; x_wconf 82' lang='grc' dir='ltr'><em>τοῖς</em></span> <span class='ocrx_word' id='word_1_106' title='bbox 1131 1833 1202 1890; x_wconf 84' lang='grc' dir='ltr'><strong><em>τρα-</em></strong></span> 
     </span>
     <span class='ocr_line' id='line_1_14' title="bbox 115 1881 1201 1963; baseline -0.001 -23"><span class='ocrx_word' id='word_1_107' title='bbox 115 1891 146 1940; x_wconf 82' lang='grc'><strong>34</strong></span> <span class='ocrx_word' id='word_1_108' title='bbox 153 1890 169 1951; x_wconf 86' lang='lat'><strong>.)</strong></span> <span class='ocrx_word' id='word_1_109' title='bbox 195 1887 343 1937; x_wconf 66' lang='lat' dir='ltr'><strong>nnumin</strong></span> <span class='ocrx_word' id='word_1_110' title='bbox 365 1886 464 1935; x_wconf 63' lang='lat' dir='ltr'><strong>diem</strong></span> <span class='ocrx_word' id='word_1_111' title='bbox 498 1886 577 1946; x_wconf 82' lang='lat' dir='ltr'><strong>Ouetn</strong></span> <span class='ocrx_word' id='word_1_112' title='bbox 596 1885 642 1933; x_wconf 81' lang='lat' dir='ltr'><strong>ilio</strong></span> <span class='ocrx_word' id='word_1_113' title='bbox 677 1881 781 1948; x_wconf 73' lang='lat' dir='ltr'><strong>yqrdoiq</strong></span> <span class='ocrx_word' id='word_1_114' title='bbox 803 1887 851 1935; x_wconf 78' lang='grc' dir='ltr'><strong>καὶ</strong></span> <span class='ocrx_word' id='word_1_115' title='bbox 869 1887 1036 1954; x_wconf 80' lang='grc' dir='ltr'><strong><em>κωμῳδοῖς·</em></strong></span> <span class='ocrx_word' id='word_1_116' title='bbox 1063 1889 1159 1963; x_wconf 78' lang='grc' dir='ltr'><strong><em>χρόνῳ</em></strong></span> <span class='ocrx_word' id='word_1_117' title='bbox 1177 1893 1201 1945; x_wconf 79' lang='grc' dir='ltr'><strong>δ’</strong></span> 
     </span>
     <span class='ocr_line' id='line_1_15' title="bbox 113 1949 1202 2031; baseline 0.012 -25"><span class='ocrx_word' id='word_1_118' title='bbox 113 1961 279 2024; x_wconf 67' lang='lat' dir='ltr'><strong>mumqu,</strong></span> <span class='ocrx_word' id='word_1_119' title='bbox 296 1959 440 2020; x_wconf 78' lang='lat' dir='ltr'><strong>nelpotius,</strong></span> <span class='ocrx_word' id='word_1_120' title='bbox 458 1970 644 2018; x_wconf 78' lang='lat' dir='ltr'><strong>quennonoe·</strong></span> <span class='ocrx_word' id='word_1_121' title='bbox 678 1949 800 2028; x_wconf 78' lang='grc' dir='ltr'><strong><em>ὕστερον</em></strong></span> <span class='ocrx_word' id='word_1_122' title='bbox 825 1955 860 2011; x_wconf 78' lang='grc' dir='ltr'><strong>οὐ</strong></span> <span class='ocrx_word' id='word_1_123' title='bbox 884 1961 979 2030; x_wconf 79' lang='grc' dir='ltr'><em>πολλῷ</em></span> <span class='ocrx_word' id='word_1_124' title='bbox 999 1964 1135 2031; x_wconf 74' lang='grc' dir='ltr'><strong><em>καθάπαξ</em></strong></span> <span class='ocrx_word' id='word_1_125' title='bbox 1152 1983 1202 2018; x_wconf 86' lang='lat' dir='ltr'><strong>rra-</strong></span> 
     </span>
     <span class='ocr_line' id='line_1_16' title="bbox 113 2031 1200 2111; baseline 0.005 -27"><span class='ocrx_word' id='word_1_126' title='bbox 113 2035 210 2089; x_wconf 67' lang='lat' dir='ltr'><strong>aeneit?</strong></span> <span class='ocrx_word' id='word_1_127' title='bbox 225 2035 267 2084; x_wconf 84' lang='lat' dir='ltr'><strong>cui</strong></span> <span class='ocrx_word' id='word_1_128' title='bbox 274 2032 408 2095; x_wconf 82' lang='lat' dir='ltr'><strong>pepercit?</strong></span> <span class='ocrx_word' id='word_1_129' title='bbox 420 2059 448 2069; x_wconf 89' lang='lat'><em>-</em></span> <span class='ocrx_word' id='word_1_130' title='bbox 460 2033 520 2097; x_wconf 87' lang='lat' dir='ltr'><strong>nim]</strong></span> <span class='ocrx_word' id='word_1_131' title='bbox 533 2047 565 2083; x_wconf 88' lang='lat' dir='ltr'><strong>ea</strong></span> <span class='ocrx_word' id='word_1_132' title='bbox 577 2045 643 2097; x_wconf 92' lang='lat' dir='ltr'><strong>pro-</strong></span> <span class='ocrx_word' id='word_1_133' title='bbox 678 2031 764 2101; x_wconf 71' lang='lat' dir='ltr'><strong>pratis</strong></span> <span class='ocrx_word' id='word_1_134' title='bbox 776 2033 915 2100; x_wconf 80' lang='grc' dir='ltr'><strong><em>Κινησίας</em></strong></span> <span class='ocrx_word' id='word_1_135' title='bbox 932 2035 983 2100; x_wconf 85' lang='grc' dir='ltr'><strong>τὰς</strong></span> <span class='ocrx_word' id='word_1_136' title='bbox 994 2044 1143 2111; x_wconf 74' lang='grc' dir='ltr'><strong><em>χορηγίας.</em></strong></span> <span class='ocrx_word' id='word_1_137' title='bbox 1162 2043 1200 2094; x_wconf 82' lang='lat' dir='ltr'><strong>ct.</strong></span> 
     </span>
     <span class='ocr_line' id='line_1_17' title="bbox 114 2107 1203 2180; baseline 0.006 -19"><span class='ocrx_word' id='word_1_138' title='bbox 114 2125 152 2176; x_wconf 86' lang='lat' dir='ltr'><strong>po</strong></span> <span class='ocrx_word' id='word_1_139' title='bbox 168 2107 372 2172; x_wconf 77' lang='lat' dir='ltr'><strong>significatione,</strong></span> <span class='ocrx_word' id='word_1_140' title='bbox 391 2119 443 2169; x_wconf 88' lang='lat' dir='ltr'><strong>qua</strong></span> <span class='ocrx_word' id='word_1_141' title='bbox 458 2109 569 2156; x_wconf 88' lang='lat' dir='ltr'><strong>utuntur</strong></span> <span class='ocrx_word' id='word_1_142' title='bbox 579 2107 640 2166; x_wconf 78' lang='lat' dir='ltr'><strong>icti,</strong></span> <span class='ocrx_word' id='word_1_143' title='bbox 679 2107 811 2158; x_wconf 79' lang='lat' dir='ltr'><strong>Fritzsclre</strong></span> <span class='ocrx_word' id='word_1_144' title='bbox 824 2112 854 2170; x_wconf 89' lang='lat' dir='ltr'><strong>Q.</strong></span> <span class='ocrx_word' id='word_1_145' title='bbox 868 2115 897 2160; x_wconf 80' lang='grc' dir='ltr'><strong>Α.</strong></span> <span class='ocrx_word' id='word_1_146' title='bbox 911 2125 937 2176; x_wconf 89' lang='lat' dir='ltr'><strong>p.</strong></span> <span class='ocrx_word' id='word_1_147' title='bbox 951 2113 1008 2162; x_wconf 77' lang='lat' dir='ltr'><strong>eoi.</strong></span> <span class='ocrx_word' id='word_1_148' title='bbox 1027 2114 1108 2166; x_wconf 90' lang='lat' dir='ltr'><strong>Simul</strong></span> <span class='ocrx_word' id='word_1_149' title='bbox 1120 2119 1203 2180; x_wconf 89' lang='lat' dir='ltr'><strong>signi-</strong></span> 
     </span>
     <span class='ocr_line' id='line_1_18' title="bbox 114 2181 1203 2250; baseline 0.006 -15"><span class='ocrx_word' id='word_1_150' title='bbox 114 2184 321 2250; x_wconf 78' lang='lat' dir='ltr'><strong>qewutttorne</strong></span> <span class='ocrx_word' id='word_1_151' title='bbox 344 2181 529 2244; x_wconf 79' lang='lat' dir='ltr'><strong>Vertetzunq</strong></span> <span class='ocrx_word' id='word_1_152' title='bbox 549 2184 642 2231; x_wconf 87' lang='lat' dir='ltr'><strong>onde-</strong></span> <span class='ocrx_word' id='word_1_153' title='bbox 678 2182 742 2231; x_wconf 72' lang='lat' dir='ltr'><strong>litut</strong></span> <span class='ocrx_word' id='word_1_154' title='bbox 766 2185 905 2236; x_wconf 75' lang='lat' dir='ltr'><strong>transitum</strong></span> <span class='ocrx_word' id='word_1_155' title='bbox 927 2189 1030 2250; x_wconf 84' lang='lat' dir='ltr'><strong>priseae</strong></span> <span class='ocrx_word' id='word_1_156' title='bbox 1048 2192 1203 2242; x_wconf 86' lang='lat' dir='ltr'><strong>comoediae</strong></span> 
     </span>
     <span class='ocr_line' id='line_1_19' title="bbox 114 2257 1201 2320; baseline 0.007 -12"><span class='ocrx_word' id='word_1_157' title='bbox 114 2273 185 2318; x_wconf 84' lang='lat' dir='ltr'><strong>rer,</strong></span> <span class='ocrx_word' id='word_1_158' title='bbox 203 2270 273 2320; x_wconf 87' lang='lat' dir='ltr'><strong>quae</strong></span> <span class='ocrx_word' id='word_1_159' title='bbox 289 2269 343 2305; x_wconf 90' lang='lat' dir='ltr'><strong>uon</strong></span> <span class='ocrx_word' id='word_1_160' title='bbox 361 2268 441 2306; x_wconf 85' lang='lat' dir='ltr'><strong>secus</strong></span> <span class='ocrx_word' id='word_1_161' title='bbox 457 2268 489 2306; x_wconf 84' lang='lat' dir='ltr'><strong>ac</strong></span> <span class='ocrx_word' id='word_1_162' title='bbox 508 2257 547 2305; x_wconf 79' lang='lat' dir='ltr'><strong>nir</strong></span> <span class='ocrx_word' id='word_1_163' title='bbox 561 2257 643 2306; x_wconf 79' lang='lat' dir='ltr'><strong>iorni·</strong></span> <span class='ocrx_word' id='word_1_164' title='bbox 678 2269 728 2320; x_wconf 86' lang='lat' dir='ltr'><strong>per</strong></span> <span class='ocrx_word' id='word_1_165' title='bbox 744 2258 860 2309; x_wconf 84' lang='lat' dir='ltr'><strong>mediam</strong></span> <span class='ocrx_word' id='word_1_166' title='bbox 879 2261 904 2310; x_wconf 92' lang='lat' dir='ltr'><strong>iu</strong></span> <span class='ocrx_word' id='word_1_167' title='bbox 916 2275 1012 2313; x_wconf 85' lang='lat' dir='ltr'><strong>novum</strong></span> <span class='ocrx_word' id='word_1_168' title='bbox 1027 2265 1089 2314; x_wconf 89' lang='lat' dir='ltr'><strong>inde</strong></span> <span class='ocrx_word' id='word_1_169' title='bbox 1100 2278 1115 2314; x_wconf 88' lang='lat' dir='ltr'><strong>a</strong></span> <span class='ocrx_word' id='word_1_170' title='bbox 1126 2265 1201 2316; x_wconf 81' lang='lat' dir='ltr'><strong>XXX.</strong></span> 
     </span>
     <span class='ocr_line' id='line_1_20' title="bbox 115 2329 1201 2401; baseline 0.009 -22"><span class='ocrx_word' id='word_1_171' title='bbox 115 2331 489 2384; x_wconf 76' lang='lat' dir='ltr'><strong>monecmntieconetisuecini</strong></span> <span class='ocrx_word' id='word_1_172' title='bbox 498 2331 572 2380; x_wconf 69' lang='lat' dir='ltr'><strong>dtnto</strong></span> <span class='ocrx_word' id='word_1_173' title='bbox 582 2329 641 2394; x_wconf 89' lang='lat' dir='ltr'><strong>iege</strong></span> <span class='ocrx_word' id='word_1_174' title='bbox 678 2332 853 2393; x_wconf 80' lang='lat' dir='ltr'><strong>tyrannorum</strong></span> <span class='ocrx_word' id='word_1_175' title='bbox 866 2334 1044 2388; x_wconf 82' lang='lat' dir='ltr'><strong>dominatione</strong></span> <span class='ocrx_word' id='word_1_176' title='bbox 1057 2341 1127 2401; x_wconf 81' lang='lat' dir='ltr'><strong>(ante</strong></span> <span class='ocrx_word' id='word_1_177' title='bbox 1139 2339 1201 2389; x_wconf 81' lang='lat' dir='ltr'><strong>Chr.</strong></span> 
     </span>
     <span class='ocr_line' id='line_1_21' title="bbox 115 2403 826 2468; baseline -0.004 -10"><span class='ocrx_word' id='word_1_178' title='bbox 115 2407 238 2459; x_wconf 77' lang='lat' dir='ltr'><strong>coerceri</strong></span> <span class='ocrx_word' id='word_1_179' title='bbox 254 2404 381 2455; x_wconf 83' lang='lat' dir='ltr'><strong>debebat.</strong></span> <span class='ocrx_word' id='word_1_180' title='bbox 404 2411 443 2454; x_wconf 82' lang='lat' dir='ltr'><strong>Ac</strong></span> <span class='ocrx_word' id='word_1_181' title='bbox 454 2417 483 2453; x_wconf 88' lang='lat' dir='ltr'><strong>re</strong></span> <span class='ocrx_word' id='word_1_182' title='bbox 494 2418 558 2454; x_wconf 85' lang='lat' dir='ltr'><strong>vera</strong></span> <span class='ocrx_word' id='word_1_183' title='bbox 570 2407 643 2455; x_wconf 89' lang='lat' dir='ltr'><strong>eius-</strong></span> <span class='ocrx_word' id='word_1_184' title='bbox 679 2403 758 2468; x_wconf 74' lang='lat' dir='ltr'><strong>idi.).</strong></span> <span class='ocrx_word' id='word_1_185' title='bbox 818 2407 826 2425; x_wconf 78' lang='lat'><em>⁶</em></span> 
     </span>
    </p>

    <p class='ocr_par' dir='ltr' id='par_1_6' title="bbox 115 2477 1211 4321">
     <span class='ocr_line' id='line_1_22' title="bbox 115 2477 1202 2549; baseline 0.003 -16"><span class='ocrx_word' id='word_1_186' title='bbox 115 2481 191 2533; x_wconf 91' lang='lat' dir='ltr'><strong>modi</strong></span> <span class='ocrx_word' id='word_1_187' title='bbox 208 2482 391 2544; x_wconf 74' lang='grc' dir='ltr'><strong><em>ψηφίσματα</em></strong></span> <span class='ocrx_word' id='word_1_188' title='bbox 404 2477 457 2528; x_wconf 85' lang='lat' dir='ltr'><strong>lata</strong></span> <span class='ocrx_word' id='word_1_189' title='bbox 468 2478 576 2529; x_wconf 86' lang='lat' dir='ltr'><strong>suntab</strong></span> <span class='ocrx_word' id='word_1_190' title='bbox 587 2484 643 2528; x_wconf 81' lang='lat' dir='ltr'><strong>Au·</strong></span> <span class='ocrx_word' id='word_1_191' title='bbox 711 2480 833 2531; x_wconf 71' lang='lat' dir='ltr'><strong>tae-288.</strong></span> <span class='ocrx_word' id='word_1_192' title='bbox 847 2482 972 2533; x_wconf 72' lang='lat' dir='ltr'><strong>cekbrure</strong></span> <span class='ocrx_word' id='word_1_193' title='bbox 982 2486 1116 2536; x_wconf 68' lang='lat' dir='ltr'><strong>donnationi</strong></span> <span class='ocrx_word' id='word_1_194' title='bbox 1123 2488 1202 2549; x_wconf 77' lang='lat' dir='ltr'><strong>sueto]</strong></span> 
     </span>
     <span class='ocr_line' id='line_1_23' title="bbox 116 2553 1205 2616; baseline 0.005 -11"><span class='ocrx_word' id='word_1_195' title='bbox 116 2555 235 2606; x_wconf 86' lang='lat' dir='ltr'><strong>timacho</strong></span> <span class='ocrx_word' id='word_1_196' title='bbox 253 2557 281 2602; x_wconf 90' lang='lat' dir='ltr'><strong>et</strong></span> <span class='ocrx_word' id='word_1_197' title='bbox 295 2554 451 2616; x_wconf 77' lang='lat' dir='ltr'><strong>Syracosi03</strong></span> <span class='ocrx_word' id='word_1_198' title='bbox 470 2565 584 2614; x_wconf 90' lang='lat' dir='ltr'><strong>quorum</strong></span> <span class='ocrx_word' id='word_1_199' title='bbox 601 2556 643 2602; x_wconf 84' lang='lat' dir='ltr'><strong>ta·</strong></span> <span class='ocrx_word' id='word_1_200' title='bbox 679 2553 1017 2608; x_wconf 75' lang='lat' dir='ltr'><strong>Nosthzionatstncite</strong></span> <span class='ocrx_word' id='word_1_201' title='bbox 1028 2559 1159 2610; x_wconf 81' lang='lat' dir='ltr'><strong>dieiten.</strong></span> <span class='ocrx_word' id='word_1_202' title='bbox 1173 2561 1205 2610; x_wconf 87' lang='lat' dir='ltr'><strong>Et</strong></span> 
     </span>
     <span class='ocr_line' id='line_1_24' title="bbox 115 2626 1205 2692; baseline 0.001 -10"><span class='ocrx_word' id='word_1_203' title='bbox 115 2643 180 2682; x_wconf 86' lang='lat' dir='ltr'><strong>men</strong></span> <span class='ocrx_word' id='word_1_204' title='bbox 198 2633 306 2692; x_wconf 84' lang='lat' dir='ltr'><strong>tempus</strong></span> <span class='ocrx_word' id='word_1_205' title='bbox 322 2628 455 2677; x_wconf 90' lang='lat' dir='ltr'><strong>incertum</strong></span> <span class='ocrx_word' id='word_1_206' title='bbox 472 2629 527 2677; x_wconf 88' lang='lat' dir='ltr'><strong>est:</strong></span> <span class='ocrx_word' id='word_1_207' title='bbox 544 2628 643 2678; x_wconf 85' lang='lat' dir='ltr'><strong>fluctu·</strong></span> <span class='ocrx_word' id='word_1_208' title='bbox 679 2626 789 2689; x_wconf 89' lang='lat' dir='ltr'><strong>quidem</strong></span> <span class='ocrx_word' id='word_1_209' title='bbox 806 2631 898 2691; x_wconf 80' lang='lat' dir='ltr'><strong>tragici</strong></span> <span class='ocrx_word' id='word_1_210' title='bbox 914 2631 996 2681; x_wconf 87' lang='lat' dir='ltr'><strong>Latini</strong></span> <span class='ocrx_word' id='word_1_211' title='bbox 1011 2631 1156 2682; x_wconf 79' lang='lat' dir='ltr'><strong>admodum</strong></span> <span class='ocrx_word' id='word_1_212' title='bbox 1168 2633 1205 2683; x_wconf 85' lang='lat' dir='ltr'><strong>ie-</strong></span> 
     </span>
     <span class='ocr_line' id='line_1_25' title="bbox 116 2699 1206 2768; baseline 0 -12"><span class='ocrx_word' id='word_1_213' title='bbox 116 2710 165 2756; x_wconf 90' lang='lat' dir='ltr'><strong>ant</strong></span> <span class='ocrx_word' id='word_1_214' title='bbox 184 2704 258 2754; x_wconf 85' lang='lat' dir='ltr'><strong>enim</strong></span> <span class='ocrx_word' id='word_1_215' title='bbox 278 2699 432 2763; x_wconf 80' lang='lat' dir='ltr'><strong>chronologi</strong></span> <span class='ocrx_word' id='word_1_216' title='bbox 452 2701 521 2750; x_wconf 85' lang='lat' dir='ltr'><strong>iuter</strong></span> <span class='ocrx_word' id='word_1_217' title='bbox 537 2699 640 2764; x_wconf 74' lang='lat' dir='ltr'><strong>Olymp.</strong></span> <span class='ocrx_word' id='word_1_218' title='bbox 679 2699 764 2751; x_wconf 88' lang='lat' dir='ltr'><strong>liciter</strong></span> <span class='ocrx_word' id='word_1_219' title='bbox 786 2703 902 2751; x_wconf 86' lang='lat' dir='ltr'><strong>Romana</strong></span> <span class='ocrx_word' id='word_1_220' title='bbox 925 2707 1080 2765; x_wconf 86' lang='lat' dir='ltr'><strong>argumenta</strong></span> <span class='ocrx_word' id='word_1_221' title='bbox 1103 2708 1206 2768; x_wconf 83' lang='lat' dir='ltr'><strong>tragoe-</strong></span> 
     </span>
     <span class='ocr_line' id='line_1_26' title="bbox 115 2773 1206 2840; baseline 0 -10"><span class='ocrx_word' id='word_1_222' title='bbox 115 2781 164 2839; x_wconf 83' lang='grc'><strong>944,</strong></span> <span class='ocrx_word' id='word_1_223' title='bbox 177 2778 205 2827; x_wconf 86' lang='grc'><strong>4.</strong></span> <span class='ocrx_word' id='word_1_224' title='bbox 218 2779 246 2826; x_wconf 89' lang='lat' dir='ltr'><strong>et</strong></span> <span class='ocrx_word' id='word_1_225' title='bbox 256 2774 294 2825; x_wconf 89' lang='grc'><strong>04.</strong></span> <span class='ocrx_word' id='word_1_226' title='bbox 307 2773 354 2836; x_wconf 84' lang='grc'><strong>94,</strong></span> <span class='ocrx_word' id='word_1_227' title='bbox 373 2776 397 2824; x_wconf 89' lang='grc'><strong>4.</strong></span> <span class='ocrx_word' id='word_1_228' title='bbox 416 2774 486 2836; x_wconf 83' lang='lat' dir='ltr'><strong>(suta</strong></span> <span class='ocrx_word' id='word_1_229' title='bbox 504 2775 566 2824; x_wconf 82' lang='lat' dir='ltr'><strong>Cirr.</strong></span> <span class='ocrx_word' id='word_1_230' title='bbox 579 2774 643 2825; x_wconf 76' lang='lat' dir='ltr'><strong>tti—</strong></span> <span class='ocrx_word' id='word_1_231' title='bbox 680 2775 739 2824; x_wconf 87' lang='lat' dir='ltr'><strong>diae</strong></span> <span class='ocrx_word' id='word_1_232' title='bbox 752 2775 847 2825; x_wconf 85' lang='lat' dir='ltr'><strong>idonea</strong></span> <span class='ocrx_word' id='word_1_233' title='bbox 859 2775 1029 2840; x_wconf 86' lang='lat' dir='ltr'><strong>delegerunt,</strong></span> <span class='ocrx_word' id='word_1_234' title='bbox 1048 2778 1129 2829; x_wconf 87' lang='lat' dir='ltr'><strong>veluti</strong></span> <span class='ocrx_word' id='word_1_235' title='bbox 1141 2781 1206 2830; x_wconf 88' lang='lat' dir='ltr'><strong>Bru-</strong></span> 
     </span>
     <span class='ocr_line' id='line_1_27' title="bbox 115 2848 1202 2915; baseline -0.002 -10"><span class='ocrx_word' id='word_1_236' title='bbox 115 2852 187 2915; x_wconf 83' lang='lat' dir='ltr'><strong>tot.)</strong></span> <span class='ocrx_word' id='word_1_237' title='bbox 207 2852 246 2903; x_wconf 87' lang='lat' dir='ltr'><strong>Cl.</strong></span> <span class='ocrx_word' id='word_1_238' title='bbox 259 2850 294 2902; x_wconf 88' lang='lat' dir='ltr'><strong>de</strong></span> <span class='ocrx_word' id='word_1_239' title='bbox 306 2848 405 2899; x_wconf 85' lang='lat' dir='ltr'><strong>diiiicili</strong></span> <span class='ocrx_word' id='word_1_240' title='bbox 421 2849 472 2898; x_wconf 85' lang='lat' dir='ltr'><strong>hnc</strong></span> <span class='ocrx_word' id='word_1_241' title='bbox 486 2849 643 2911; x_wconf 81' lang='lat' dir='ltr'><strong>quaestione</strong></span> <span class='ocrx_word' id='word_1_242' title='bbox 679 2853 736 2900; x_wconf 90' lang='lat' dir='ltr'><strong>tum</strong></span> <span class='ocrx_word' id='word_1_243' title='bbox 755 2853 782 2899; x_wconf 88' lang='lat' dir='ltr'><strong>et</strong></span> <span class='ocrx_word' id='word_1_244' title='bbox 799 2849 925 2911; x_wconf 82' lang='lat' dir='ltr'><strong>Decium,</strong></span> <span class='ocrx_word' id='word_1_245' title='bbox 949 2849 1020 2912; x_wconf 84' lang='lat' dir='ltr'><strong>aliis,</strong></span> <span class='ocrx_word' id='word_1_246' title='bbox 1044 2854 1074 2902; x_wconf 89' lang='lat' dir='ltr'><strong>ut</strong></span> <span class='ocrx_word' id='word_1_247' title='bbox 1089 2853 1202 2914; x_wconf 76' lang='lat' dir='ltr'><strong>videtur,</strong></span> 
     </span>
     <span class='ocr_line' id='line_1_28' title="bbox 116 2923 1205 2992; baseline 0.001 -15"><span class='ocrx_word' id='word_1_248' title='bbox 116 2926 301 2977; x_wconf 83' lang='lat' dir='ltr'><strong>ClintouFast.</strong></span> <span class='ocrx_word' id='word_1_249' title='bbox 314 2923 473 2987; x_wconf 73' lang='lat' dir='ltr'><strong>ripnvtli.</strong></span> <span class='ocrx_word' id='word_1_250' title='bbox 484 2923 642 2983; x_wconf 79' lang='lat' dir='ltr'><strong>ediimeg,</strong></span> <span class='ocrx_word' id='word_1_251' title='bbox 680 2925 761 2973; x_wconf 88' lang='lat' dir='ltr'><strong>etiam</strong></span> <span class='ocrx_word' id='word_1_252' title='bbox 778 2925 834 2973; x_wconf 91' lang='lat' dir='ltr'><strong>Ser.</strong></span> <span class='ocrx_word' id='word_1_253' title='bbox 848 2923 944 2985; x_wconf 84' lang='lat' dir='ltr'><strong>Tullio,</strong></span> <span class='ocrx_word' id='word_1_254' title='bbox 966 2927 1099 2988; x_wconf 85' lang='lat' dir='ltr'><strong>Lucretia,</strong></span> <span class='ocrx_word' id='word_1_255' title='bbox 1119 2929 1205 2992; x_wconf 86' lang='lat' dir='ltr'><strong>Virgi-</strong></span> 
     </span>
     <span class='ocr_line' id='line_1_29' title="bbox 116 2997 1204 3066; baseline 0.004 -15"><span class='ocrx_word' id='word_1_256' title='bbox 116 2997 641 3060; x_wconf 73' lang='lat' dir='ltr'><strong>Fritzaehaetliergkouaestt.aristoph.</strong></span> <span class='ocrx_word' id='word_1_257' title='bbox 680 2999 722 3048; x_wconf 89' lang='lat' dir='ltr'><strong>uia</strong></span> <span class='ocrx_word' id='word_1_258' title='bbox 734 2998 938 3061; x_wconf 80' lang='lat' dir='ltr'><strong>praetermissis.</strong></span> <span class='ocrx_word' id='word_1_259' title='bbox 962 3001 1033 3050; x_wconf 90' lang='lat' dir='ltr'><strong>inter</strong></span> <span class='ocrx_word' id='word_1_260' title='bbox 1043 3003 1204 3066; x_wconf 86' lang='lat' dir='ltr'><strong>posteriores</strong></span> 
     </span>
     <span class='ocr_line' id='line_1_30' title="bbox 116 3066 1206 3139; baseline 0.004 -16"><span class='ocrx_word' id='word_1_261' title='bbox 116 3089 144 3139; x_wconf 91' lang='lat' dir='ltr'><strong>p.</strong></span> <span class='ocrx_word' id='word_1_262' title='bbox 162 3072 287 3123; x_wconf 75' lang='grc'><strong>3444-344.</strong></span> <span class='ocrx_word' id='word_1_263' title='bbox 305 3071 400 3121; x_wconf 86' lang='lat' dir='ltr'><strong>suidas</strong></span> <span class='ocrx_word' id='word_1_264' title='bbox 416 3073 443 3120; x_wconf 92' lang='lat' dir='ltr'><strong>in</strong></span> <span class='ocrx_word' id='word_1_265' title='bbox 456 3066 641 3135; x_wconf 78' lang='grc' dir='ltr'><strong><em>Ἀντίμαχος·</em></strong></span> <span class='ocrx_word' id='word_1_266' title='bbox 680 3073 742 3122; x_wconf 85' lang='lat' dir='ltr'><strong>ante</strong></span> <span class='ocrx_word' id='word_1_267' title='bbox 759 3069 937 3124; x_wconf 75' lang='lat' dir='ltr'><strong>Alexandrum</strong></span> <span class='ocrx_word' id='word_1_268' title='bbox 949 3074 983 3124; x_wconf 82' lang='grc'><strong>44.</strong></span> <span class='ocrx_word' id='word_1_269' title='bbox 998 3076 1111 3138; x_wconf 85' lang='lat' dir='ltr'><strong>tragicos</strong></span> <span class='ocrx_word' id='word_1_270' title='bbox 1123 3077 1206 3127; x_wconf 87' lang='lat' dir='ltr'><strong>Grae-</strong></span> 
     </span>
     <span class='ocr_line' id='line_1_31' title="bbox 116 3135 1205 3210; baseline 0.001 -11"><span class='ocrx_word' id='word_1_271' title='bbox 116 3143 213 3199; x_wconf 75' lang='lat' dir='ltr'><strong>iddxee</strong></span> <span class='ocrx_word' id='word_1_272' title='bbox 229 3135 317 3207; x_wconf 72' lang='grc' dir='ltr'><em>οὗτος</em></span> <span class='ocrx_word' id='word_1_273' title='bbox 326 3144 474 3209; x_wconf 83' lang='grc' dir='ltr'><em>ψήφισμα</em></span> <span class='ocrx_word' id='word_1_274' title='bbox 490 3145 644 3210; x_wconf 61' lang='lat' dir='ltr'><strong>saumque-</strong></span> <span class='ocrx_word' id='word_1_275' title='bbox 681 3158 727 3197; x_wconf 86' lang='lat' dir='ltr'><strong>coa</strong></span> <span class='ocrx_word' id='word_1_276' title='bbox 749 3144 834 3196; x_wconf 87' lang='lat' dir='ltr'><strong>simile</strong></span> <span class='ocrx_word' id='word_1_277' title='bbox 857 3157 941 3208; x_wconf 85' lang='lat' dir='ltr'><strong>genus</strong></span> <span class='ocrx_word' id='word_1_278' title='bbox 960 3154 1069 3200; x_wconf 89' lang='lat' dir='ltr'><strong>secutus</strong></span> <span class='ocrx_word' id='word_1_279' title='bbox 1087 3163 1147 3202; x_wconf 85' lang='lat' dir='ltr'><strong>esse</strong></span> <span class='ocrx_word' id='word_1_280' title='bbox 1164 3153 1205 3200; x_wconf 86' lang='lat' dir='ltr'><strong>vi-</strong></span> 
     </span>
     <span class='ocr_line' id='line_1_32' title="bbox 117 3213 1206 3289; baseline 0.003 -17"><span class='ocrx_word' id='word_1_281' title='bbox 117 3239 180 3282; x_wconf 79' lang='grc' dir='ltr'><strong>ναν,</strong></span> <span class='ocrx_word' id='word_1_282' title='bbox 198 3215 242 3285; x_wconf 80' lang='grc' dir='ltr'><strong>μὴ</strong></span> <span class='ocrx_word' id='word_1_283' title='bbox 252 3217 313 3269; x_wconf 75' lang='grc' dir='ltr'><strong><em>δεῖν</em></strong></span> <span class='ocrx_word' id='word_1_284' title='bbox 329 3217 477 3285; x_wconf 57' lang='lat' dir='ltr'><strong>seruposa</strong></span> <span class='ocrx_word' id='word_1_285' title='bbox 493 3215 525 3282; x_wconf 81' lang='grc' dir='ltr'><strong>ἐξ</strong></span> <span class='ocrx_word' id='word_1_286' title='bbox 536 3213 644 3283; x_wconf 85' lang='grc' dir='ltr'><strong><em>ὀνόμα-</em></strong></span> <span class='ocrx_word' id='word_1_287' title='bbox 681 3221 760 3271; x_wconf 82' lang='lat' dir='ltr'><strong>detur</strong></span> <span class='ocrx_word' id='word_1_288' title='bbox 768 3221 905 3272; x_wconf 82' lang='lat' dir='ltr'><strong>Moschion</strong></span> <span class='ocrx_word' id='word_1_289' title='bbox 914 3223 940 3270; x_wconf 91' lang='lat' dir='ltr'><strong>in</strong></span> <span class='ocrx_word' id='word_1_290' title='bbox 949 3223 1125 3274; x_wconf 84' lang='lat' dir='ltr'><strong>Themistocle</strong></span> <span class='ocrx_word' id='word_1_291' title='bbox 1134 3225 1206 3289; x_wconf 88' lang='lat' dir='ltr'><strong>apud</strong></span> 
     </span>
     <span class='ocr_line' id='line_1_33' title="bbox 118 3288 1206 3359; baseline 0.001 -12"><span class='ocrx_word' id='word_1_292' title='bbox 118 3311 168 3359; x_wconf 79' lang='grc' dir='ltr'><strong>τος</strong></span> <span class='ocrx_word' id='word_1_293' title='bbox 185 3293 257 3355; x_wconf 86' lang='lat' dir='ltr'><strong>(alibi</strong></span> <span class='ocrx_word' id='word_1_294' title='bbox 273 3288 416 3357; x_wconf 74' lang='grc' dir='ltr'><strong><em>ὀνομαστὶ</em></strong></span> <span class='ocrx_word' id='word_1_295' title='bbox 430 3290 598 3359; x_wconf 76' lang='grc' dir='ltr'><strong><em>κωμῳδεῖν),</em></strong></span> <span class='ocrx_word' id='word_1_296' title='bbox 616 3293 643 3342; x_wconf 93' lang='lat' dir='ltr'><strong>id</strong></span> <span class='ocrx_word' id='word_1_297' title='bbox 681 3293 755 3344; x_wconf 89' lang='lat' dir='ltr'><strong>Stob.</strong></span> <span class='ocrx_word' id='word_1_298' title='bbox 774 3295 801 3343; x_wconf 90' lang='lat' dir='ltr'><strong>T.</strong></span> <span class='ocrx_word' id='word_1_299' title='bbox 818 3294 862 3354; x_wconf 81' lang='grc'><strong>54,</strong></span> <span class='ocrx_word' id='word_1_300' title='bbox 880 3295 921 3344; x_wconf 74' lang='grc'><strong>44.</strong></span> <span class='ocrx_word' id='word_1_301' title='bbox 945 3295 997 3344; x_wconf 84' lang='lat' dir='ltr'><strong>Cir.</strong></span> <span class='ocrx_word' id='word_1_302' title='bbox 1012 3299 1119 3346; x_wconf 91' lang='lat' dir='ltr'><strong>omuino</strong></span> <span class='ocrx_word' id='word_1_303' title='bbox 1131 3298 1206 3348; x_wconf 85' lang='lat' dir='ltr'><strong>Wal-</strong></span> 
     </span>
     <span class='ocr_line' id='line_1_34' title="bbox 117 3367 1203 3433; baseline 0.001 -14"><span class='ocrx_word' id='word_1_304' title='bbox 117 3374 174 3430; x_wconf 84' lang='lat' dir='ltr'><strong>est,</strong></span> <span class='ocrx_word' id='word_1_305' title='bbox 198 3381 248 3418; x_wconf 74' lang='lat' dir='ltr'><strong>«ne</strong></span> <span class='ocrx_word' id='word_1_306' title='bbox 269 3368 329 3429; x_wconf 88' lang='lat' dir='ltr'><strong>quis</strong></span> <span class='ocrx_word' id='word_1_307' title='bbox 345 3367 452 3430; x_wconf 91' lang='lat' dir='ltr'><strong>proprio</strong></span> <span class='ocrx_word' id='word_1_308' title='bbox 469 3379 519 3416; x_wconf 90' lang='lat' dir='ltr'><strong>suo</strong></span> <span class='ocrx_word' id='word_1_309' title='bbox 536 3369 643 3417; x_wconf 88' lang='lat' dir='ltr'><strong>nomine</strong></span> <span class='ocrx_word' id='word_1_310' title='bbox 681 3369 746 3417; x_wconf 81' lang='lat' dir='ltr'><strong>citer</strong></span> <span class='ocrx_word' id='word_1_311' title='bbox 762 3381 802 3429; x_wconf 75' lang='lat' dir='ltr'><strong>qr.</strong></span> <span class='ocrx_word' id='word_1_312' title='bbox 817 3367 966 3430; x_wconf 78' lang='lat' dir='ltr'><strong>Yraqoedten</strong></span> <span class='ocrx_word' id='word_1_313' title='bbox 984 3381 1011 3431; x_wconf 92' lang='lat' dir='ltr'><strong>p.</strong></span> <span class='ocrx_word' id='word_1_314' title='bbox 1025 3368 1089 3420; x_wconf 79' lang='lat' dir='ltr'><strong>tati</strong></span> <span class='ocrx_word' id='word_1_315' title='bbox 1100 3383 1160 3433; x_wconf 87' lang='lat' dir='ltr'><strong>sqq.</strong></span> <span class='ocrx_word' id='word_1_316' title='bbox 1176 3397 1203 3407; x_wconf 94' lang='lat'>—</span> 
     </span>
     <span class='ocr_line' id='line_1_35' title="bbox 116 3440 1205 3507; baseline -0.002 -13"><span class='ocrx_word' id='word_1_317' title='bbox 116 3449 147 3494; x_wconf 90' lang='lat' dir='ltr'><strong>ut</strong></span> <span class='ocrx_word' id='word_1_318' title='bbox 163 3441 271 3494; x_wconf 78' lang='lat' dir='ltr'><strong>fabulae</strong></span> <span class='ocrx_word' id='word_1_319' title='bbox 287 3453 402 3505; x_wconf 87' lang='lat' dir='ltr'><strong>persona</strong></span> <span class='ocrx_word' id='word_1_320' title='bbox 418 3441 445 3490; x_wconf 90' lang='lat' dir='ltr'><strong>in</strong></span> <span class='ocrx_word' id='word_1_321' title='bbox 458 3453 567 3491; x_wconf 85' lang='lat' dir='ltr'><strong>scenam</strong></span> <span class='ocrx_word' id='word_1_322' title='bbox 584 3451 646 3503; x_wconf 90' lang='lat' dir='ltr'><strong>pro-</strong></span> <span class='ocrx_word' id='word_1_323' title='bbox 678 3440 836 3504; x_wconf 79' lang='lat' dir='ltr'><strong>preetentcu]</strong></span> <span class='ocrx_word' id='word_1_324' title='bbox 863 3441 934 3490; x_wconf 82' lang='lat' dir='ltr'><strong>ilaec</strong></span> <span class='ocrx_word' id='word_1_325' title='bbox 958 3441 1041 3491; x_wconf 83' lang='lat' dir='ltr'><strong>torma</strong></span> <span class='ocrx_word' id='word_1_326' title='bbox 1064 3455 1113 3507; x_wconf 90' lang='lat' dir='ltr'><strong>pro</strong></span> <span class='ocrx_word' id='word_1_327' title='bbox 1130 3442 1205 3494; x_wconf 90' lang='lat' dir='ltr'><strong>solita</strong></span> 
     </span>
     <span class='ocr_line' id='line_1_36' title="bbox 117 3515 1205 3580; baseline -0.003 -11"><span class='ocrx_word' id='word_1_328' title='bbox 117 3518 297 3574; x_wconf 62' lang='lat' dir='ltr'><strong>ducar-uturp</strong></span> <span class='ocrx_word' id='word_1_329' title='bbox 316 3515 548 3575; x_wconf 71' lang='lat' dir='ltr'><strong>«contraducebat,</strong></span> <span class='ocrx_word' id='word_1_330' title='bbox 567 3516 645 3566; x_wconf 85' lang='lat' dir='ltr'><strong>sicuti</strong></span> <span class='ocrx_word' id='word_1_331' title='bbox 677 3517 854 3576; x_wconf 71' lang='lat' dir='ltr'><strong>praetentatus</strong></span> <span class='ocrx_word' id='word_1_332' title='bbox 862 3515 1205 3580; x_wconf 84' lang='lat' dir='ltr'><strong>reperituretinmbisapud</strong></span> 
     </span>
     <span class='ocr_line' id='line_1_37' title="bbox 117 3585 1204 3653; baseline -0.003 -10"><span class='ocrx_word' id='word_1_333' title='bbox 117 3594 213 3651; x_wconf 83' lang='lat' dir='ltr'><strong>autea,</strong></span> <span class='ocrx_word' id='word_1_334' title='bbox 229 3602 419 3653; x_wconf 82' lang='lat' dir='ltr'><strong>quemcunque</strong></span> <span class='ocrx_word' id='word_1_335' title='bbox 429 3589 471 3641; x_wconf 84' lang='lat' dir='ltr'><strong>rel</strong></span> <span class='ocrx_word' id='word_1_336' title='bbox 482 3592 591 3640; x_wconf 90' lang='lat' dir='ltr'><strong>nomine</strong></span> <span class='ocrx_word' id='word_1_337' title='bbox 600 3589 646 3640; x_wconf 87' lang='lat' dir='ltr'><strong>ad·</strong></span> <span class='ocrx_word' id='word_1_338' title='bbox 681 3589 800 3638; x_wconf 82' lang='lat' dir='ltr'><strong>Asinium</strong></span> <span class='ocrx_word' id='word_1_339' title='bbox 818 3585 962 3638; x_wconf 85' lang='lat' dir='ltr'><strong>Pollionem</strong></span> <span class='ocrx_word' id='word_1_340' title='bbox 976 3589 1002 3638; x_wconf 91' lang='lat' dir='ltr'><strong>in</strong></span> <span class='ocrx_word' id='word_1_341' title='bbox 1015 3589 1070 3639; x_wconf 87' lang='lat' dir='ltr'><strong>Cic.</strong></span> <span class='ocrx_word' id='word_1_342' title='bbox 1086 3590 1120 3640; x_wconf 87' lang='lat' dir='ltr'><strong>ad</strong></span> <span class='ocrx_word' id='word_1_343' title='bbox 1132 3592 1204 3640; x_wconf 83' lang='lat' dir='ltr'><strong>Fam.</strong></span> 
     </span>
     <span class='ocr_line' id='line_1_38' title="bbox 117 3661 1207 3729; baseline 0 -13"><span class='ocrx_word' id='word_1_344' title='bbox 117 3668 174 3717; x_wconf 89' lang='lat' dir='ltr'><strong>dito</strong></span> <span class='ocrx_word' id='word_1_345' title='bbox 192 3666 321 3727; x_wconf 84' lang='lat' dir='ltr'><strong>attingere</strong></span> <span class='ocrx_word' id='word_1_346' title='bbox 344 3665 444 3729; x_wconf 67' lang='lat' dir='ltr'><strong>pnsum</strong></span> <span class='ocrx_word' id='word_1_347' title='bbox 461 3667 542 3728; x_wconf 88' lang='lat' dir='ltr'><strong>atque</strong></span> <span class='ocrx_word' id='word_1_348' title='bbox 558 3663 646 3715; x_wconf 84' lang='lat' dir='ltr'><strong>lacos-</strong></span> <span class='ocrx_word' id='word_1_349' title='bbox 683 3664 727 3723; x_wconf 88' lang='grc'><strong>40,</strong></span> <span class='ocrx_word' id='word_1_350' title='bbox 747 3661 792 3722; x_wconf 78' lang='grc'><strong>34,</strong></span> <span class='ocrx_word' id='word_1_351' title='bbox 810 3662 834 3712; x_wconf 89' lang='grc'><strong>3.</strong></span> <span class='ocrx_word' id='word_1_352' title='bbox 848 3665 876 3711; x_wconf 87' lang='lat' dir='ltr'><strong>et</strong></span> <span class='ocrx_word' id='word_1_353' title='bbox 891 3665 929 3722; x_wconf 80' lang='grc'><strong>44.,</strong></span> <span class='ocrx_word' id='word_1_354' title='bbox 957 3662 1028 3728; x_wconf 90' lang='lat' dir='ltr'><strong>apud</strong></span> <span class='ocrx_word' id='word_1_355' title='bbox 1049 3665 1156 3716; x_wconf 83' lang='lat' dir='ltr'><strong>Festum</strong></span> <span class='ocrx_word' id='word_1_356' title='bbox 1180 3668 1207 3716; x_wconf 87' lang='lat' dir='ltr'><strong>ct</strong></span> 
     </span>
     <span class='ocr_line' id='line_1_39' title="bbox 117 3737 1208 3802; baseline -0.003 -10"><span class='ocrx_word' id='word_1_357' title='bbox 117 3753 222 3798; x_wconf 53' lang='lat' dir='ltr'><strong>aaron</strong></span> <span class='ocrx_word' id='word_1_358' title='bbox 251 3737 441 3802; x_wconf 86' lang='lat' dir='ltr'><strong>interpretibus</strong></span> <span class='ocrx_word' id='word_1_359' title='bbox 467 3737 588 3789; x_wconf 82' lang='lat' dir='ltr'><strong>Ciiutouo</strong></span> <span class='ocrx_word' id='word_1_360' title='bbox 618 3741 646 3788; x_wconf 86' lang='lat' dir='ltr'><strong>ot</strong></span> <span class='ocrx_word' id='word_1_361' title='bbox 682 3737 837 3786; x_wconf 87' lang='lat' dir='ltr'><strong>Suetonium</strong></span> <span class='ocrx_word' id='word_1_362' title='bbox 847 3737 873 3786; x_wconf 90' lang='lat' dir='ltr'><strong>iu</strong></span> <span class='ocrx_word' id='word_1_363' title='bbox 882 3737 1122 3799; x_wconf 83' lang='lat' dir='ltr'><strong>VitaPersiiextr.;</strong></span> <span class='ocrx_word' id='word_1_364' title='bbox 1136 3751 1208 3789; x_wconf 88' lang='lat' dir='ltr'><strong>eam·</strong></span> 
     </span>
     <span class='ocr_line' id='line_1_40' title="bbox 116 3809 1207 3876; baseline -0.002 -12"><span class='ocrx_word' id='word_1_365' title='bbox 116 3812 241 3875; x_wconf 85' lang='lat' dir='ltr'><strong>Bergkio.</strong></span> <span class='ocrx_word' id='word_1_366' title='bbox 257 3837 283 3847; x_wconf 89' lang='lat'><em>—</em></span> <span class='ocrx_word' id='word_1_367' title='bbox 298 3811 422 3876; x_wconf 79' lang='lat' dir='ltr'><strong>Turpiter]</strong></span> <span class='ocrx_word' id='word_1_368' title='bbox 436 3813 510 3874; x_wconf 90' lang='lat' dir='ltr'><strong>iungi</strong></span> <span class='ocrx_word' id='word_1_369' title='bbox 520 3813 572 3862; x_wconf 88' lang='lat' dir='ltr'><strong>hoc</strong></span> <span class='ocrx_word' id='word_1_370' title='bbox 583 3825 647 3862; x_wconf 86' lang='lat' dir='ltr'><strong>ver·</strong></span> <span class='ocrx_word' id='word_1_371' title='bbox 683 3823 736 3873; x_wconf 92' lang='lat' dir='ltr'><strong>que</strong></span> <span class='ocrx_word' id='word_1_372' title='bbox 754 3809 868 3860; x_wconf 88' lang='lat' dir='ltr'><strong>iormam</strong></span> <span class='ocrx_word' id='word_1_373' title='bbox 885 3811 1002 3874; x_wconf 83' lang='lat' dir='ltr'><strong>praefert</strong></span> <span class='ocrx_word' id='word_1_374' title='bbox 1018 3812 1048 3861; x_wconf 91' lang='lat'><strong>0.</strong></span> <span class='ocrx_word' id='word_1_375' title='bbox 1064 3809 1158 3863; x_wconf 81' lang='lat' dir='ltr'><strong>titillor</strong></span> <span class='ocrx_word' id='word_1_376' title='bbox 1173 3812 1207 3862; x_wconf 88' lang='lat' dir='ltr'><strong>ad</strong></span> 
     </span>
     <span class='ocr_line' id='line_1_41' title="bbox 117 3884 1209 3949; baseline 0.001 -12"><span class='ocrx_word' id='word_1_377' title='bbox 117 3887 187 3937; x_wconf 90' lang='lat' dir='ltr'><strong>bum</strong></span> <span class='ocrx_word' id='word_1_378' title='bbox 212 3885 317 3948; x_wconf 80' lang='lat' dir='ltr'><strong>nequit,</strong></span> <span class='ocrx_word' id='word_1_379' title='bbox 342 3889 373 3935; x_wconf 93' lang='lat' dir='ltr'><strong>ut</strong></span> <span class='ocrx_word' id='word_1_380' title='bbox 396 3884 489 3934; x_wconf 88' lang='lat' dir='ltr'><strong>volunt</strong></span> <span class='ocrx_word' id='word_1_381' title='bbox 510 3884 644 3947; x_wconf 83' lang='lat' dir='ltr'><strong>nonnulli,</strong></span> <span class='ocrx_word' id='word_1_382' title='bbox 683 3887 792 3935; x_wconf 84' lang='lat' dir='ltr'><strong>Festum</strong></span> <span class='ocrx_word' id='word_1_383' title='bbox 802 3898 828 3948; x_wconf 90' lang='lat' dir='ltr'><strong>p.</strong></span> <span class='ocrx_word' id='word_1_384' title='bbox 839 3886 908 3946; x_wconf 63' lang='lat' dir='ltr'><strong>tiae</strong></span> <span class='ocrx_word' id='word_1_385' title='bbox 922 3889 1012 3936; x_wconf 86' lang='lat' dir='ltr'><strong>eontra</strong></span> <span class='ocrx_word' id='word_1_386' title='bbox 1025 3886 1209 3949; x_wconf 74' lang='lat' dir='ltr'><strong>inbutusprae·</strong></span> 
     </span>
     <span class='ocr_line' id='line_1_42' title="bbox 119 3959 1210 4024; baseline -0.003 -13"><span class='ocrx_word' id='word_1_387' title='bbox 119 3973 184 4011; x_wconf 86' lang='lat' dir='ltr'><strong>cum</strong></span> <span class='ocrx_word' id='word_1_388' title='bbox 209 3973 235 4008; x_wconf 90' lang='lat' dir='ltr'><strong>v.</strong></span> <span class='ocrx_word' id='word_1_389' title='bbox 260 3960 381 4019; x_wconf 78' lang='lat' dir='ltr'><strong>nocetdi3</strong></span> <span class='ocrx_word' id='word_1_390' title='bbox 412 3959 461 4010; x_wconf 89' lang='lat' dir='ltr'><strong>sed</strong></span> <span class='ocrx_word' id='word_1_391' title='bbox 487 3960 539 4009; x_wconf 84' lang='lat' dir='ltr'><strong>hoc</strong></span> <span class='ocrx_word' id='word_1_392' title='bbox 567 3961 644 4010; x_wconf 88' lang='lat' dir='ltr'><strong>dicit:</strong></span> <span class='ocrx_word' id='word_1_393' title='bbox 683 3959 916 4009; x_wconf 65' lang='lat' dir='ltr'><strong>maureconem</strong></span> <span class='ocrx_word' id='word_1_394' title='bbox 929 3959 1210 4024; x_wconf 85' lang='lat' dir='ltr'><strong>appellantGramma-</strong></span> 
     </span>
     <span class='ocr_line' id='line_1_43' title="bbox 120 4031 1210 4098; baseline 0.003 -18"><span class='ocrx_word' id='word_1_395' title='bbox 120 4035 225 4097; x_wconf 73' lang='lat' dir='ltr'><strong>«Turpe</strong></span> <span class='ocrx_word' id='word_1_396' title='bbox 243 4036 302 4082; x_wconf 86' lang='lat' dir='ltr'><strong>erat</strong></span> <span class='ocrx_word' id='word_1_397' title='bbox 317 4033 400 4082; x_wconf 86' lang='lat' dir='ltr'><strong>choro</strong></span> <span class='ocrx_word' id='word_1_398' title='bbox 416 4037 479 4097; x_wconf 89' lang='lat' dir='ltr'><strong>post</strong></span> <span class='ocrx_word' id='word_1_399' title='bbox 496 4035 598 4083; x_wconf 68' lang='lat' dir='ltr'><strong>tanum</strong></span> <span class='ocrx_word' id='word_1_400' title='bbox 614 4033 648 4083; x_wconf 89' lang='lat' dir='ltr'><strong>ii·</strong></span> <span class='ocrx_word' id='word_1_401' title='bbox 683 4033 728 4082; x_wconf 91' lang='lat' dir='ltr'><strong>tici</strong></span> <span class='ocrx_word' id='word_1_402' title='bbox 745 4045 855 4097; x_wconf 86' lang='lat' dir='ltr'><strong>prorsus</strong></span> <span class='ocrx_word' id='word_1_403' title='bbox 872 4031 907 4082; x_wconf 88' lang='lat' dir='ltr'><strong>ad</strong></span> <span class='ocrx_word' id='word_1_404' title='bbox 927 4032 1073 4097; x_wconf 84' lang='lat' dir='ltr'><strong>analogium</strong></span> <span class='ocrx_word' id='word_1_405' title='bbox 1090 4032 1210 4098; x_wconf 84' lang='lat' dir='ltr'><strong>palliata·</strong></span> 
     </span>
     <span class='ocr_line' id='line_1_44' title="bbox 119 4106 1210 4168; baseline -0.003 -10"><span class='ocrx_word' id='word_1_406' title='bbox 119 4108 257 4158; x_wconf 61' lang='lat' dir='ltr'><strong>mutatam</strong></span> <span class='ocrx_word' id='word_1_407' title='bbox 274 4106 362 4158; x_wconf 85' lang='lat' dir='ltr'><strong>subito</strong></span> <span class='ocrx_word' id='word_1_408' title='bbox 373 4106 587 4158; x_wconf 76' lang='lat' dir='ltr'><strong>obmutescere.»</strong></span> <span class='ocrx_word' id='word_1_409' title='bbox 605 4110 649 4158; x_wconf 82' lang='lat' dir='ltr'><strong>Sic</strong></span> <span class='ocrx_word' id='word_1_410' title='bbox 683 4119 745 4156; x_wconf 90' lang='lat' dir='ltr'><strong>rum</strong></span> <span class='ocrx_word' id='word_1_411' title='bbox 757 4107 785 4156; x_wconf 84' lang='lat' dir='ltr'><strong>et</strong></span> <span class='ocrx_word' id='word_1_412' title='bbox 796 4109 954 4168; x_wconf 81' lang='lat' dir='ltr'><strong>togatarum.</strong></span> <span class='ocrx_word' id='word_1_413' title='bbox 972 4109 1148 4157; x_wconf 68' lang='lat' dir='ltr'><strong>Praetextatus</strong></span> <span class='ocrx_word' id='word_1_414' title='bbox 1161 4119 1210 4156; x_wconf 89' lang='lat' dir='ltr'><strong>au·</strong></span> 
     </span>
     <span class='ocr_line' id='line_1_45' title="bbox 120 4180 1211 4245; baseline -0.001 -14"><span class='ocrx_word' id='word_1_415' title='bbox 120 4184 176 4231; x_wconf 90' lang='lat' dir='ltr'><strong>iam</strong></span> <span class='ocrx_word' id='word_1_416' title='bbox 193 4183 262 4231; x_wconf 88' lang='lat' dir='ltr'><strong>inter</strong></span> <span class='ocrx_word' id='word_1_417' title='bbox 278 4180 383 4245; x_wconf 79' lang='lat' dir='ltr'><strong>olymp.</strong></span> <span class='ocrx_word' id='word_1_418' title='bbox 402 4183 449 4244; x_wconf 85' lang='grc'><strong>844,</strong></span> <span class='ocrx_word' id='word_1_419' title='bbox 469 4181 524 4233; x_wconf 81' lang='grc'><strong>4-4.</strong></span> <span class='ocrx_word' id='word_1_420' title='bbox 550 4183 648 4233; x_wconf 87' lang='lat' dir='ltr'><strong>Cratini</strong></span> <span class='ocrx_word' id='word_1_421' title='bbox 684 4182 754 4240; x_wconf 86' lang='lat' dir='ltr'><strong>tem,</strong></span> <span class='ocrx_word' id='word_1_422' title='bbox 773 4180 800 4229; x_wconf 94' lang='lat' dir='ltr'><strong>id</strong></span> <span class='ocrx_word' id='word_1_423' title='bbox 812 4181 866 4243; x_wconf 84' lang='lat' dir='ltr'><strong>est,</strong></span> <span class='ocrx_word' id='word_1_424' title='bbox 879 4181 1029 4244; x_wconf 80' lang='lat' dir='ltr'><strong>tragoedias</strong></span> <span class='ocrx_word' id='word_1_425' title='bbox 1041 4181 1145 4230; x_wconf 86' lang='lat' dir='ltr'><strong>Latinas</strong></span> <span class='ocrx_word' id='word_1_426' title='bbox 1157 4181 1211 4230; x_wconf 79' lang='lat' dir='ltr'><strong>iio-</strong></span> 
     </span>
     <span class='ocr_line' id='line_1_46' title="bbox 121 4249 1209 4321; baseline -0.002 -14"><span class='ocrx_word' id='word_1_427' title='bbox 121 4253 213 4307; x_wconf 85' lang='lat' dir='ltr'><strong>iahula</strong></span> <span class='ocrx_word' id='word_1_428' title='bbox 226 4249 372 4318; x_wconf 77' lang='grc' dir='ltr'><strong>Ὀδνσσετς</strong></span> <span class='ocrx_word' id='word_1_429' title='bbox 388 4255 446 4306; x_wconf 84' lang='lat' dir='ltr'><strong>aine</strong></span> <span class='ocrx_word' id='word_1_430' title='bbox 458 4257 541 4306; x_wconf 84' lang='lat' dir='ltr'><strong>choro</strong></span> <span class='ocrx_word' id='word_1_431' title='bbox 552 4257 580 4306; x_wconf 83' lang='lat' dir='ltr'><strong>et</strong></span> <span class='ocrx_word' id='word_1_432' title='bbox 593 4269 650 4306; x_wconf 76' lang='grc' dir='ltr'><strong>πα·</strong></span> <span class='ocrx_word' id='word_1_433' title='bbox 686 4257 759 4308; x_wconf 89' lang='lat' dir='ltr'><strong>mani</strong></span> <span class='ocrx_word' id='word_1_434' title='bbox 768 4259 926 4321; x_wconf 85' lang='lat' dir='ltr'><strong>argumenti,</strong></span> <span class='ocrx_word' id='word_1_435' title='bbox 937 4259 971 4307; x_wconf 84' lang='lat' dir='ltr'><strong>ita</strong></span> <span class='ocrx_word' id='word_1_436' title='bbox 981 4257 1138 4317; x_wconf 83' lang='lat' dir='ltr'><strong>nominatas,</strong></span> <span class='ocrx_word' id='word_1_437' title='bbox 1148 4257 1209 4319; x_wconf 88' lang='lat' dir='ltr'><strong>quia</strong></span> 
     </span>
    </p>
   </div>
   <div class='ocr_carea' id='block_1_6' title="bbox 179 4345 1040 4394">
    <p class='ocr_par' dir='ltr' id='par_1_7' title="bbox 179 4345 1040 4394">
     <span class='ocr_line' id='line_1_47' title="bbox 179 4345 1040 4394; baseline 0.001 -3"><span class='ocrx_word' id='word_1_438' title='bbox 179 4346 388 4394; x_wconf 67' lang='lat' dir='ltr'><strong>nomunculi.</strong></span> <span class='ocrx_word' id='word_1_439' title='bbox 418 4357 459 4392; x_wconf 82' lang='lat' dir='ltr'><strong>ao.</strong></span> <span class='ocrx_word' id='word_1_440' title='bbox 474 4357 526 4394; x_wconf 79' lang='lat' dir='ltr'><strong>uu.</strong></span> <span class='ocrx_word' id='word_1_441' title='bbox 545 4345 582 4392; x_wconf 90' lang='grc'><strong>444.</strong></span> <span class='ocrx_word' id='word_1_442' title='bbox 1012 4345 1040 4392; x_wconf 82' lang='lat' dir='ltr'><strong>ta</strong></span> 
     </span>
    </p>
   </div>
   <div class='ocr_carea' id='block_1_7' title="bbox 0 0 1477 4892">
    <p class='ocr_par' dir='ltr' id='par_1_8' title="bbox 0 0 1477 4892">
     <span class='ocr_line' id='line_1_48' title="bbox 0 0 1477 4892; baseline 0 0"><span class='ocrx_word' id='word_1_443' title='bbox 0 0 1477 4892; x_wconf 95' lang='lat' dir='ltr'><strong> </strong></span> 
     </span>
    </p>
   </div>
  </div>
 </body>
</html>
