2925 4892
244 348 306 413 504
603 350 731 401 nomm
749 349 970 401 nrisronmmi

287 504 452 583 Caesaris;
475 512 586 571 oratus
608 502 707 571 multa
729 524 843 591 prece,
866 503 969 571 nitere
990 524 1099 591 porro.

287 624 389 701 Vade,
414 624 500 701 vole,
524 608 604 691 ca've
626 646 667 691 ne
690 624 807 691 titubes
830 624 1047 713 mandataque
1068 625 1207 713 frangas.

310 805 350 855 ⁴8.
377 806 464 855 nitere.
481 818 560 868 porro
579 804 646 854 Vade
662 802 796 854 Bentleiuo
812 805 904 863 tocite,
928 803 1041 855 tortasse
1066 818 1099 855 ex
1115 818 1192 856 mero
1210 818 1307 870 opero·

278 894 339 930 rum
356 894 456 931 errore.

245 1038 331 1090 verbii
349 1038 459 1089 modum
476 1038 579 1088 dictum
597 1040 647 1087 est.
669 1064 695 1073 -
720 1049 774 1087 mo-
810 1037 837 1085 in
853 1034 958 1087 Asellio
975 1038 1147 1099 cognomine:
1168 1038 1274 1098 «Cave,
1292 1052 1338 1098 ne,

244 1113 310 1178 rori]
328 1115 532 1173 llorooturnos,
547 1124 616 1175 quoe
629 1108 771 1160 delectant.
810 1111 839 1159 ut
856 1110 953 1161 occidit
968 1110 1057 1163 asellis
1073 1112 1152 1163 nimis
1169 1114 1292 1169 onustis.
1310 1116 1339 1162 tu

247 1190 277 1237 li.
296 1189 324 1237 Ρ.
343 1186 400 1237 ³2⁴.
810 1196 918 1247 quoquo
941 1184 1040 1235 titubes
1062 1186 1191 1248 humique
1208 1200 1340 1251 procum-

810 1256 875 1318 hos,
893 1257 939 1307 ubl
956 1256 1053 1309 lomom
1074 1258 1279 1321 transgredieris
1295 1258 1339 1309 vel

280 1334 320 1383 to.
339 1334 378 1384 ttl.
405 1333 529 1398 catomo]
558 1333 632 1383 lianc
658 1331 772 1381 nominis
809 1344 859 1395 per
870 1330 968 1381 clivum
980 1332 1144 1392 descendes,
1163 1334 1255 1397 itaque
1268 1348 1339 1397 quoe

246 1407 420 1472 positionem,
457 1420 508 1472 que
538 1400 773 1475 ἑμφατικώτερον
809 1404 858 1455 tibi
875 1405 1032 1455 concredidi
1046 1404 1226 1471 qualicunque
1237 1407 1339 1457 damno

246 1480 289 1541 tlt,
310 1484 448 1545 comparat
464 1482 532 1532 Voss
549 1480 583 1531 ad
596 1482 666 1543 virg.
686 1482 732 1530 Ge.
747 1478 771 1540 3,
810 1480 923 1541 allicias,
942 1478 1023 1530 veluti
1040 1494 1121 1544 oopso
1136 1480 1242 1542 colliso,
1261 1480 1340 1531 voln-

247 1554 296 1605 io:
323 1557 387 1605 lton
411 1560 494 1605 tameo
520 1556 635 1605 ardentes
651 1554 774 1617 oooinqor
810 1553 927 1605 minibus
951 1556 1017 1620 ipsis
1042 1556 1225 1607 madefactio·
1271 1555 1338 1606 Alii:

247 1630 330 1680 dicero
352 1644 455 1694 puqooo
480 1630 602 1680 caesoris.
631 1654 660 1665 -
687 1632 774 1677 oratio
811 1630 917 1689 «Cave,
937 1642 971 1679 ne
989 1632 1100 1693 propter
1116 1632 1340 1681 nimiomintem·

245 1706 327 1755 mutto
339 1706 422 1769 proce]
453 1704 568 1765 «Quodsi
585 1702 675 1753 multis
692 1702 773 1751 etium
810 1704 995 1767 pestivomque
1007 1703 1176 1755 timiditatem
1184 1718 1280 1755 coram
1289 1710 1341 1755 Au·
1441 1745 1442 1774 1

245 1778 371 1845 precibus
385 1778 527 1830 illiusmodi
539 1779 662 1828 homines
673 1780 699 1826 te
712 1788 774 1825 oro·
810 1780 887 1840 gusto
904 1777 952 1827 tibi
969 1778 1051 1827 tinem
1067 1779 1154 1829 titubet
1168 1780 1259 1843 &qnia
1269 1792 1338 1829 sono.
1441 1783 1442 1792 ¹

245 1854 346 1913 verint,
373 1856 401 1903 ut
423 1854 487 1915 quid
510 1854 629 1915 Augusto
647 1853 773 1916 apportes
811 1852 894 1914 (ovid.
914 1856 945 1903 l.
967 1857 998 1903 Α.
1018 1854 1042 1914 t,
1059 1854 1127 1915 598.)
1161 1854 1230 1904 Cum
1247 1858 1340 1904 autem
1442 1841 1443 1862 ¹

247 1926 297 1977 sibi
323 1928 412 1986 dices,
442 1930 471 1976 tu
495 1926 548 1978 noli
574 1926 671 1990 loquax
697 1938 771 1985 esee,
811 1928 875 1977 satin
896 1928 963 1976 mire
988 1926 1088 1978 dictum
1110 1932 1183 1979 esset
1205 1927 1341 1978 «volumi-
1443 1945 1444 1948 ¹

248 2000 297 2050 sed
322 2014 376 2063 quo
402 2002 428 2050 to
455 2002 520 2050 iussi
537 2002 663 2050 continuo
680 2012 772 2064 perge,
811 2014 844 2051 no
862 2002 957 2052 trudito
979 2002 1128 2066 [renuerem
1151 2000 1244 2052 mollin
1268 2016 1341 2053 nuno
1444 2037 1445 2040 κ

247 2074 334 2126 donec
351 2074 386 2125 od
403 2076 491 2139 ipsum
509 2078 535 2125 te
553 2075 675 2125 admittat
691 2074 774 2123 ostio·
811 2088 874 2126 oum
885 2077 1019 2126 Diintzero
1036 2080 1182 2139 utrumque
1195 2073 1340 2147 τροπικῶς

248 2149 331 2198 iius.»
346 2176 373 2185 -
386 2150 465 2198 nitere
472 2149 561 2213 porro]
580 2148 774 2199 soliobodiolt
811 2151 995 2213 interpretari:
1025 2152 1127 2211 «Cave,
1147 2164 1181 2201 ne
1199 2164 1249 2214 per
1267 2164 1342 2200 erro-

247 2228 411 2272 oorwttrts.
450 2224 493 2273 Sio
520 2225 549 2273 ut
577 2224 717 2285 iungamus
748 2224 775 2271 et
811 2238 870 2274 rem
886 2224 968 2275 animi
986 2226 1060 2288 provi
1078 2223 1225 2288 quidquam
1242 2226 1271 2275 in
1288 2226 1341 2275 lioo

248 2299 325 2345 tenor
348 2296 471 2347 versiculi
497 2299 607 2360 requirit
635 2300 662 2347 et
689 2297 774 2359 magis
811 2300 916 2362 negotio
950 2300 1102 2350 committas
1135 2312 1167 2348 oc
1195 2301 1341 2362 propterea

249 2371 343 2431 etiam,
371 2372 444 2434 quod
469 2387 494 2421 v.
512 2373 591 2422 nitore
614 2386 666 2422 non
684 2371 774 2421 addito
811 2374 881 2424 melo
908 2374 1064 2436 exsequaris
1089 2373 1215 2422 mundato
1241 2386 1340 2433 mem·

249 2444 377 2495 adverbio
400 2458 482 2497 sensu
499 2449 581 2497 caret.
616 2448 683 2496 Nam
701 2446 775 2509 quod
810 2447 1040 2513 quemadmodum
1059 2447 1172 2498 dicimus
1187 2448 1292 2511 socam,
1308 2450 1341 2511 tl·

248 2521 275 2569 iu
301 2520 367 2570 Edd.
390 2520 550 2572 Bentleionls
573 2520 643 2571 nullo
661 2525 774 2571 annoto-
811 2526 881 2585 dem,
907 2524 980 2583 iuro,
1006 2523 1071 2585 teqeo
1093 2522 1221 2586 frooqoro.
1257 2522 1292 2572 Et
1312 2536 1338 2571 v.

250 2596 320 2645 tione
332 2596 472 2647 subiuncta
485 2598 693 2660 interpungitur:
712 2610 775 2645 oro-
810 2598 918 2649 tituboro
942 2596 1015 2647 haud
1039 2610 1101 2646 raro
1127 2600 1274 2661 usurpatur
1290 2608 1340 2659 pro

251 2676 290 2719 tus
305 2672 386 2721 multa
401 2686 488 2735 prece,
507 2674 593 2721 nitore.
614 2685 694 2733 porro
709 2672 775 2721 Vade
811 2688 836 2724 v.
851 2685 989 2723 «errorem
1000 2672 1197 2731 committere„
1210 2674 1242 2720 ut
1254 2670 1338 2720 Pluut.

251 2746 302 2794 oet.
330 2758 412 2795 cneco
442 2759 506 2796 oosu
531 2746 630 2795 lactum
654 2744 773 2803 videtum
810 2746 1054 2808 Psend.t,t,32:
1075 2746 1338 2805 ,ttoilieuotitultot¹

251 2821 301 2870 etei
327 2835 413 2887 nuper
435 2820 583 2887 philologus
604 2821 775 2870 doctissimus
813 2822 889 2870 «dots
914 2822 949 2870 du
963 2820 1200 2871 autumatio.»
1229 2820 1338 2868 Terent.

249 2896 300 2945 heo
323 2897 349 2946 iu
371 2910 400 2945 re
418 2896 534 2945 Britanni
551 2895 707 2958 sapientiam
725 2894 776 2944 ad·
812 2896 945 2956 Heaut‘l,
963 2896 1158 2956 il,t²ti:Cniu.
1188 2894 1341 2943 meitlo

249 2970 361 3019 miratus
378 2973 433 3029 est.
453 2970 529 3032 quusi
546 2968 587 3018 ille
605 2982 674 3020 unus
692 2972 774 3019 totum
812 2984 843 3020 no
857 2970 918 3031 quio
929 2968 1022 3019 roobol.
1041 2971 1081 3018 Sr.
1101 2970 1242 3019 Pordoetoot
1251 2968 1337 3030 proto.

249 3041 393 3106 Epistolam
419 3048 493 3092 recte
516 3041 682 3093 intellexerit.
717 3046 775 3094 Non
813 3047 867 3095 Cic.
887 3044 921 3093 de
938 3044 1052 3105 Orati,
1071 3044 1118 3102 to,
1137 3044 1198 3092 ⁴92:
1224 3044 1255 3092 ln
1271 3056 1340 3105 quo-

251 3114 365 3179 explioot
381 3114 423 3166 ille
441 3116 550 3179 quidem
561 3130 586 3165 v.
599 3119 678 3167 nitere
694 3116 776 3168 abso·
811 3132 909 3181 conque
932 3118 965 3167 oil
985 3123 1061 3179 porto
1085 3116 1226 3167 turonem.
1261 3116 1340 3166 linnd

250 3189 303 3240 luto
321 3192 449 3255 positum,
475 3190 523 3241 sed
547 3204 591 3241 vv.
607 3206 686 3253 porro
700 3194 774 3254 uode,
811 3195 907 3245 inscite
924 3192 997 3241 idem
1013 3193 1132 3241 Ditntzer
1148 3193 1235 3251 notet,
1256 3192 1340 3240 llorn-

251 3262 345 3316 «lectis
363 3265 564 3326 immundatis,
592 3279 674 3330 perge
691 3268 774 3327 item»
812 3269 878 3318 tium
894 3267 1015 3331 proprios
1033 3278 1096 3316 suas
1109 3266 1281 3328 cogitationes
1299 3264 1340 3314 ie·

251 3339 278 3390 ld
303 3340 376 3405 quod
397 3342 516 3391 Latinum
541 3354 593 3391 uon
611 3340 724 3392 videtur.
745 3370 773 3378 -
812 3343 885 3392 stitis
902 3341 944 3390 his
965 3339 1099 3389 mandatis
1117 3339 1336 3395 volatrensem

249 3416 326 3481 euve]
350 3414 441 3466 ultimo
457 3415 541 3465 brevi.
577 3418 631 3479 (oln
652 3414 774 3465 vocalem
812 3417 910 3480 quippe
921 3415 967 3477 qui
978 3413 1127 3477 significare
1137 3412 1261 3474 voluerit,
1276 3426 1338 3463 oeoe

251 3494 380 3543 exeuntes
397 3491 542 3542 verborum
561 3490 662 3541 formas
678 3490 775 3539 lumbi-
811 3490 942 3554 poematis
965 3490 1021 3539 suis
1037 3491 1155 3552 Augusto
1172 3489 1262 3539 missis
1279 3486 1337 3540 nul-

252 3580 297 3616 oos
309 3565 442 3632 quoslibet
454 3568 522 3616 vitoe
534 3564 699 3616 consuetudo
711 3578 775 3629 pos·
811 3564 864 3615 lom
882 3565 991 3614 omnino
1002 3556 1152 3614 molestiom‘
1169 3563 1265 3613 leuiori
1279 3576 1339 3625 ope·

252 3654 281 3689 sa
311 3642 352 3689 est
379 3644 503 3705 correpta
530 3640 621 3691 ultimo
654 3654 775 3704 pronun·
810 3652 844 3687 ro
860 3639 999 3689 volontate
1016 3637 1245 3701 (lodvioqlioltltoit)
1262 3638 1339 3687 exhi-

251 3714 336 3762 itari.»
363 3716 489 3777 liirscnn.)
523 3716 581 3766 Vld.
609 3716 643 3765 ad
668 3717 721 3765 Sat.
743 3715 772 3773 Ξ,
811 3713 877 3763 here
905 3712 987 3776 velle,
1014 3714 1090 3777 quusi
1111 3726 1175 3763 eum
1194 3713 1230 3761 nd
1248 3726 1283 3762 ea
1299 3712 1339 3763 le-

251 3786 280 3845 3,
294 3786 334 3835 38.
350 3813 376 3822 -
390 3802 421 3837 ne
431 3788 518 3837 titubes
530 3789 592 3853 oet]
604 3788 726 3853 Plerique
738 3789 774 3837 ito
812 3788 898 3851 gendo
915 3791 1025 3851 cogeret
1040 3792 1163 3851 tempore
1182 3787 1232 3851 ipsi
1250 3787 1340 3837 mium

252 3859 398 3923 explicant,
427 3863 455 3910 ut
477 3874 569 3912 rursus
592 3862 685 3913 leviter
701 3861 775 3912 ludet
812 3866 971 3928 opportuno.

679 4130 896 4156 m
