2925 4892
254 344 296 409 84
634 344 764 396 uonirn
792 345 972 399 summurn

296 500 393 569 iiulta
413 508 583 590 potiturum
604 503 712 571 veniet
734 522 863 578 munus,
886 500 1005 568 auxilio
1027 522 1112 589 quae

296 624 343 691 Sit
364 623 456 704 mihi;
479 644 554 690 nam
575 621 809 710 multoplures
832 643 944 689 sumus
967 642 1005 689 nc
1028 608 1130 689 veluti*
1149 634 1180 689 te

294 745 407 813 Iudaei
429 766 584 833 cogemus
606 746 639 811 in
660 744 744 811 hanc
766 742 948 811 concedere
970 742 1106 810 turbam.

317 943 373 993 tit.
391 942 529 993 omiotbc
545 945 573 992 et
595 954 690 993 omnes
712 942 844 1003 Pottierii,
876 944 940 991 item
963 943 1064 992 Veneto
1091 940 1178 1003 rtet,
1202 943 1255 993 LCt
1280 946 1308 994 et

281 1018 419 1069 Kirciiner.
438 1016 528 1080 (omui
546 1018 627 1068 etiam
643 1014 660 1066 0
676 1019 705 1067 et
721 1029 790 1067 unus
807 1015 982 1077 Bersmnnni.)
1003 1039 1030 1051 —
1051 1016 1198 1077 uomituque
1214 1018 1242 1067 L.

249 1180 295 1217 rus
312 1169 367 1227 est;
386 1166 513 1230 hocergo
526 1164 663 1216 urbanius.
679 1192 706 1201 -
719 1178 775 1214 mo-
812 1168 893 1226 torpue
912 1160 1025 1214 tumultu
1043 1166 1133 1214 contre
1158 1166 1184 1215 te
1205 1164 1294 1229 piures
1312 1167 1342 1216 in

247 1242 304 1306 nos]
321 1242 424 1291 Festive
442 1240 517 1303 tingit
532 1252 661 1303 magnum
674 1240 774 1289 Romae
812 1236 939 1288 auxilium
961 1236 1152 1290 advocabimus
1174 1242 1201 1290 et
1224 1242 1265 1301 te,
1289 1242 1341 1291 nisi

248 1328 309 1367 esse
326 1318 467 1379 podiorum
484 1314 561 1377 quun
578 1311 734 1364 sodalicium
748 1314 775 1362 et
811 1313 917 1361 nostrus
940 1324 1037 1361 monus
1054 1312 1153 1362 sentire
1170 1310 1251 1373 velis,
1275 1314 1340 1365 huic

247 1389 473 1448 commuttionem,
500 1400 570 1450 quoe
591 1385 635 1436 uei
660 1398 774 1436 numero
812 1386 903 1435 nostro
927 1386 990 1436 vitio
1012 1387 1179 1447 concedere,
1206 1388 1289 1437 immo
1313 1390 1340 1439 in

246 1476 297 1514 suo
313 1475 443 1527 superare
460 1460 655 1512 obtrectatores
674 1460 773 1524 possit;
811 1460 930 1510 nostram
961 1459 1068 1511 turham
1095 1460 1226 1511 secedere
1255 1474 1341 1525 cogo-

247 1549 300 1600 qun
318 1536 352 1585 de
370 1537 471 1586 Satirue
483 1533 600 1585 clausula
617 1546 698 1584 veros
709 1533 775 1582 nmi—
812 1544 898 1585 mus.»
920 1561 947 1569 -
966 1535 1088 1599 coponius]
1108 1535 1211 1585 Festive
1229 1538 1342 1586 commi-

246 1624 306 1673 cos,
324 1612 448 1670 Varium.
466 1609 615 1674 Virgilium,
634 1610 770 1668 Aristium,
811 1608 897 1668 notio,
924 1611 954 1657 ut
970 1606 1070 1660 similes
1088 1608 1138 1658 ioci
1155 1609 1227 1673 opud
1249 1608 1341 1660 Picto-

246 1688 352 1737 oetoros
370 1686 499 1735 exanimi
517 1685 650 1735 sententia
672 1684 773 1734 risuros
811 1695 874 1732 nem
891 1679 992 1732 Phileb.
1009 1697 1035 1747 p.
1047 1683 1087 1732 to.
1100 1684 1136 1732 ti:
1152 1674 1216 1754 Ἆρ’,
1234 1674 1259 1731 ὦ
1275 1680 1341 1733 Σώ-

247 1771 308 1811 esse
332 1758 418 1823 probe
444 1758 555 1810 sciehat.
593 1755 676 1807 simul
701 1756 773 1806 enim
811 1768 926 1826 κρατες,
945 1750 1001 1815 οὐχ
1020 1750 1090 1827 ὁρᾷς
1107 1750 1192 1822 ἡμῶν
1207 1752 1242 1807 τὸ
1261 1756 1339 1825 κλῆ-

245 1832 367 1897 eugiitnre
392 1833 500 1884 uidetur
524 1830 642 1883 studium
666 1828 774 1881 veroid·
810 1830 877 1893 θος,
896 1823 942 1881 ὅτι
959 1832 1018 1881 νέοι
1036 1827 1140 1894 πάντες
1157 1830 1260 1897 &mvi
1285 1834 1338 1883 καὶ

245 1908 332 1970 condi,
341 1920 395 1971 quo
406 1909 562 1971 tuncqunm
572 1905 680 1970 plurimi
691 1904 773 1955 etiam
810 1898 845 1955 od
863 1902 954 1967 φοβεῖ
968 1902 1011 1971 μή
1031 1919 1080 1956 σοι
1107 1902 1181 1971 pero
1206 1902 1337 1970 Φιλήβου

245 1984 325 2032 invite
345 1982 465 2031 ttinerve
487 1979 653 2031 ier-chuntur.
678 1979 772 2027 -iu-
811 1975 1048 2045 ξυνεπιθώμεθα,
1072 1972 1125 2030 dciv
1142 1974 1221 2046 ἡμᾶς
1241 1978 1341 2031 λοιδο-

245 2056 311 2117 duer]
328 2052 402 2104 uuiti
419 2055 489 2115 turn,
508 2067 542 2103 ex
558 2067 611 2117 quo
629 2053 772 2116 Pompeius
811 2051 879 2125 ρῇς,·
899 2054 1013 2104 Phaedr.
1026 2067 1053 2118 p.
1067 2054 1124 2104 2³6.
1139 2056 1173 2105 C:
1192 2048 1339 2106 ἀλλὰδια-

245 2126 432 2191 Hierosolymo
463 2129 587 2191 ceperat,
621 2126 713 2176 ludaei
745 2127 772 2176 in
809 2124 933 2193 voq'dqn
959 2120 1005 2178 du
1029 2124 1161 2179 ἐντεῦθεν
1186 2124 1242 2180 οὐκ
1267 2124 1339 2182 ἄκι-

245 2202 315 2256 tirbo
328 2205 415 2263 erunt,
428 2200 566 2251 turbidum
577 2201 717 2251 hominum
728 2212 774 2262 ge-
808 2217 877 2267 pev,
896 2202 962 2274 πρὶν
975 2196 1016 2251 ἄν
1030 2198 1067 2253 od
1086 2198 1167 2274 εἴπῃς
1181 2200 1202 2253 ἃ
1217 2198 1341 2270 ἔφησθα

245 2290 304 2328 nus.
341 2278 396 2328 Cic.
409 2290 459 2341 pro
476 2276 570 2327 Flucco
587 2276 633 2336 28,
652 2275 698 2325 66:
718 2274 773 2324 Scio
809 2275 841 2327 ἐν
856 2272 895 2344 τῷ
914 2273 1016 2341 στήθει
1027 2269 1118 2337 ἔχειν·
1137 2277 1225 2342 ἐσμὲν
1235 2277 1267 2330 dt
1277 2295 1337 2345 μο-

246 2356 344 2413 quooto
364 2352 396 2400 rit
416 2364 508 2400 monor
529 2349 697 2414 (iudaeorum
718 2349 772 2398 iio-
808 2366 849 2401 νω
877 2350 908 2401 ἐν
936 2350 1059 2422 ἐρημίᾳ,
1090 2348 1276 2425 ἰσχυρότερος
1305 2352 1338 2405 ot

247 2426 328 2489 mne),
354 2430 452 2489 quomo
474 2425 623 2484 concordio,
650 2428 774 2485 quanm
809 2421 864 2492 ἐγώ
889 2427 939 2475 καὶ
966 2421 1113 2497 νεώτερος.
1160 2426 1234 2477 Polit.
1262 2429 1280 2479 i.
1307 2442 1336 2495 p.

244 2501 330 2551 odim
344 2500 372 2550 io
387 2499 549 2550 contionibro.
584 2496 706 2561 Plerique
723 2509 772 2546 ux·
809 2500 866 2550 327.
885 2500 915 2549 C.
937 2525 964 2536 -
989 2500 1017 2548 in
1038 2500 1103 2549 tono
1125 2502 1257 2552 concedere
1277 2507 1337 2553 tur-

245 2574 361 2641 pticant:
398 2572 653 2634 «Quemadmodum
681 2570 772 2620 iudaei
809 2573 876 2637 inm]
901 2576 943 2623 «te
960 2573 1038 2624 nobis
1062 2586 1206 2637 aggregare
1225 2575 1338 2627 endem-

245 2647 345 2700 muItos
379 2647 414 2698 nd
446 2660 524 2699 sunm
554 2646 771 2711 superstitionem
810 2661 862 2713 quo
891 2647 1034 2699 nobiscum
1059 2650 1157 2700 sentiro
1186 2650 1211 2699 in
1240 2651 1338 2703 iudicio

245 2714 403 2787 porirnhere
429 2721 635 2786 proselytosque
656 2718 699 2770 vei
724 2731 774 2770 co·
810 2724 968 2787 praesertim
998 2723 1032 2773 de
1061 2725 1148 2775 satiris
1182 2725 1337 2777 iaciendo.»

246 2796 335 2859 gendo
357 2797 447 2847 iecere
464 2795 583 2854 soient;»
610 2795 683 2859 quod
707 2806 773 2844 suno
810 2795 963 2847 Turnebus:
992 2798 1075 2849 Unum
1096 2800 1122 2849 te
1141 2812 1156 2848 o
1174 2799 1252 2849 turba
1269 2805 1339 2865 poti-

246 2872 334 2934 uptius
357 2870 461 2920 videtur
481 2872 591 2933 propter
610 2870 669 2932 ipso
689 2866 773 2916 verbu
811 2871 898 2919 turum
916 2871 1041 2933 quamvis
1056 2872 1168 2923 invitum
1179 2873 1336 2935 reddemus,

245 2946 274 2995 in
298 2944 363 2993 icoc
384 2944 517 2993 coooodoro
539 2942 649 2993 turtum
691 2940 774 2991 Aliter
811 2942 918 2993 utillud
936 2943 1068 3007 studium,
1093 2946 1166 3010 quod
1189 2948 1336 3014 improbas,

247 3016 385 3067 schulzins
394 3018 423 3066 in
434 3016 585 3067 Exercitntt.
596 3013 685 3080 philol.
696 3016 771 3067 Fuso.
810 3018 903 3081 postea
920 3018 977 3082 ipso
994 3018 1178 3073 celebraturus
1189 3022 1225 3073 sis
1237 3024 1265 3074 ei
1275 3035 1338 3073 oer-

249 3104 329 3141 novo.
370 3090 459 3153 Hagno
487 3090 563 3141 Com.
593 3088 665 3140 trit.
689 3103 717 3154 p.
742 3089 771 3139 3:
810 3092 1064 3157 minaeoripturus.»
1083 3096 1337 3163 itoctumenpropo

249 3163 343 3215 «Velut
359 3164 450 3215 induet
467 3163 551 3216 multo
568 3163 685 3216 clamore
702 3162 774 3214 mui-
811 3166 924 3218 nimium
940 3166 1053 3219 videtur.

685 3402 907 3427 m
