2925 4892
267 341 329 406 630
633 340 763 392 nonani
784 339 1002 390 aeternalium

310 500 467 578 Quattuor
488 506 544 561 aut
565 494 675 582 plures
698 493 812 560 aulaea
833 504 1023 581 premuntur
1045 493 1077 558 in
1099 492 1213 569 horas,

309 621 394 684 Dum
414 617 538 704 lugiunt
559 617 703 703 equitum
725 627 851 682 turmae
871 614 1083 701 peditumque
1104 625 1268 711 eateryae3
1290 615 1343 678 4944
1429 600 1430 635 i

309 741 382 806 ldex
402 737 536 806 trahitur
558 737 706 804 manibus
728 757 842 822 regum
863 736 991 801 4004000
1012 736 1179 812 retortis,-
1255 714 1261 726 ⁹
1429 722 1430 743 ¹

310 859 434 928 Esseda
455 859 617 934 festinant,
641 856 773 945 pilenta.
796 857 964 943 petorrita,
988 876 1108 932 naves,

311 981 479 1069 CaptIvum
499 988 645 1067 portatur
666 977 764 1054 ebur,
787 976 914 1064 captiva
938 977 1120 1044 Corinthus.

311 1103 344 1168 Si
366 1101 449 1168 foret
471 1102 502 1166 in
524 1100 633 1176 terris,
658 1097 780 1164 rideret
800 1098 1017 1173 Democritus,
1044 1119 1104 1164 aeu

310 1222 482 1288 Diversum
505 1219 638 1288 confusa
659 1239 763 1306 genus
784 1218 941 1306 panthera
961 1219 1103 1294 camelo,
1291 1219 1345 1283 4444
1429 1192 1430 1287 i

268 1443 471 1496 incredibilibus
483 1445 643 1496 coniecturis
660 1443 794 1507 (inproba,
830 1444 912 1504 adeo,
931 1447 961 1494 ut
972 1443 1036 1494 nihil
1047 1444 1149 1505 obstet,
1165 1457 1221 1508 qno
1232 1445 1314 1494 minus
1323 1458 1344 1491 r.

270 1521 388 1580 incestor,
397 1519 441 1586 ,od
456 1519 563 1569 40400400
577 1519 661 1568 oeulos
675 1518 703 1566 40
719 1531 745 1582 p.
756 1531 794 1578 v.,
830 1519 931 1582 [094004
946 1520 1054 1583 proprie
1066 1518 1241 1583 explicemus.
1261 1515 1304 1568 tiit
1314 1520 1346 1566 ta

271 1595 305 1643 ad
326 1593 432 1642 intortos
447 1593 531 1644 andos
546 1594 573 1641 io
589 1607 614 1657 p.
632 1591 669 1655 e.)
687 1590 796 1654 elegans
832 1607 895 1644 men
912 1595 1131 1657 interpretantur:
1155 1591 1291 1644 «celeriter
1302 1605 1347 1654 per

270 1671 350 1732 alque
376 1680 441 1718 sane
466 1667 634 1730 aptissimum
661 1665 796 1717 turonos
832 1679 942 1718 scenam
966 1668 1237 1731 praeterieruntur3·
1263 1668 1290 1716 ut
1311 1669 1346 1715 est

270 1742 405 1792 elimInare
423 1742 511 1792 eonati
526 1744 588 1792 sunt
599 1741 696 1791 Criliei.
716 1741 796 1802 (Con—
832 1756 896 1793 sane
908 1742 980 1807 apud
991 1743 1062 1806 virg.
1076 1744 1122 1792 Ge.
1136 1743 1163 1802 3,
1175 1742 1238 1794 lot:
1251 1753 1347 1803 ucenae

270 1819 400 1868 iacturam
426 1829 504 1866 suam
528 1817 643 1880 40000400
661 1814 796 1865 Bentleiue
833 1816 942 1867 44040οω
956 1815 1019 1866 cnon
1037 1816 1105 1878 444044
1122 1817 1151 1865 io
1168 1817 1296 1878 ittodopeo
1310 1819 1346 1862 nt·

271 1906 304 1942 ex
321 1890 474 1942 Callimachi
492 1891 533 1940 Fr.
549 1890 606 1940 406.
625 1888 730 1948 4440044,
749 1887 797 1937 ubi
833 1901 881 1952 pne
895 1891 924 1939 40
939 1891 1038 1940 deserta
1053 1890 1186 1940 nomm.
1421 1928 1424 1934 .

270 1965 398 2035 vacolppv
415 1958 575 2033 ἀχάριστον
591 1965 670 2027 poeta
687 1961 798 2026 opponit
866 1963 987 2013 494-493.
1011 1965 1075 2013 Moe>
1088 1963 1153 2028 eet]
1172 1965 1250 2014 «Post
1264 1960 1346 2025 proelii

269 2043 334 2101 ταῖς
350 2033 486 2100 axonae,
510 2039 618 2088 firmare
635 2037 732 2088 trustra
749 2049 797 2087 co·
833 2036 1006 2088 simulacrum
1014 2037 1167 2101 triumphus
1174 2038 1347 2100 0344004004»-

271 2114 368 2174 natur.)
388 2141 414 2149 -
440 2113 534 2162 euim
555 2111 713 2176 munior]
741 2112 797 2162 «Ea
833 2109 1346 2174 na.»arm.-tratttnrluonemverbo

270 2185 363 2237 aulaea
394 2185 588 2248 signitieantur,
623 2198 693 2248 quae
721 2187 798 2236 erant
833 2185 868 2234 de
885 2185 997 2248 captivis
1012 2197 1062 2248 per
1077 2186 1245 2250 triumphum
1260 2183 1347 2234 dunen

270 2261 332 2311 ante
358 2259 530 2324 proseenium
554 2263 583 2308 et
605 2260 796 2322 praetante,
834 2259 876 2310 dle
900 2271 966 2309 usus
991 2262 1033 2309 est
1052 2259 1134 2310 etiam
1151 2259 1201 2309 0d.
1217 2258 1245 2320 4,
1262 2259 1289 2317 I,
1305 2253 1343 2304 ll:

270 2335 322 2384 hoe
334 2336 386 2394 004,
405 2345 438 2382 ax
449 2331 501 2382 alto
513 2331 732 2395 demittebantur,
750 2333 795 2393 lta,
834 2334 983 2395 0040040004
998 2333 1080 2382 trahet
1096 2333 1247 2396 (Augustus)
1266 2333 1346 2395 [000404

271 2412 301 2459 ut
318 2407 446 2472 quamdiu
463 2407 489 2456 in
504 2419 585 2457 scena
597 2409 730 2470 ageretur,
749 2407 798 2456 hu·
832 2408 880 2457 Per
894 2407 1148 2457 modoetien
1159 2405 1344 2470 Superum.—

271 2483 308 2533 mi
320 2483 452 2540 iacerent3
464 2479 627 2532 tollebantur
634 2485 735 2543 autern
745 2482 798 2532 hoe
832 2481 949 2531 40004400
958 2505 989 2520 ··
998 2480 1113 2544 retortit]
1130 2481 1171 2531 cI.
1183 2481 1231 2532 0d.
1241 2478 1343 2540 3,i,tl:

271 2560 326 2619 est,
344 2557 372 2607 in
388 2555 470 2607 aliurn
487 2555 676 2618 trahebantur,
694 2558 724 2606 ut
740 2568 798 2606 soe-
832 2557 937 2606 iletortn
957 2560 1027 2619 terno
1045 2555 1149 2604 brachiu
1166 2555 1250 2606 444000.
1268 2577 1293 2590 -
1309 2564 1345 2600 re·
1429 2608 1430 2613 ἵ

272 2644 334 2681 nam
352 2629 520 2681 obducerent
529 2629 618 2681 tabula
629 2631 710 2681 linita.
730 2631 798 2680 Voss
833 2643 894 2695 pren
909 2629 1022 2693 sarlone]
1040 2641 1138 2694 «reges
1149 2629 1215 2680 olim
1226 2625 1343 2685 fortunati,
1429 2624 1430 2651 Τ

272 2705 307 2755 ad
324 2705 420 2767 Georg.
439 2705 469 2766 3,
487 2705 550 2755 25.»
574 2706 678 2754 liranuu.
706 2705 798 2768 «Sipa-
835 2718 907 2756 nune
923 2706 1045 2768 captivi.»
1061 2705 1207 2767 -Emdnl
1224 2699 1344 2752 «vehicula

272 2781 342 2829 rium
376 2781 480 2840 autem,
522 2780 659 2829 mimicum
692 2776 797 2839 velum,
834 2777 957 2842 aBelgis
981 2780 1098 2842 primum
1117 2782 1237 2842 reperta,
1261 2775 1345 2840 quibus
1429 2808 1430 2817 ,

272 2851 434 2912 obsistebat,
463 2852 527 2902 dum
550 2851 700 2902 tabularum
723 2855 799 2901 aetus
835 2854 919 2904 ceteri
930 2851 995 2903 Galli
1006 2856 1087 2916 atque
1098 2854 1217 2904 Britanni
1227 2854 1253 2902 ln
1263 2847 1344 2915 pugni*

273 2925 533 2976 commutationum
560 2925 651 2976 libell.
669 2927 703 2977 de
720 2929 797 2989 Trag.
835 2919 1006 2978 utebantur.»
1037 2927 1148 2978 Duabus
1160 2929 1226 2978 rotis
1237 2923 1344 2988 imposita
1429 2940 1430 2953 ³

274 3000 302 3049 04
325 2998 456 3048 comoed.
483 3010 510 3061 p.
533 2999 643 3049 XXXIII.
670 3001 718 3050 Ed.
746 3003 799 3051 Te·
836 3001 975 3053 eratsella
991 3005 1098 3067 aperta,
1121 3003 1149 3052 in
1173 3015 1226 3067 qna
1240 2997 1308 3050 miles
1322 2997 1345 3044 et

274 3073 342 3121 rent.
358 3071 442 3120 Lond.
462 3071 534 3121 ⁴820.
565 3073 639 3122 Conl.
656 3076 685 3122 A.
698 3077 726 3123 P.
741 3075 797 3125 itt.
835 3078 925 3139 auriga
937 3075 1216 3138 sedebat-pitatio,
1225 3067 1343 3136 4444044444]
1429 3086 1430 3101 ¹

275 3146 331 3195 4400
353 3145 431 3206 igitur
456 3143 535 3194 dicit:
563 3147 612 3194 «ln
635 3159 687 3196 una
710 3147 800 3198 tabula
837 3150 982 3211 Pileutum,
1007 3149 1121 3200 vebIeuli
1146 3161 1232 3212 genus
1248 3147 1342 3198 teetun.

274 3219 378 3282 agenda
406 3220 533 3282 quattuor
558 3222 604 3269 aut
631 3218 721 3283 plures
749 3223 801 3272 bo—
837 3238 892 3288 quo
903 3227 1041 3274 matronae
1054 3223 1219 3282 terebantur,
1232 3222 1265 3270 ita
1275 3218 1343 3268 libra·
1429 3224 1430 3243 ³

274 3307 321 3346 rae
349 3292 483 3344 interdum
517 3296 711 3345 consumuntur
736 3310 801 3360 prn-
837 3301 896 3348 tum
912 3297 1018 3348 duabus
1034 3297 1116 3356 rotis,
1143 3299 1174 3346 nt
1191 3290 1343 3346 considentes

274 3371 335 3436 pter
351 3369 438 3420 varias
454 3381 567 3434 pompae
579 3381 716 3433 pugnasve
726 3372 802 3434 pedi-
837 3375 865 3423 in
887 3372 1001 3437 pulvinis
1016 3372 1044 3421 in
1060 3377 1123 3421 aare
1140 3379 1283 3434 suspensae
1298 3361 1343 3424 agi·

274 3449 345 3496 tatus
363 3448 389 3496 at
406 3447 541 3508 equitatus
559 3445 623 3507 (Cin.
636 3445 671 3496 ad
687 3447 759 3496 Fam.
774 3449 799 3506 t,
838 3447 888 3497 tari
904 3447 1071 3506 viderentur,
1090 3443 1257 3496 dlllerebata
1266 3439 1343 3504 pelor-

274 3521 308 3583 4.)
334 3519 422 3569 oblata
448 3521 590 3570 occasione
619 3521 668 3584 ipsi
693 3519 800 3570 tabulae
837 3522 903 3581 rtto,
921 3520 1132 3583 quodqnattuor
1145 3511 1341 3568 rotasbabehal:

274 3595 421 3653 insertas,·
447 3593 529 3642 veluti
553 3607 615 3644 curn
640 3595 666 3644 ln
690 3596 800 3646 Troasin
836 3593 967 3659 pilentum
983 3593 1033 3644 imt
1047 3594 1185 3643 inventum
1200 3589 1242 3640 vel
1256 3589 1342 3637 441440·

275 3669 368 3716 Graeci
386 3667 515 3730 praedam
526 3669 666 3719 Troianam
677 3671 704 3720 iu
716 3681 801 3720 naves
837 3681 899 3718 rum
919 3667 962 3718 vel
986 3668 1177 3731 Hispanorum,
1203 3660 1342 3728 petentium

273 3741 459 3804 importarent,
471 3741 498 3790 in
508 3741 728 3804 Epinaueimache
738 3756 800 3793 eum
838 3741 980 3792 Gallorum.
993 3742 1117 3804 (epitasin
1126 3737 1247 3789 vehicula
1257 3733 1343 3784 mairo·

274 3814 393 3864 Troianis
409 3826 527 3877 pugnam
537 3820 695 3878 pugnarent.
713 3817 743 3866 ld
755 3829 806 3866 an-
838 3828 946 3875 narum,
959 3815 1029 3865 sieut
1041 3814 1166 3876 potestte
1176 3808 1340 3863 teneuram·

275 3889 330 3937 tem
342 3889 470 3950 temporie
482 3891 625 3951 punctum,
643 3901 696 3951 quo
706 3890 801 3940 hostes
838 3891 922 3941 Gonu.
937 3889 1025 3950 Cerni
1044 3888 1119 3938 conl.
1129 3888 1182 3937 Sat.
1194 3885 1250 3945 4,4,
1260 3878 1338 3931 llll·-

273 3961 377 4010 vertum
402 3963 464 4024 post
483 3961 614 4025 proelium
632 3963 741 4014 tandem
759 3964 801 4014 Iu-
837 3964 922 4027 00000]
938 3966 985 4013 aut
1001 3964 1108 4012 navium
1125 3964 1260 4024 naptarum
1274 3953 1341 4003 sim*
1429 4018 1430 4021 Ἴ

275 4047 339 4098 gere
355 4035 531 4098 ineiplebant,
555 4035 618 4088 illud
635 4038 717 4090 luisse
734 4051 802 4089 eon·
836 4036 909 4088 laera
929 4038 977 4087 aut
997 4039 1116 4100 ipsarum
1131 4037 1216 4084 0004ιο
1229 4019 1340 4078 vehiculis

275 4112 434 4160 sentaneum
452 4113 505 4172 est,
530 4112 602 4174 quod
619 4114 800 4177 spectatorum
837 4112 969 4177 imposita.
997 4108 1263 4174 Iliiouplicantlpsas
1273 4105 1341 4149 oliti
1429 4154 1430 4157 ,

274 4181 367 4235 oeulos
389 4185 505 4236 maxime
523 4186 550 4236 in
566 4199 596 4238 se
614 4188 799 4245 converteram
837 4186 967 4237 machinis
991 4197 1041 4249 per
1064 4195 1174 4234 scenam
1199 4179 1292 4230 000400.
1316 4191 1338 4200 -
