2925 4892
233 372 274 435 86
617 372 745 424 nonnuli
764 373 944 425 SATthRUM

274 526 443 594 Differtum
466 527 588 602 nautia,
612 527 813 614 cauponibus
836 538 933 615 atque
957 528 1112 616 malignis.

275 650 344 714 Hoc
366 648 426 715 iter
447 647 552 734 ignavi
574 646 758 721 divisimus,
783 648 877 715 altius
899 670 937 714 ac
960 670 1019 715 nos
1301 655 1324 715 5

275 768 471 835 Praecinctis
488 790 604 846 unum3
627 769 734 833 minus
756 780 806 835 est
827 770 933 856 gravis
956 772 1059 857 Appia
1080 771 1189 837 tardis.

275 890 334 957 Hic
355 910 417 977 ego
439 899 572 977 propter
594 911 727 977 aquam,
752 890 925 977 quoderat
946 890 1138 967 deterrima,
1162 894 1265 959 ventri

273 1010 384 1079 Indico
406 1010 541 1089 beilum,
565 1020 739 1077 coenantes
761 1010 847 1077 haud
870 1012 977 1077 animo
1000 1033 1105 1099 aequo

266 1190 443 1314 Bourienos]
469 1190 544 1239 nimis
560 1189 635 1253 spi.
666 1216 690 1228 -
721 1190 745 1240 7.
773 1190 902 1239 teteuima
928 1202 960 1239 ex
987 1203 1039 1241 uno
1066 1191 1130 1241 Cod.
1150 1190 1288 1245 Puimanni

287 1278 321 1314 en
343 1276 409 1314 erus.

230 1418 301 1455 nune
344 1402 446 1467 aliquot
492 1403 550 1453 eius
595 1404 752 1467 parietinae.
792 1406 894 1453 minum
912 1402 992 1453 nihilo
1010 1406 1073 1454 tune
1089 1404 1250 1457 honestioris
1269 1407 1324 1458 loei

231 1477 350 1540 (wilci.)
368 1478 544 1540 -Dtffertmn
554 1478 755 1540 cautu]Strabu
793 1490 874 1541 quam
897 1477 1018 1529 lenones.
1052 1480 1084 1530 Ut
1107 1479 1133 1529 h.
1155 1478 1172 1529 Ι.
1196 1482 1325 1533 Horatius

230 1554 254 1611 5,
273 1552 298 1612 3,
313 1552 342 1601 6;
371 1550 503 1618 Πλησίον
513 1547 565 1617 τῆς
574 1546 755 1622 Ταρῤακινῆς
793 1564 928 1615 caupones
953 1564 1016 1602 cum
1042 1554 1128 1603 nautis
1153 1555 1253 1615 iunxit,
1280 1557 1324 1607 sie

228 1624 374 1689 βαδίζοντι
395 1625 443 1676 ἐπι
461 1623 513 1690 τῆς
532 1622 644 1692 Ῥώμης
661 1642 755 1697 παρα-
792 1624 949 1677 Plutarchus
970 1626 1004 1676 de
1023 1626 1111 1676 cohib.
1130 1630 1170 1677 ira
1191 1631 1229 1679 ib.
1249 1644 1327 1679 παν-

228 1698 368 1767 βὲβληται
387 1694 423 1772 τῇ
441 1696 499 1767 ὁδῷ
516 1699 552 1772 τῇ
568 1696 669 1769 ituatur
685 1697 753 1751 διῶ-
792 1696 887 1762 δοκεῖς
912 1700 960 1750 και
989 1696 1096 1762 ναύτας
1120 1702 1168 1753 και
1195 1696 1323 1774 ὀρεοκό-

228 1772 281 1847 ρυξ
307 1777 364 1840 (per
387 1775 500 1840 paludes
526 1776 687 1839 Pomptinas)
706 1774 757 1827 ἐπι
792 1788 876 1839 μους.

229 1847 354 1912 πολλοὺς
371 1846 479 1912 τόπους
496 1846 754 1919 πληρουμένητοῖς
826 1849 882 1897 5-8.
908 1849 959 1897 Hoc
980 1849 1036 1912 tter]
1055 1848 1097 1898 «id
1120 1853 1172 1909 est,
1196 1850 1230 1901 nh
1248 1850 1323 1903 Urbe

229 1925 333 1987 ἑλειοις
366 1938 396 1974 τε
428 1925 478 1974 και
508 1930 571 1986 τοῖς
602 1927 756 1989 ποταμιοις
793 1935 877 1985 usque
896 1923 930 1972 ad
949 1924 1044 1973 Forum
1056 1924 1132 1987 Appii
1149 1924 1325 1976 hiduoveni-

195 2052 199 2060 ,
230 1991 331 2050 ὕδασι·
362 1997 474 2049 πλετται
497 1996 529 2048 δὲ
556 1994 685 2061 μάλιστα
700 1999 754 2063 μιν
794 2008 866 2055 mue,
890 2008 953 2047 cum
975 1996 1122 2049 velociores
1139 2012 1192 2048 uno
1210 1999 1253 2049 die
1272 2014 1324 2051 εο-

230 2070 352 2143 νύκτωρ,
365 2066 433 2123 ὥστ’
446 2067 593 2137 ἐμβάντας
603 2066 655 2133 ἀφ’
668 2071 755 2124 tons·
792 2069 864 2120 leant
881 2083 913 2120 eo
932 2072 1048 2119 venire.»
1066 2074 1162 2122 Aenon.
1181 2071 1247 2123 Male
1266 2074 1320 2125 Fea

229 2163 282 2218 ρας
304 2144 448 2207 &rideant
469 2144 579 2217 πρωιας
599 2147 648 2197 και
670 2145 755 2206 Badt-
793 2146 981 2208 interpretatur
1004 2144 1037 2195 de
1064 2148 1150 2197 tractu
1173 2147 1207 2197 ab
1232 2150 1325 2201 Aricia

230 2224 287 2284 ζειν
311 2217 346 2269 τὸ
372 2216 476 2271 λοιπὸν
493 2217 529 2289 τῇ
554 2215 611 2287 ὁδῷ
630 2217 673 2292 (τῇ
692 2216 755 2272 idn-
793 2219 827 2267 ad
845 2220 1024 2270 Tarracinam.
1046 2247 1073 2255 —
1092 2220 1169 2271 ειιιιιε
1185 2248 1225 2259 --
1240 2224 1327 2273 Prae-

231 2297 300 2362 πιᾳ),
320 2290 395 2344 ἀλλὰ
411 2295 461 2345 και
479 2295 544 2359 μεθ’
562 2290 684 2365 ἡμέραν·
704 2291 755 2367 ῥυ·
794 2294 888 2357 cinctis]
907 2287 1135 2363 «εὐζωνοτέροις,
1154 2295 1267 2347 celerius
1280 2298 1327 2347 in-

229 2363 538 2436 μουλκεϊιι’ἡμιόνιον.
555 2396 582 2405 -
601 2372 756 2433 cauponibus
795 2367 952 2418 cedentibus
978 2382 1009 2419 ac
1035 2368 1259 2420 strenuioribus.»
1289 2398 1321 2407 —

231 2448 308 2504 atam
323 2444 453 2507 motipnb]
481 2442 623 2507 «Virgilius
645 2444 756 2508 quidem
792 2444 874 2493 nunus
890 2442 952 2506 εει]
972 2443 1074 2493 «minus
1085 2448 1126 2494 est
1137 2446 1224 2507 gravis
1236 2447 1323 2509 pigris

230 2532 318 2582 neque
344 2522 420 2579 atque
444 2531 532 2582 neque
554 2534 586 2570 ae
611 2520 754 2583 particulas
793 2530 875 2580 quam
883 2515 1075 2575 velocioribus3
1088 2531 1151 2568 nam
1159 2520 1204 2582 qui
1218 2518 1322 2572 tardius

230 2595 291 2658 post
307 2592 370 2643 iilud
386 2592 548 2644 vocabulum
567 2596 684 2657 trajecit,
712 2599 755 2646 eui
792 2604 842 2656 per
852 2591 964 2655 Appiam
975 2590 1017 2642 vei
1032 2592 1178 2655 ingreditur
1189 2592 1231 2643 vei
1243 2595 1326 2645 vehi-

229 2666 441 2732 praemittendae
459 2670 535 2718 erant
554 2672 665 2733 propter
681 2672 756 2734 cogi·
794 2668 851 2725 tur,
870 2664 1017 2730 prudenter
1029 2667 1096 2729 agit,
1111 2667 1172 2730 quin
1183 2668 1272 2719 minus
1283 2669 1326 2719 ia-

230 2743 367 2791 tatiouem.
386 2768 400 2779 ·
417 2768 432 2779 -
446 2768 461 2779 -
477 2742 600 2793 Horatius
617 2745 644 2794 in
661 2745 755 2809 epodis
794 2740 1074 2803 tigaturquamviator
1085 2742 1168 2803 magis
1180 2742 1324 2806 expeditus

176 2870 181 2877 ,
231 2818 258 2866 ει
279 2815 449 2865 sermonibus
475 2814 517 2865 iiia
543 2816 756 2880 copulativamm
795 2815 822 2863 at
832 2814 952 2877 pernix.»
966 2814 1069 2864 Etenim
1081 2815 1153 2879 quod
1166 2814 1207 2865 aiii
1219 2817 1270 2866 hoc
1281 2817 1326 2867 di-

229 2888 420 2953 particularum
437 2887 610 2939 collocatione
621 2890 756 2953 aliquanto
794 2891 857 2938 cunt
873 2888 1035 2951 significare:
1057 2902 1124 2939 anon
1141 2892 1182 2941 εει
1197 2890 1322 2955 molesta,

231 2962 338 3025 saepius
360 2975 425 3013 usus
449 2964 491 3011 est
513 2975 595 3024 quum
618 2964 754 3028 Virgilius,
797 2966 838 3014 est
855 2964 970 3014 iucunda
990 2964 1164 3027 tardioribus,
1183 2968 1245 3029 quia
1263 2966 1323 3016 ire-

231 3035 319 3086 minus
335 3047 417 3098 saepe
440 3036 466 3084 in
491 3037 669 3097 carminibus¹
696 3051 756 3089 ma·
793 3050 879 3099 quens
897 3040 950 3099 est,
970 3041 999 3089 ut
1015 3037 1173 3099 voiuntaiii,
1193 3040 1325 3091 deverso-

230 3111 302 3160 xime
322 3110 348 3159 in
366 3109 560 3173 posterioribus
577 3108 665 3171 tibris,
691 3127 756 3178 per·
794 3112 852 3171 riis,
865 3114 895 3162 ut
906 3110 961 3173 aiii,
975 3114 1156 3164 monumentis
1167 3112 1325 3177 sepulcrali-

230 3196 293 3233 raro
313 3184 340 3233 in
362 3180 491 3246 epistolis,
517 3185 543 3234 in
568 3188 625 3235 arte
651 3188 755 3249 poetica
793 3186 877 3246 busp
889 3200 996 3247 vereor,
1015 3201 1049 3237 ne
1067 3189 1223 3238 neutrorum
1241 3188 1325 3240 tuerit

231 3269 372 3320 nusquam.
392 3260 420 3307 et
436 3262 513 3319 utque
526 3258 636 3322 quidem
648 3262 756 3325 saepius
793 3263 896 3311 amator
912 3262 1042 3322 Horatius,
1060 3263 1105 3325 qui
1119 3261 1212 3323 siivas,
1226 3262 1321 3327 εοιιεε,

231 3344 313 3395 quam
335 3330 378 3380 aiii
400 3344 495 3383 omnes
516 3334 586 3383 inter
608 3333 661 3384 duo
685 3348 755 3398 quae
793 3336 863 3386 rivos
885 3336 973 3399 potius
996 3335 1150 3387 sectabatur
1172 3350 1253 3399 quam
1277 3340 1324 3387 ta-

230 3419 323 3457 secum
356 3408 488 3459 artissime
519 3410 658 3460 coniuncta
693 3412 756 3461 sunt
791 3407 891 3460 beruas
908 3412 954 3460 aut
971 3408 1095 3461 tumulos.
1130 3412 1213 3460 minua
1230 3412 1324 3463 autem

230 3480 359 3531 vocabula
382 3483 469 3545 ponit,
496 3496 580 3535 serm.
600 3486 629 3541 ι,
647 3484 676 3544 6,
696 3485 753 3535 tio.
792 3482 919 3533 exhibent
939 3482 1060 3548 plerique
1081 3483 1194 3535 Codices
1213 3486 1321 3547 (omnes

231 3556 286 3605 ι3ι.
310 3556 339 3615 7,
364 3557 403 3605 ⁴2.
427 3557 474 3617 ιιι,
496 3558 538 3609 28.
561 3557 631 3621 epod
653 3559 693 3619 tr,
711 3557 754 3608 t.»
792 3560 865 3607 certe
888 3557 1003 3609 Oberiini
1025 3559 1052 3607 ει
1074 3558 1188 3608 Pottierii
1212 3572 1245 3609 ae
1263 3562 1320 3611 mei

230 3629 316 3679 ilaurr
341 3629 608 3694 bessarionis.
648 3632 754 3694 Caupo-
792 3632 862 3693 bod).
894 3632 990 3681 Contra
1003 3630 1146 3683 lectionem
1156 3634 1321 3685 oimisreete

232 3715 280 3751 nes
296 3702 402 3765 mutiani
419 3706 549 3753 vocantur
565 3705 591 3753 h.
613 3703 630 3753 i.
652 3706 682 3755 ut
696 3718 756 3767 per-
792 3704 914 3755 i'renzeI:
937 3706 1052 3766 «Quodsi
1069 3706 1111 3756 via
1129 3706 1211 3757 tardis
1229 3707 1322 3770 gravis

227 3776 272 3838 aut
294 3776 347 3825 Sat.
372 3777 402 3835 ι,
427 3778 454 3836 ι,
478 3777 523 3832 ab
550 3790 612 3827 nam
628 3778 755 3842 muenia
792 3783 865 3841 erat,
889 3792 939 3829 eur
956 3780 1079 3832 Horatius
1097 3781 1186 3831 divisit
1202 3782 1253 3832 iter
1270 3794 1324 3833 ne-

227 3850 336 3913 proprie
359 3850 507 3900 contrarius
529 3854 571 3901 est
595 3852 700 3916 benique
715 3855 754 3905 si·
792 3867 844 3919 que
869 3852 982 3905 ceterius
1008 3868 1168 3919 progressus
1189 3858 1268 3907 esti»
1288 3883 1321 3893 -

228 3920 388 3985 gnificatque
406 3936 484 3984 eum,
510 3926 555 3987 qui
579 3926 648 3975 iusto
665 3928 754 3979 minus
791 3930 836 3979 iiia
853 3942 898 3992 apo
915 3930 978 3993 eet]
997 3929 1096 3979 «Hodie
1114 3930 1141 3979 in
1158 3930 1225 3980 Foro
1241 3930 1323 3993 Appii

227 3994 303 4047 atteri
321 3996 425 4058 tribuit,
444 3997 471 4048 id
482 3998 556 4062 quod
567 3998 655 4051 iacere
667 4000 754 4053 soient
791 4004 907 4054 viatores
930 4006 1040 4068 propter
1057 4016 1171 4068 aquam,
1196 4016 1264 4067 quae
1281 4003 1323 4057 ibi

226 4083 362 4135 caupones
379 4075 451 4123 omni
473 4073 554 4124 medo
571 4076 685 4128 viatores
703 4077 753 4127 de·
792 4077 934 4129 deterrima
948 4080 1002 4140 εει,
1020 4091 1129 4129 manere
1142 4078 1231 4129 vitant.
1251 4078 1322 4130 Dicit

227 4146 364 4209 apiendo,
391 4148 442 4199 viia
464 4148 557 4199 vinum
579 4163 642 4201 caro
665 4153 753 4216 pretio
791 4166 867 4216 ergo,
886 4168 916 4203 se
936 4153 971 4203 ibi
989 4166 1105 4204 coenare
1123 4150 1255 4213 notuisse,
1283 4166 1321 4203 ne

227 4220 384 4283 vendende,
402 4223 437 4273 ad
455 4236 590 4275 summam
607 4238 690 4288 genus
706 4225 754 4276 ho·
791 4239 904 4279 neeesse
916 4226 1029 4278 haberet
1040 4226 1161 4279 hibere.»
1179 4228 1271 4277 Ponru.
1288 4254 1318 4263 -
