2925 4892
246 356 309 425 loo
628 358 956 413 aommsarrmauu

288 514 503 603 Distorquens
524 512 653 592 oculos,
676 524 712 581 ut
733 534 786 581 nae
809 514 959 602 eriperet.
1003 512 1085 581 Male
1108 512 1213 581 salsus
1294 515 1337 579 65

289 635 408 703 llidens
429 633 651 702 dissimulare:
673 656 783 703 meum
806 637 896 703 iecur
918 655 1016 701 urere
1037 632 1121 701 bilis.

289 758 384 824 Certe
407 756 519 823 nescio
541 755 621 843 quid
642 765 770 823 secreto
793 754 875 823 velle
898 754 986 843 loqui
1009 766 1041 823 te

289 876 407 945 aiebas
429 898 567 944 meeum.
611 876 740 944 Memini
761 876 864 953 bene,
888 875 948 944 sed
970 875 1105 943 meliore

311 1057 353 1106 68.
370 1056 517 1115 meteres,
542 1068 605 1105 cum
624 1067 678 1105 uno
701 1053 841 1117 alteroque
859 1068 874 1103 o
893 1055 948 1105 suis
969 1053 1053 1105 Codd.
1076 1054 1223 1107 Bentleius:
1250 1070 1304 1108 me-

280 1131 340 1183 liori
356 1130 542 1197 beplctlllt.

247 1253 283 1302 ud
298 1258 355 1303 orta
371 1252 512 1315 apeorotota
529 1248 657 1313 Gargalto.
686 1250 772 1300 ilinus
810 1246 883 1299 'llari'
894 1250 986 1313 quinto
1003 1250 1122 1312 decimo,
1141 1252 1229 1316 primo
1241 1264 1341 1303 soeno-

247 1329 321 1378 recte
346 1326 514 1377 Torrentius:
542 1336 631 1386 «quae
657 1322 774 1386 obsequi
810 1324 965 1388 pomorum,
995 1338 1066 1388 quae
1094 1338 1203 1391 semper
1232 1331 1340 1379 constat

247 1400 381 1461 nollent»,
404 1402 435 1450 ut
450 1400 493 1449 est
509 1397 581 1461 apud
603 1398 684 1448 Tacit.
703 1400 772 1448 Ana.
811 1398 959 1449 castissime
977 1398 1113 1450 celebrata
1128 1402 1169 1461 οι,
1188 1402 1261 1465 quod
1278 1416 1342 1452 ma-

248 1478 278 1536 l,
297 1477 345 1527 65:
363 1476 444 1525 ιιιιιοι
460 1472 774 1535 odoermmiasperioco·
809 1473 873 1524 simi
891 1474 1019 1525 momenti
1042 1477 1097 1536 est,
1123 1476 1249 1526 Romanis
1273 1478 1341 1527 satis

246 1562 297 1600 rea.
317 1576 345 1585 -
367 1548 435 1599 liele
454 1546 543 1610 ιοιιιιι]
567 1559 665 1610 «prave
691 1548 773 1610 atque
810 1550 872 1599 nota
903 1548 993 1599 luisse.
1042 1548 1125 1598 Levit.
1152 1548 1200 1609 33,
1230 1549 1339 1602 ai-ta.

247 1624 434 1688 intempestive
455 1622 571 1671 iocans·
602 1620 678 1670 lland
695 1620 772 1670 Ture.
810 1618 942 1671 Plutarch.
962 1622 1086 1686 sympos.
1105 1622 1151 1682 lv,
1171 1622 1202 1685 6,
1220 1624 1245 1674 3.
1270 1626 1343 1674 1)ιοί-

247 1699 290 1748 lll.
309 1710 336 1762 p.
354 1695 413 1747 ott.
433 1720 462 1731 -
480 1694 557 1758 iecur]
576 1694 607 1743 H.
624 1692 641 1743 1.
659 1696 701 1744 est
717 1695 774 1743 irae
810 1695 955 1745 lutetiam
981 1695 1078 1745 festum
1103 1695 1343 1748 tabernaculorum

248 1772 343 1831 sedes,
362 1772 392 1819 ut
408 1768 456 1820 0d.
470 1770 499 1829 i,
519 1768 565 1827 43,
584 1767 616 1817 ³:
634 1780 775 1818 οιιιιιιιιιιιι
810 1764 873 1834 (τὴν
891 1770 1032 1839 προτέραν
1046 1764 1099 1834 τῆς
1110 1765 1214 1838 ἑορτῆς
1225 1767 1343 1835 σκηνήν

247 1847 354 1897 limem
364 1842 698 1908 difficittbitctaamticeur3
712 1840 774 1892 alibi
810 1837 1014 1907 ὀνομάζουσιν.
1045 1841 1111 1893 Plut.
1131 1842 1148 1893 l.
1165 1842 1193 1907 l.)
1216 1848 1244 1894 et
1266 1857 1346 1896 com-

248 1919 356 1968 amoris.
387 1916 446 1965 Vid.
471 1914 505 1964 ad
527 1914 576 1964 0d.
600 1916 629 1974 i,
655 1916 703 1977 33,
731 1916 772 1965 45.
809 1915 1342 1981 plectiturintegmsseptamdiesaxv.

248 1992 277 2050 t,
291 1994 301 2041 ι
313 2031 319 2052 ,
333 1992 373 2040 43.
389 2017 416 2025 -
428 2002 503 2038 urere
515 1988 577 2049 bilta]
595 1989 775 2039 aristolam
809 1991 875 2041 Tisri
893 2004 978 2054 usque
996 1991 1031 2041 ad
1042 1992 1107 2041 XXI.
1126 1992 1230 2043 Primus
1247 1995 1344 2045 autem

248 2064 330 2115 blena.
341 2063 386 2113 30:
405 2052 489 2124 ὅσοις
499 2059 530 2111 dt
541 2060 606 2112 nav
618 2058 710 2126 πολλὴ
724 2062 775 2112 καὶ
812 2064 890 2114 huius
914 2064 1092 2115 hebdomadis
1109 2064 1167 2116 dies
1189 2068 1215 2115 et
1231 2064 1346 2119 ultimus

248 2134 343 2210 θερμὴ
367 2132 396 2203 (ἡ
418 2132 493 2201 χολὴ
519 2132 694 2206 ἐνυπάρχει),
716 2153 775 2202 μοι·
811 2139 928 2189 maxime
941 2138 1347 2202 sacrierantetpraetercete-

249 2215 325 2265 νικοὶ
352 2211 402 2262 καὶ
430 2206 549 2273 εὐφυεῖς
571 2211 621 2261 και
643 2210 774 2282 ἑρωτικοι
811 2224 856 2262 ros
873 2211 1032 2262 dicebantur
1048 2212 1187 2263 sabbata.»
1222 2215 1339 2263 Roman.

248 2289 299 2339 καὶ
315 2281 461 2351 εὐκίνητοι
482 2279 555 2355 πρὸς
575 2281 645 2347 τοὺς
660 2282 775 2351 θυμοὺς
811 2284 928 2336 Eximius
936 2284 1094 2349 Theologus
1109 2288 1153 2350 qui
1166 2300 1237 2337 nunc
1249 2288 1344 2351 ipsum

248 2364 298 2415 ιιαι
315 2358 368 2425 τὰς
384 2360 549 2424 ἐπιθυμίας.
809 2360 836 2409 in
854 2373 887 2410 eo
900 2362 955 2422 est,
974 2362 1004 2409 ut
1020 2360 1164 2411 obscuram
1175 2360 1274 2411 Iudaici
1285 2362 1341 2411 Ka-

282 2434 389 2488 69-74.
414 2435 540 2484 messinae
561 2433 675 2499 subbato]
694 2434 775 2485 «Sob-
809 2431 920 2483 lendarii
943 2435 1074 2484 rationem
1098 2435 1206 2485 tandem
1229 2434 1341 2486 ordinet

249 2512 311 2562 boto
326 2510 361 2561 de
378 2523 431 2559 uno
443 2508 549 2559 sabbati
566 2508 609 2559 dic
627 2508 718 2561 uasta.
730 2510 773 2571 33,
810 2510 890 2571 atque
909 2506 1033 2569 illustret,
1057 2520 1073 2557 a
1095 2520 1140 2558 me
1157 2508 1208 2559 hoc
1225 2508 1259 2559 de
1276 2506 1342 2559 loco

250 2589 275 2638 t.
295 2585 376 2638 ilorci
394 2585 423 2643 t,
442 2584 483 2633 2⁴.
501 2584 608 2648 loseph.
628 2584 735 2648 antiqq.
748 2583 772 2644 3,
811 2580 947 2632 consultus
972 2592 1035 2631 cum
1060 2584 1145 2644 esset,
1177 2596 1230 2632 non
1259 2594 1343 2645 prur-

250 2662 296 2722 to,
316 2663 347 2710 l:
366 2654 441 2709 κατὰ
457 2656 488 2709 dt
505 2656 635 2723 ἑβδόμην
652 2652 773 2728 ἡμέραν,
811 2668 857 2706 sus
875 2656 1035 2719 improbavit
1055 2655 1169 2707 iloederi
1190 2656 1341 2718 rationem

249 2730 314 2803 ἥτις
344 2730 482 2797 σάββατα
512 2732 650 2784 καλεῖται.
693 2734 774 2784 Recte
811 2730 863 2780 hoc
881 2732 971 2780 tanam
993 2730 1123 2781 adauxit:
1150 2730 1266 2791 «Quodsi
1286 2730 1342 2781 ad-

249 2812 311 2861 inita
337 2809 466 2872 temporis
489 2808 687 2871 computatione
710 2806 775 2858 sab·
812 2805 1009 2855 numerandum
1027 2807 1068 2855 est
1090 2808 1117 2856 et
1133 2808 1342 2856 controversum

249 2885 312 2934 bata
329 2883 363 2932 ab
381 2882 454 2932 initio
471 2883 533 2931 anni
549 2882 619 2931 sacri
640 2882 775 2931 tricesima
812 2876 875 2928 illud
887 2878 1030 2930 sabbatum
1041 2876 1346 2951 daorapdrpcsovlbu·

249 2957 369 3008 incidunt
393 2957 419 3006 ln
444 2956 534 3019 ipsum
559 2956 676 3018 primum
702 2955 775 3005 diem
812 2968 860 3005 cae
878 2954 908 3016 6,
927 2956 972 3018 4.),
991 2956 1031 3005 lb.
1051 2955 1109 3005 dies
1126 2956 1227 3006 mensis
1246 2955 1342 3015 Nisam

250 3030 474 3093 scenopegiorum
485 3028 538 3077 XV.
552 3028 579 3078 d.
592 3028 700 3078 Octobr.
716 3030 777 3078 Ete-
811 3030 841 3078 ιιι
851 3027 968 3090 videtur,
982 3030 1051 3080 teste
1063 3030 1177 3093 Iosepho
1188 3028 1340 3092 (Archaeol.

250 3104 306 3154 nim
323 3116 371 3153 sex
387 3114 497 3152 menses
518 3100 626 3152 lunares
643 3101 677 3152 ab
694 3102 777 3166 Aprili
812 3103 842 3162 3,
862 3104 908 3165 ιθ,
933 3104 957 3152 s.
987 3103 1033 3166 43,
1052 3104 1081 3163 8,
1100 3102 1135 3168 i.)
1156 3116 1206 3168 pro
1224 3102 1346 3155 sabbato

250 3178 286 3228 ad
308 3176 452 3229 Octobrem
475 3175 689 3241 complectuntur
710 3178 777 3228 sab·
812 3176 980 3239 celebratus,
1010 3180 1038 3228 et
1064 3178 1123 3228 dies
1151 3178 1344 3239 Pentecostcs,

249 3253 313 3303 bata
331 3250 420 3315 viginti
437 3251 563 3315 quinque.
593 3252 776 3311 Quemadmo-
813 3252 837 3302 6.
848 3252 905 3302 dies
917 3253 1018 3303 mensis
1030 3252 1118 3314 Simu,
1131 3254 1266 3303 tricesima
1278 3250 1347 3301 eab-

250 3327 316 3377 dum
332 3329 423 3376 autam
440 3326 570 3390 septimus
587 3325 702 3389 quisque
717 3325 776 3375 dies
812 3326 874 3376 bata
892 3328 918 3377 in
936 3326 1009 3376 diem
1021 3328 1061 3377 ⁴0.
1081 3328 1181 3379 mensis
1198 3327 1263 3377 l'isri
1274 3340 1345 3391 per-

250 3402 393 3454 sabbatum
410 3403 466 3461 est,
486 3401 522 3450 ita
539 3399 722 3450 lestisdiebus
735 3413 777 3450 se·
812 3412 895 3464 quam
915 3403 976 3465 apte
998 3401 1130 3452 incidunt:
1161 3402 1261 3452 etenim
1286 3400 1344 3452 hoc

249 3478 325 3542 ptimi
350 3476 451 3526 mensis
476 3474 511 3524 ad
538 3486 623 3525 uuum
650 3474 776 3526 omnibus
812 3476 855 3525 dle
882 3474 940 3539 ipso
967 3488 1094 3538 magnum
1119 3474 1182 3527 illud
1208 3474 1342 3526 sollemne

250 3550 424 3601 sabbatorum
458 3561 558 3599 nomen
595 3546 774 3599 tribuebatur.
813 3550 991 3614 expiationum
1009 3548 1212 3621 celebrabatur,
1231 3548 1265 3599 de
1283 3562 1342 3612 quo

249 3625 328 3686 Atqrd
344 3623 447 3687 primus
465 3622 587 3673 Octobris
598 3623 656 3674 dies
669 3626 711 3673 est
721 3621 777 3673 sol·
812 3624 895 3674 Levit.
908 3622 955 3685 33,
967 3624 1008 3673 37.
1022 3624 1162 3675 tremenda
1175 3624 1242 3673 baec
1253 3622 1343 3673 verba

249 3697 338 3747 lemna
363 3695 524 3746 buccinandi
549 3698 606 3747 sive
632 3696 776 3748 sabbatum
811 3697 950 3761 leguntur:
979 3698 1081 3748 «Omnis
1096 3701 1197 3761 aotam,
1215 3711 1281 3760 quoe
1296 3700 1344 3761 as-

250 3770 338 3821 XXVI.
369 3770 609 3830 Clr.Num.29‚l.
636 3772 718 3822 Lavit.
732 3772 775 3835 33,
811 3772 1039 3837 lticmooosuerit
1056 3774 1096 3824 dia
1118 3774 1178 3834 boc,
1202 3770 1293 3835 per-ibit
1309 3772 1344 3823 (ιο

250 3843 293 3895 tt.
329 3844 455 3905 Sequitur
477 3844 535 3893 dies
559 3845 626 3895 Tlsrl
652 3848 774 3909 quintus,
808 3846 909 3910 populis
925 3846 991 3906 suin
1011 3851 1034 3896 et
1051 3848 1095 3909 qui
1110 3847 1193 3909 operis
1209 3846 1344 3909 quidpiam

250 3916 358 3980 volgare
369 3915 512 3966 sabbatum
528 3918 639 3979 xxva..
658 3922 777 3983 estpoe-
811 3920 910 3985 secem,
936 3920 1019 3971 delebo
1040 3934 1097 3972 ιιιιιι
1118 3924 1148 3972 ιιι
1166 3922 1261 3984 populo
1282 3934 1341 3971 ιιιο.

250 3991 378 4043 nitentiae
390 3988 434 4039 vel
451 3988 650 4054 supplicationis
663 3994 774 4045 liliVlll.
812 3996 877 4046 Tana
894 3995 968 4045 triste
986 3996 1064 4058 igitur
1081 3995 1225 4058 sollemne,
1246 3997 1343 4046 notum

249 4068 329 4117 Num.
348 4064 393 4124 39,
412 4064 437 4113 7.
467 4064 549 4114 Levlt.
566 4065 612 4127 33,
634 4067 675 4117 33.
702 4068 777 4117 Duo·
813 4070 894 4121 etiam
910 4070 1049 4131 Romanis,
1076 4070 1266 4135 superstitiosis
1285 4071 1344 4119 uti-

250 4139 372 4190 decimus
393 4136 536 4189 sabbatum
559 4139 666 4204 volgare
685 4142 774 4192 xxix.
812 4156 864 4208 que
877 4156 984 4195 sacrum
1001 4144 1139 4207 quendam
1156 4144 1344 4195 terroremin-

251 4216 300 4266 Cui
311 4213 461 4266 succedunt
478 4214 604 4266 tricesimo
614 4215 720 4267 abacia
731 4216 775 4267 die
812 4220 904 4269 catere
923 4222 1035 4282 poterat.
1071 4218 1178 4270 Plurimi
1195 4230 1342 4270 assensere
