2925 4892
520 380 579 431 uu.
598 382 616 431 1.
652 380 722 431 SAT.
744 380 786 431 Vi.
1146 378 1207 443 425

152 539 275 603 i'entre
297 535 384 602 diem
405 534 542 612 durare,
566 534 764 603 domesticus
788 536 880 603 otior.
925 538 1014 605 11444
1036 546 1086 603 444

153 660 227 723 Vita
248 656 429 723 solutorum
450 657 572 725 misera
594 656 768 725 ambitione
794 657 970 745 gravique3

151 780 213 844 liis
236 798 289 844 me
311 778 464 845 consolor
486 778 646 845 victurum
666 778 814 855 suavius,
843 798 881 845 44
903 780 930 845 44
1144 780 1206 845 «130

153 901 321 978 Quaestor
342 920 440 975 avus,
463 907 557 985 pater
577 909 675 986 atque
697 918 790 965 meus
812 910 1013 987 patruusque
1035 900 1156 968 1444444.

180 1133 239 1183 480.
256 1133 369 1183 4444444444
385 1133 440 1183 duo
456 1133 585 1193 Pettium,
604 1133 654 1183 LC.
679 1133 719 1195 (414
736 1144 800 1193 444,
819 1134 902 1183 nostri
915 1136 942 1183 et
953 1134 1034 1183 ceteri
1047 1135 1170 1187 Potiierii.

143 1208 272 1259 Correxit
286 1209 341 1258 iam
356 1206 439 1258 414144
458 1212 486 1257 44
501 1206 673 1269 Torrentius.)
694 1234 721 1242 -
741 1206 797 1256 434.
809 1206 912 1270 [4444444
929 1206 1001 1271 bcdp
1018 1210 1046 1257 et
1056 1208 1175 1275 compiu-

142 1294 193 1332 res
210 1283 343 1342 potueri,
362 1283 423 1331 ici.
459 1282 500 1345 (444
516 1294 576 1343 nos,
595 1282 627 1342 S,
648 1276 704 1344 ξτω
722 1282 750 1330 44
767 1282 826 1331 4444
844 1282 977 1342 Potiierii.)

105 1485 223 1547 (4444444).
261 1485 362 1535 Verum
386 1488 427 1536 sie
451 1498 546 1536 rursus
570 1485 643 1537 idem
680 1480 765 1551 ὀλίγα
773 1483 1019 1555 περιπατήσαντες
1029 1483 1203 1549 loricandus,

103 1559 167 1619 bis,
181 1572 215 1608 ac
225 1560 305 1623 peius
315 1562 396 1610 etiam
407 1560 558 1619 discretum
571 1560 643 1610 idem
680 1555 743 1609 sira
751 1564 865 1625 φαγεῖν,
875 1558 937 1610 sira
947 1558 1126 1627 κοιμηθῆναι
1139 1562 1204 1612 4444

104 1633 188 1683 euim
213 1646 326 1697 prorsus
348 1638 421 1685 44444
445 1636 483 1685 soi
507 1637 594 1683 444444
616 1636 644 1684 44
679 1630 716 1699 δὴ
732 1636 835 1699 κοίτην
851 1632 1002 1685 naussum
1019 1632 1088 1698 τοὺς
1108 1632 1205 1689 rotoi-

103 1706 209 1756 rabioai
232 1712 347 1769 temporo
367 1709 441 1771 siqui.
475 1710 506 1758 ln
528 1707 643 1758 eundem
678 1723 748 1772 τους
766 1705 853 1771 εἰκός.
884 1710 938 1759 Cic.
957 1708 990 1759 ad
1015 1711 1087 1759 Fam.
1107 1710 1136 1771 4,
1154 1711 1203 1760 2⁰:

105 1781 169 1832 iere
186 1793 257 1830 eum
273 1782 410 1831 Ourrensio
420 1780 541 1845 volgatae
553 1782 645 1831 deien-
678 1784 708 1833 14
723 1784 830 1846 Epicuri
846 1796 891 1833 4444
907 1784 1049 1833 aduersarii
1065 1784 1145 1833 4444444
1160 1798 1206 1833 44-

105 1854 221 1906 dendae
237 1853 369 1905 rationem
385 1855 479 1905 incidit
489 1854 643 1906 Goeriitzius
678 1862 733 1907 stro
750 1858 906 1907 4444444444.
925 1883 940 1893 -
956 1882 970 1895 -
986 1858 1053 1907 11444
1075 1857 1154 1921 444444·
1172 1862 1206 1907 444

104 1931 355 1991 inProgrummaie
367 1929 552 1992 Vitebergensi
568 1928 641 1980 4838.
678 1945 745 1981 owse
766 1932 821 1981 4444
842 1936 946 1980 nostru:
970 1944 1046 1981 44444
1067 1931 1207 1981 salutamus

104 2018 134 2068 p.
154 2004 196 2061 5.,
217 2003 271 2051 nisi
293 2002 365 2065 quod
387 2007 529 2067 praeterea
550 2003 644 2055 iectio-
679 2004 786 2055 domist
809 2004 883 2055 44444
899 2005 967 2054 uiros
986 2004 1078 2055 mutim
1093 2004 1135 2054 sed
1156 2005 1205 2054 tri-

105 2090 177 2127 uem
195 2074 265 2125 cod.
282 2074 374 2126 Blaud.
386 2079 466 2128 unice
478 2090 571 2127 veram
582 2090 645 2140 pro·
678 2083 738 2139 4444,
762 2083 785 2127 44
804 2078 849 2127 444
869 2078 947 2127 laetos
961 2079 1075 2129 uictores.
1094 2106 1109 2116 -
1125 2106 1139 2116 -
1159 2080 1203 2128 4444

105 2152 213 2202 mium
236 2151 361 2213 opinatur
382 2151 417 2200 ub
441 2153 492 2202 isto
515 2152 641 2211 homine,
678 2152 1201 2217 444444444444444444,1444444444444444444,

105 2227 156 2289 qui
175 2236 290 2284 444444,
309 2226 338 2272 ut
353 2224 473 2285 videtur,
495 2223 642 2275 electione
679 2232 725 2276 444
745 2226 824 2275 serito
841 2232 887 2275 4444
908 2227 970 2290 ispo.
1008 2226 1111 2275 Veniunt
1128 2227 1204 2276 444444

105 2296 240 2349 1444444144
258 2296 293 2346 ad
311 2298 363 2347 Set.
380 2300 409 2358 2,
428 2298 459 2360 s,
477 2297 518 2349 48.
537 2311 563 2364 p.
582 2298 641 2349 483.
679 2300 722 2363 qui
738 2313 777 2351 me
793 2301 899 2351 audiunt
915 2300 988 2361 44444
1005 2301 1103 2349 ductum
1124 2300 1206 2349 44444-

107 2373 159 2424 ud.
192 2372 276 2435 Cruq.
307 2371 380 2421 4494.
394 2382 397 2385 ·
411 2385 531 2435 pannum
561 2373 644 2422 assuit
678 2388 752 2435 4444,
771 2375 833 2435 quio
846 2374 992 2437 pantorum
1009 2386 1086 2435 44444
1102 2374 1206 2437 4441414-

107 2450 200 2498 huuc:
220 2443 472 2495 4841414444444444
489 2447 599 2497 Romani
616 2448 644 2496 in
679 2449 751 2499 44444.
780 2448 839 2497 Inde
850 2449 951 2510 corpori
963 2462 1034 2497 omne
1050 2448 1206 2510 444444444-

108 2526 217 2584 Campo
243 2520 338 2570 4444444
365 2517 458 2569 ludere
486 2519 539 2585 pila
561 2521 644 2584 trigo-
679 2528 731 2573 tur.
758 2550 785 2559 -·
808 2523 902 2572 misera
926 2522 1067 2585 4444444444]
1094 2522 1151 2572 Vid.
1171 2520 1206 2571 ad

107 2595 193 2646 4414.»
228 2594 288 2643 4444
303 2606 370 2643 vero
383 2606 494 2657 prorsus
511 2593 645 2658 improba-
681 2598 734 2646 sat.
749 2596 778 2655 4,
797 2594 825 2655 4,
844 2596 885 2645 46.
906 2622 933 2633 -
952 2596 1056 2645 4444444
1072 2596 1111 2658 uc]
1131 2596 1204 2645 Coni.

108 2669 165 2721 bile
185 2680 251 2718 esse
268 2667 580 2730 quirisvideatnecesse
593 2669 642 2727 est;
681 2668 820 2733 Epod.i5,
833 2670 857 2717 4.
877 2670 930 2717 Sat.
944 2668 954 2717 4
967 2705 973 2729 ,
986 2670 1010 2728 4,
1024 2666 1064 2718 46.
1089 2669 1113 2727 4,
1126 2668 1205 2727 w.

110 2746 163 2795 nisi
181 2742 260 2806 quod
276 2742 384 2792 Iahnius
401 2745 468 2793 Anu.
487 2743 528 2792 25.
545 2755 572 2806 p.
586 2742 642 2791 3441.
681 2744 706 2803 4,
721 2742 761 2802 44,
775 2739 816 2790 34.
835 2741 896 2801 iffi,
911 2740 1133 2802 96.-04444444]
1147 2742 1208 2789 Per-

110 2823 140 2870 et
154 2820 279 2869 Diiuizer
290 2814 459 2866 Goeriitzium
470 2817 555 2866 secuti
572 2818 642 2866 sunt.
681 2828 762 2879 quern
780 2815 845 2864 scite
865 2826 917 2863 non
934 2816 1066 2863 memorat
1083 2813 1133 2863 nisi
1150 2812 1208 2863 iufl-

111 2894 196 2944 144444
212 2892 312 2941 contra
329 2890 511 2953 disputantem
533 2888 645 2940 tuendi
681 2902 757 2939 mum
783 2890 980 2951 magistratum,
1010 2900 1064 2950 quo
1090 2888 1208 2937 sexcenti

111 2966 303 3018 Friizscirium.
332 2964 364 3014 V.
382 2964 532 3015 Excursum
548 2964 591 3013 111.
682 2961 737 3023 4144,
764 2974 902 3027 nunquam
926 2962 953 3012 iu
976 2962 1109 3011 honorum
1126 2972 1208 3011 cursu

144 3039 273 3090 tsi-tsi.
304 3038 450 3099 interpellet]
473 3035 644 3100 uprohiheut‚
681 3035 784 3099 lougius
801 3035 949 3099 progressi,
968 3036 1044 3085 eraut
1061 3033 1141 3085 iuncti
1158 3048 1208 3084 ne-

113 3131 167 3166 nou
183 3115 284 3165 44444.»
304 3138 333 3148 -
351 3113 416 3163 dier
431 3112 534 3175 durare]
558 3124 645 3175 usque
683 3124 736 3173 que
765 3110 822 3159 eius
847 3120 898 3172 ope
925 3106 984 3158 filiis
1009 3108 1207 3172 nepotibusque

114 3191 147 3240 ed
164 3200 294 3240 coenum.
316 3212 344 3222 -
362 3186 428 3235 14444
444 3191 480 3235 est
503 3186 559 3235 Vite
577 3186 647 3235 44444-
682 3183 766 3235 ullum
774 3181 945 3247 splendorem
955 3184 1131 3245 pepererant,
1158 3183 1209 3233 etsi

114 3270 198 3314 4444444
221 3260 288 3324 cet]
307 3257 432 3309 Similiter
453 3260 646 3322 Epicureorum
683 3258 756 3321 ipsis,
775 3258 867 3319 utpote
885 3254 1038 3305 hominibus
1053 3258 1144 3317 novis,
1162 3256 1210 3305 ho·

113 3340 196 3388 vitam
217 3333 352 3387 describit
373 3332 519 3396 irridetque
541 3334 645 3382 arrian.
683 3332 741 3383 nori
758 3330 852 3381 iuerat.
887 3329 1004 3380 Ridicule
1025 3332 1117 3380 contra
1134 3342 1210 3379 arro-

115 3414 199 3477 Epict.
212 3412 246 3471 3,
265 3408 312 3469 24,
331 3408 375 3457 384
402 3408 436 3458 Ti
451 3400 526 3456 ἄλλο
541 3403 648 3456 494444·
684 3416 750 3467 gans
761 3404 867 3461 4444444,
886 3403 908 3453 44
920 3405 1074 3465 praetorem
1086 3399 1128 3451 vei
1140 3401 1209 3452 adeo

116 3502 162 3537 444
179 3485 293 3536 ἐκεῖνοι
317 3476 510 3547 sesamum
532 3475 647 3549 4444444-
684 3476 823 3529 consulem
839 3489 889 3540 pro
904 3476 1048 3539 quaestore
1065 3476 1207 3538 posuisset.

115 3558 263 3620 ποδωτως
278 3548 578 3620 καὶάναναγκάστως,
596 3552 648 3602 καὶ
684 3551 842 3617 Simpliciter
863 3564 927 3600 vero
949 3550 983 3600 de
1002 3550 1144 3612 quaestore
1163 3562 1211 3599 co-

115 3630 297 3695 ἀυαστώντες
319 3630 365 3692 ἐφ’
383 3624 512 3695 ἡσυχίας
526 3623 647 3692 χασμή-
685 3626 831 3691 gitandum,
850 3637 903 3675 non
920 3624 954 3674 de
971 3624 1166 3687 proquaestore
1183 3623 1210 3673 in

116 3709 230 3761 4444444
255 3707 307 3757 καὶ
333 3701 368 3754 τὸ
390 3718 411 3752 π
447 3716 547 3753 conor
571 3696 648 3751 4444-
684 3700 820 3766 provincia
837 3696 933 3761 aliqua.
970 3698 1060 3761 (Tacit.
1076 3698 1143 3748 Anu.
1164 3699 1208 3759 44,

117 3779 237 3844 abac,
267 3777 331 3831 εἶτα
360 3788 477 3850 γραψαι
502 3776 553 3827 nat
575 3770 649 3826 4444-
684 3777 731 3825 444
755 3774 807 3837 iope
826 3772 912 3821 Solius
927 3772 1017 3836 vipinti
1034 3772 1208 3836 (quaestores)

117 3856 225 3924 γνῶναι
249 3850 271 3905 ἃ
294 3852 443 3905 44444444·
470 3846 532 3901 sira
553 3849 648 3912 44444-
684 3848 763 3898 creati
779 3846 915 3909 supplendo
931 3846 1042 3905 4444444444
1063 3844 1110 3894 ubi
1127 3844 1211 3895 Erue-

118 3931 207 4002 444444
222 3932 253 3981 τί
269 3931 348 3990 κοί,
366 3923 574 3991 snmvotpeoa
590 3919 648 3975 ὑπὸ
685 3924 764 3974 44444;
787 3934 865 3972 «nam
882 3922 1022 3971 senatores
1039 3917 1139 3969 fiebant
1156 3930 1212 3968 ma-

118 4005 176 4055 4ὀ4
191 3996 405 4068 44444νὸ4ιᾶ4
422 3999 559 4066 λέγωσιν·
586 3994 649 4050 etna
685 3999 756 4047 xime
778 3996 823 4059 qui
849 3996 1033 4065 magistratum
1058 3993 1211 4043 inferiorem

121 4081 160 4142 44ς
189 4080 348 4151 4444444444
377 4070 570 4147 προελθόντες
599 4073 649 4124 not
684 4072 865 4136 gessissent»)

595 4212 743 4225 ..nu-un·-
