<?xml version="1.0" encoding="UTF-8"?>
<!DOCTYPE html PUBLIC "-//W3C//DTD XHTML 1.0 Transitional//EN"
    "http://www.w3.org/TR/xhtml1/DTD/xhtml1-transitional.dtd">
<html xmlns="http://www.w3.org/1999/xhtml" xml:lang="en" lang="en">
 <head>
  <title>
</title>
<meta http-equiv="Content-Type" content="text/html;charset=utf-8" />
  <meta name='ocr-system' content='tesseract 3.04.00' />
  <meta name='ocr-capabilities' content='ocr_page ocr_carea ocr_par ocr_line ocrx_word'/>
</head>
<body>
  <div class='ocr_page' id='page_1' title='image "./qhoratiusflaccu03baitgoog/qhoratiusflaccu03baitgoog_0345.png"; bbox 0 0 2925 4892; ppageno 0'>
   <div class='ocr_carea' id='block_1_1' title="bbox 492 366 1184 431">
    <p class='ocr_par' dir='ltr' id='par_1_1' title="bbox 492 366 1184 431">
     <span class='ocr_line' id='line_1_1' title="bbox 492 366 1184 431; baseline 0.003 -12"><span class='ocrx_word' id='word_1_1' title='bbox 492 368 601 420; x_wconf 56' lang='lat' dir='ltr'>amati.</span> <span class='ocrx_word' id='word_1_2' title='bbox 636 369 704 421; x_wconf 79' lang='lat' dir='ltr'>SAT.</span> <span class='ocrx_word' id='word_1_3' title='bbox 722 370 776 421; x_wconf 83' lang='lat' dir='ltr'>vll.</span> <span class='ocrx_word' id='word_1_4' title='bbox 1122 366 1184 431; x_wconf 58' lang='grc'>345</span> 
     </span>
    </p>
   </div>
   <div class='ocr_carea' id='block_1_2' title="bbox 136 523 1184 1341">
    <p class='ocr_par' dir='ltr' id='par_1_2' title="bbox 136 523 1184 854">
     <span class='ocr_line' id='line_1_2' title="bbox 139 523 1184 613; baseline -0.002 -23"><span class='ocrx_word' id='word_1_5' title='bbox 139 524 268 590; x_wconf 80' lang='lat' dir='ltr'>Furtiva</span> <span class='ocrx_word' id='word_1_6' title='bbox 290 532 392 591; x_wconf 88' lang='lat' dir='ltr'>mutat</span> <span class='ocrx_word' id='word_1_7' title='bbox 415 523 542 611; x_wconf 74' lang='lat' dir='ltr'>strigili:</span> <span class='ocrx_word' id='word_1_8' title='bbox 566 525 622 613; x_wconf 92' lang='lat' dir='ltr'>qui</span> <span class='ocrx_word' id='word_1_9' title='bbox 645 524 778 611; x_wconf 83' lang='lat' dir='ltr'>praedio</span> <span class='ocrx_word' id='word_1_10' title='bbox 800 523 925 599; x_wconf 87' lang='lat' dir='ltr'>vendit,</span> <span class='ocrx_word' id='word_1_11' title='bbox 1122 523 1184 589; x_wconf 87' lang='lat' dir='ltr'>tto</span> 
     </span>
     <span class='ocr_line' id='line_1_3' title="bbox 137 642 1121 733; baseline 0.001 -22"><span class='ocrx_word' id='word_1_12' title='bbox 137 644 184 711; x_wconf 89' lang='lat' dir='ltr'>Nil</span> <span class='ocrx_word' id='word_1_13' title='bbox 207 644 341 722; x_wconf 87' lang='lat' dir='ltr'>servile,</span> <span class='ocrx_word' id='word_1_14' title='bbox 368 642 463 733; x_wconf 83' lang='lat' dir='ltr'>gulae</span> <span class='ocrx_word' id='word_1_15' title='bbox 487 664 622 733; x_wconf 86' lang='lat' dir='ltr'>parens,</span> <span class='ocrx_word' id='word_1_16' title='bbox 646 643 768 713; x_wconf 84' lang='lat' dir='ltr'>habeti</span> <span class='ocrx_word' id='word_1_17' title='bbox 792 644 898 722; x_wconf 79' lang='lat' dir='ltr'>Adde,</span> <span class='ocrx_word' id='word_1_18' title='bbox 922 644 1012 732; x_wconf 86' lang='lat' dir='ltr'>quod</span> <span class='ocrx_word' id='word_1_19' title='bbox 1034 644 1121 712; x_wconf 86' lang='lat' dir='ltr'>idem</span> 
     </span>
     <span class='ocr_line' id='line_1_4' title="bbox 136 765 988 854; baseline 0.004 -23"><span class='ocrx_word' id='word_1_20' title='bbox 136 767 205 833; x_wconf 92' lang='lat' dir='ltr'>Non</span> <span class='ocrx_word' id='word_1_21' title='bbox 227 765 343 832; x_wconf 91' lang='lat' dir='ltr'>horam</span> <span class='ocrx_word' id='word_1_22' title='bbox 364 774 472 833; x_wconf 85' lang='lat' dir='ltr'>tecum</span> <span class='ocrx_word' id='word_1_23' title='bbox 496 786 570 833; x_wconf 89' lang='lat' dir='ltr'>esse</span> <span class='ocrx_word' id='word_1_24' title='bbox 593 776 702 854; x_wconf 89' lang='lat' dir='ltr'>potes,</span> <span class='ocrx_word' id='word_1_25' title='bbox 726 788 791 833; x_wconf 93' lang='lat' dir='ltr'>non</span> <span class='ocrx_word' id='word_1_26' title='bbox 812 767 877 834; x_wconf 88' lang='lat' dir='ltr'>otia</span> <span class='ocrx_word' id='word_1_27' title='bbox 900 776 988 834; x_wconf 85' lang='lat' dir='ltr'>reete</span> 
     </span>
    </p>

    <p class='ocr_par' dir='ltr' id='par_1_3' title="bbox 136 886 988 975">
     <span class='ocr_line' id='line_1_5' title="bbox 136 886 988 975; baseline 0 -22"><span class='ocrx_word' id='word_1_28' title='bbox 136 888 280 963; x_wconf 82' lang='lat' dir='ltr'>Ponere.</span> <span class='ocrx_word' id='word_1_29' title='bbox 304 896 402 975; x_wconf 89' lang='lat' dir='ltr'>teque</span> <span class='ocrx_word' id='word_1_30' title='bbox 425 887 530 974; x_wconf 91' lang='lat' dir='ltr'>ipsum</span> <span class='ocrx_word' id='word_1_31' title='bbox 551 886 648 963; x_wconf 88' lang='lat' dir='ltr'>vitas,</span> <span class='ocrx_word' id='word_1_32' title='bbox 671 887 823 975; x_wconf 84' lang='lat' dir='ltr'>lugitivus</span> <span class='ocrx_word' id='word_1_33' title='bbox 844 895 877 954; x_wconf 92' lang='lat' dir='ltr'>et</span> <span class='ocrx_word' id='word_1_34' title='bbox 898 907 988 963; x_wconf 89' lang='lat' dir='ltr'>erro,</span> 
     </span>
    </p>

    <p class='ocr_par' dir='ltr' id='par_1_4' title="bbox 140 1007 1010 1094">
     <span class='ocr_line' id='line_1_6' title="bbox 140 1007 1010 1094; baseline 0.001 -21"><span class='ocrx_word' id='word_1_35' title='bbox 140 1009 206 1073; x_wconf 88' lang='lat' dir='ltr'>lam</span> <span class='ocrx_word' id='word_1_36' title='bbox 228 1007 305 1073; x_wconf 88' lang='lat' dir='ltr'>vino</span> <span class='ocrx_word' id='word_1_37' title='bbox 328 1027 507 1094; x_wconf 88' lang='lat' dir='ltr'>quaerens,</span> <span class='ocrx_word' id='word_1_38' title='bbox 531 1008 595 1073; x_wconf 91' lang='lat' dir='ltr'>iam</span> <span class='ocrx_word' id='word_1_39' title='bbox 616 1028 730 1075; x_wconf 92' lang='lat' dir='ltr'>somno</span> <span class='ocrx_word' id='word_1_40' title='bbox 752 1007 862 1075; x_wconf 83' lang='lat' dir='ltr'>saliere</span> <span class='ocrx_word' id='word_1_41' title='bbox 884 1030 1010 1075; x_wconf 89' lang='lat' dir='ltr'>curam:</span> 
     </span>
    </p>

    <p class='ocr_par' dir='ltr' id='par_1_5' title="bbox 136 1130 1184 1341">
     <span class='ocr_line' id='line_1_7' title="bbox 136 1130 1184 1218; baseline 0.003 -24"><span class='ocrx_word' id='word_1_42' title='bbox 136 1132 286 1207; x_wconf 85' lang='lat' dir='ltr'>Frustra;</span> <span class='ocrx_word' id='word_1_43' title='bbox 303 1148 378 1195; x_wconf 87' lang='lat' dir='ltr'>num</span> <span class='ocrx_word' id='word_1_44' title='bbox 390 1148 500 1195; x_wconf 87' lang='lat' dir='ltr'>comes</span> <span class='ocrx_word' id='word_1_45' title='bbox 515 1140 584 1195; x_wconf 86' lang='lat' dir='ltr'>atra</span> <span class='ocrx_word' id='word_1_46' title='bbox 595 1130 711 1216; x_wconf 85' lang='lat' dir='ltr'>premit</span> <span class='ocrx_word' id='word_1_47' title='bbox 725 1130 938 1218; x_wconf 82' lang='lat' dir='ltr'>sequiturque</span> <span class='ocrx_word' id='word_1_48' title='bbox 949 1130 1105 1218; x_wconf 77' lang='lat' dir='ltr'>drgacem.</span> <span class='ocrx_word' id='word_1_49' title='bbox 1122 1130 1184 1197; x_wconf 77' lang='lat' dir='ltr'>tle</span> 
     </span>
     <span class='ocr_line' id='line_1_8' title="bbox 139 1247 1163 1341; baseline -0.001 -25"><span class='ocrx_word' id='word_1_50' title='bbox 139 1249 228 1317; x_wconf 84' lang='lat' dir='ltr'>Unde</span> <span class='ocrx_word' id='word_1_51' title='bbox 245 1247 323 1315; x_wconf 92' lang='lat' dir='ltr'>mihi</span> <span class='ocrx_word' id='word_1_52' title='bbox 339 1247 506 1336; x_wconf 81' lang='lat' dir='ltr'>lapidem?</span> <span class='ocrx_word' id='word_1_53' title='bbox 529 1250 691 1331; x_wconf 90' lang='lat' dir='ltr'>Quorsum</span> <span class='ocrx_word' id='word_1_54' title='bbox 708 1260 758 1317; x_wconf 89' lang='lat' dir='ltr'>est</span> <span class='ocrx_word' id='word_1_55' title='bbox 772 1252 878 1340; x_wconf 78' lang='lat' dir='ltr'>opus?</span> <span class='ocrx_word' id='word_1_56' title='bbox 901 1250 993 1319; x_wconf 84' lang='lat' dir='ltr'>Unde</span> <span class='ocrx_word' id='word_1_57' title='bbox 1008 1252 1163 1341; x_wconf 76' lang='lat' dir='ltr'>sagittas?</span> 
     </span>
    </p>
   </div>
   <div class='ocr_carea' id='block_1_3' title="bbox 128 1445 1149 1583">
    <p class='ocr_par' dir='ltr' id='par_1_6' title="bbox 128 1445 1149 1583">
     <span class='ocr_line' id='line_1_9' title="bbox 129 1445 1149 1511; baseline 0.005 -15"><span class='ocrx_word' id='word_1_58' title='bbox 129 1446 199 1497; x_wconf 79' lang='lat' dir='ltr'>rtet.</span> <span class='ocrx_word' id='word_1_59' title='bbox 230 1470 259 1482; x_wconf 91' lang='lat'>-·</span> <span class='ocrx_word' id='word_1_60' title='bbox 289 1446 347 1495; x_wconf 82' lang='lat' dir='ltr'>roo.</span> <span class='ocrx_word' id='word_1_61' title='bbox 375 1445 432 1495; x_wconf 86' lang='lat' dir='ltr'>tto.</span> <span class='ocrx_word' id='word_1_62' title='bbox 450 1446 883 1511; x_wconf 66' lang='lat' dir='ltr'>warurttuamommtutsatten</span> <span class='ocrx_word' id='word_1_63' title='bbox 903 1462 919 1499; x_wconf 89' lang='lat' dir='ltr'>e</span> <span class='ocrx_word' id='word_1_64' title='bbox 942 1448 1027 1501; x_wconf 85' lang='lat' dir='ltr'>codd.</span> <span class='ocrx_word' id='word_1_65' title='bbox 1051 1463 1149 1501; x_wconf 86' lang='lat' dir='ltr'>novem</span> 
     </span>
     <span class='ocr_line' id='line_1_10' title="bbox 128 1521 980 1583; baseline 0.001 -11"><span class='ocrx_word' id='word_1_66' title='bbox 128 1521 284 1572; x_wconf 78' lang='lat' dir='ltr'>Lambinus.</span> <span class='ocrx_word' id='word_1_67' title='bbox 305 1521 344 1582; x_wconf 88' lang='lat' dir='ltr'>(llt</span> <span class='ocrx_word' id='word_1_68' title='bbox 361 1534 424 1582; x_wconf 85' lang='lat' dir='ltr'>nos,</span> <span class='ocrx_word' id='word_1_69' title='bbox 443 1522 525 1572; x_wconf 90' lang='lat' dir='ltr'>nostri</span> <span class='ocrx_word' id='word_1_70' title='bbox 543 1524 571 1573; x_wconf 85' lang='lat' dir='ltr'>et</span> <span class='ocrx_word' id='word_1_71' title='bbox 587 1522 721 1583; x_wconf 83' lang='lat' dir='ltr'>Pottlerii.)</span> <span class='ocrx_word' id='word_1_72' title='bbox 742 1548 770 1559; x_wconf 88' lang='lat'><em>-</em></span> <span class='ocrx_word' id='word_1_73' title='bbox 790 1522 846 1573; x_wconf 81' lang='grc'>443.</span> <span class='ocrx_word' id='word_1_74' title='bbox 865 1536 938 1573; x_wconf 75' lang='lat' dir='ltr'>mos</span> <span class='ocrx_word' id='word_1_75' title='bbox 954 1524 980 1574; x_wconf 83' lang='lat' dir='ltr'>F.</span> 
     </span>
    </p>
   </div>
   <div class='ocr_carea' id='block_1_4' title="bbox 21 1696 1185 3025">
    <p class='ocr_par' dir='ltr' id='par_1_7' title="bbox 21 1696 1185 3025">
     <span class='ocr_line' id='line_1_11' title="bbox 101 1696 1182 1762; baseline 0.001 -13"><span class='ocrx_word' id='word_1_76' title='bbox 101 1702 179 1749; x_wconf 80' lang='lat' dir='ltr'>ebone</span> <span class='ocrx_word' id='word_1_77' title='bbox 195 1697 274 1749; x_wconf 82' lang='lat' dir='ltr'>verbi</span> <span class='ocrx_word' id='word_1_78' title='bbox 285 1704 386 1749; x_wconf 77' lang='lat' dir='ltr'>mutere</span> <span class='ocrx_word' id='word_1_79' title='bbox 397 1696 619 1762; x_wconf 81' lang='lat' dir='ltr'>(elntousclreu)</span> <span class='ocrx_word' id='word_1_80' title='bbox 656 1696 808 1760; x_wconf 66' lang='lat' dir='ltr'>uupmortoe</span> <span class='ocrx_word' id='word_1_81' title='bbox 822 1699 982 1760; x_wconf 66' lang='lat' dir='ltr'>contemtis</span> <span class='ocrx_word' id='word_1_82' title='bbox 997 1700 1122 1749; x_wconf 65' lang='lat' dir='ltr'>maced</span> <span class='ocrx_word' id='word_1_83' title='bbox 1138 1701 1182 1750; x_wconf 87' lang='lat' dir='ltr'>do-</span> 
     </span>
     <span class='ocr_line' id='line_1_12' title="bbox 100 1770 1182 1836; baseline 0 -13"><span class='ocrx_word' id='word_1_84' title='bbox 100 1772 186 1824; x_wconf 91' lang='lat' dir='ltr'>cl.0d.</span> <span class='ocrx_word' id='word_1_85' title='bbox 206 1775 235 1833; x_wconf 83' lang='lat' dir='ltr'>t,</span> <span class='ocrx_word' id='word_1_86' title='bbox 255 1774 300 1833; x_wconf 87' lang='lat' dir='ltr'>li,</span> <span class='ocrx_word' id='word_1_87' title='bbox 318 1774 343 1823; x_wconf 70' lang='grc' dir='ltr'>Ξ.</span> <span class='ocrx_word' id='word_1_88' title='bbox 368 1772 397 1832; x_wconf 84' lang='grc'>3,</span> <span class='ocrx_word' id='word_1_89' title='bbox 416 1772 443 1832; x_wconf 78' lang='lat' dir='ltr'>l,</span> <span class='ocrx_word' id='word_1_90' title='bbox 463 1770 502 1823; x_wconf 79' lang='lat' dir='ltr'>tt.</span> <span class='ocrx_word' id='word_1_91' title='bbox 533 1771 617 1836; x_wconf 88' lang='lat' dir='ltr'>Epod.</span> <span class='ocrx_word' id='word_1_92' title='bbox 655 1772 753 1821; x_wconf 77' lang='lat' dir='ltr'>minum</span> <span class='ocrx_word' id='word_1_93' title='bbox 773 1773 846 1821; x_wconf 77' lang='lat' dir='ltr'>redit.</span> <span class='ocrx_word' id='word_1_94' title='bbox 888 1772 961 1823; x_wconf 84' lang='lat' dir='ltr'>inter</span> <span class='ocrx_word' id='word_1_95' title='bbox 984 1786 1078 1823; x_wconf 84' lang='lat' dir='ltr'>servos</span> <span class='ocrx_word' id='word_1_96' title='bbox 1103 1774 1182 1836; x_wconf 79' lang='lat' dir='ltr'>igitur</span> 
     </span>
     <span class='ocr_line' id='line_1_13' title="bbox 100 1844 1184 1910; baseline 0.003 -14"><span class='ocrx_word' id='word_1_97' title='bbox 100 1848 173 1907; x_wconf 60' lang='lat' dir='ltr'>mit.</span> <span class='ocrx_word' id='word_1_98' title='bbox 188 1846 217 1907; x_wconf 84' lang='grc'>9,</span> <span class='ocrx_word' id='word_1_99' title='bbox 231 1847 274 1896; x_wconf 74' lang='lat'>28.</span> <span class='ocrx_word' id='word_1_100' title='bbox 294 1874 323 1883; x_wconf 91' lang='lat'>—-</span> <span class='ocrx_word' id='word_1_101' title='bbox 347 1846 453 1909; x_wconf 73' lang='lat' dir='ltr'>stripiti]</span> <span class='ocrx_word' id='word_1_102' title='bbox 477 1844 619 1909; x_wconf 81' lang='lat' dir='ltr'>strigilium</span> <span class='ocrx_word' id='word_1_103' title='bbox 654 1846 755 1910; x_wconf 75' lang='lat' dir='ltr'>supitiui</span> <span class='ocrx_word' id='word_1_104' title='bbox 766 1849 793 1896; x_wconf 90' lang='lat' dir='ltr'>et</span> <span class='ocrx_word' id='word_1_105' title='bbox 804 1859 905 1896; x_wconf 70' lang='lat' dir='ltr'>meum</span> <span class='ocrx_word' id='word_1_106' title='bbox 914 1846 1143 1910; x_wconf 78' lang='lat' dir='ltr'>distinguebantur</span> <span class='ocrx_word' id='word_1_107' title='bbox 1153 1850 1184 1899; x_wconf 93' lang='lat' dir='ltr'>ut</span> 
     </span>
     <span class='ocr_line' id='line_1_14' title="bbox 99 1918 1182 1984; baseline 0.001 -14"><span class='ocrx_word' id='word_1_108' title='bbox 99 1933 233 1973; x_wconf 85' lang='lat' dir='ltr'>aerearum</span> <span class='ocrx_word' id='word_1_109' title='bbox 246 1924 307 1984; x_wconf 89' lang='lat' dir='ltr'>post</span> <span class='ocrx_word' id='word_1_110' title='bbox 319 1919 619 1970; x_wconf 85' lang='lat' dir='ltr'>bulneumsudatorium</span> <span class='ocrx_word' id='word_1_111' title='bbox 656 1922 725 1970; x_wconf 83' lang='lat' dir='ltr'>inter</span> <span class='ocrx_word' id='word_1_112' title='bbox 742 1918 839 1970; x_wconf 83' lang='lat' dir='ltr'>milites</span> <span class='ocrx_word' id='word_1_113' title='bbox 862 1921 997 1971; x_wconf 76' lang='lat' dir='ltr'>desertores</span> <span class='ocrx_word' id='word_1_114' title='bbox 1017 1922 1045 1971; x_wconf 87' lang='lat' dir='ltr'>et</span> <span class='ocrx_word' id='word_1_115' title='bbox 1067 1934 1182 1971; x_wconf 71' lang='lat' dir='ltr'>mnemo-</span> 
     </span>
     <span class='ocr_line' id='line_1_15' title="bbox 99 1994 1184 2058; baseline 0 -12"><span class='ocrx_word' id='word_1_116' title='bbox 99 2008 157 2046; x_wconf 86' lang='lat' dir='ltr'>usus</span> <span class='ocrx_word' id='word_1_117' title='bbox 175 1996 234 2045; x_wconf 88' lang='lat' dir='ltr'>erut</span> <span class='ocrx_word' id='word_1_118' title='bbox 254 1995 290 2044; x_wconf 92' lang='lat' dir='ltr'>ad</span> <span class='ocrx_word' id='word_1_119' title='bbox 307 1995 402 2045; x_wconf 91' lang='lat' dir='ltr'>sordes</span> <span class='ocrx_word' id='word_1_120' title='bbox 424 1997 469 2044; x_wconf 84' lang='lat' dir='ltr'>aut</span> <span class='ocrx_word' id='word_1_121' title='bbox 491 1996 620 2045; x_wconf 88' lang='lat' dir='ltr'>humores</span> <span class='ocrx_word' id='word_1_122' title='bbox 656 2008 708 2057; x_wconf 84' lang='lat' dir='ltr'>res,</span> <span class='ocrx_word' id='word_1_123' title='bbox 736 1996 783 2058; x_wconf 88' lang='lat' dir='ltr'>qui</span> <span class='ocrx_word' id='word_1_124' title='bbox 804 1994 850 2044; x_wconf 91' lang='lat' dir='ltr'>diu</span> <span class='ocrx_word' id='word_1_125' title='bbox 872 1996 958 2058; x_wconf 80' lang='lat' dir='ltr'>vagati</span> <span class='ocrx_word' id='word_1_126' title='bbox 979 1995 1014 2045; x_wconf 89' lang='lat' dir='ltr'>ad</span> <span class='ocrx_word' id='word_1_127' title='bbox 1034 1998 1122 2046; x_wconf 87' lang='lat' dir='ltr'>castra</span> <span class='ocrx_word' id='word_1_128' title='bbox 1138 2010 1184 2047; x_wconf 80' lang='lat' dir='ltr'>ra·</span> 
     </span>
     <span class='ocr_line' id='line_1_16' title="bbox 99 2066 1181 2131; baseline 0.001 -12"><span class='ocrx_word' id='word_1_129' title='bbox 99 2071 121 2120; x_wconf 92' lang='lat' dir='ltr'>iu</span> <span class='ocrx_word' id='word_1_130' title='bbox 138 2072 199 2119; x_wconf 87' lang='lat' dir='ltr'>cute</span> <span class='ocrx_word' id='word_1_131' title='bbox 217 2068 342 2121; x_wconf 90' lang='lat' dir='ltr'>residuos</span> <span class='ocrx_word' id='word_1_132' title='bbox 354 2069 532 2119; x_wconf 84' lang='lat' dir='ltr'>derudendos.</span> <span class='ocrx_word' id='word_1_133' title='bbox 559 2068 619 2119; x_wconf 91' lang='lat' dir='ltr'>Vid.</span> <span class='ocrx_word' id='word_1_134' title='bbox 657 2068 821 2131; x_wconf 82' lang='lat' dir='ltr'>grediuutur.</span> <span class='ocrx_word' id='word_1_135' title='bbox 845 2066 913 2119; x_wconf 81' lang='lat' dir='ltr'>blule</span> <span class='ocrx_word' id='word_1_136' title='bbox 924 2072 979 2119; x_wconf 86' lang='lat' dir='ltr'>tres</span> <span class='ocrx_word' id='word_1_137' title='bbox 991 2070 1076 2120; x_wconf 92' lang='lat' dir='ltr'>Codd.</span> <span class='ocrx_word' id='word_1_138' title='bbox 1090 2068 1181 2121; x_wconf 83' lang='lat' dir='ltr'>Eland.</span> 
     </span>
     <span class='ocr_line' id='line_1_17' title="bbox 99 2141 1184 2208; baseline 0.002 -15"><span class='ocrx_word' id='word_1_139' title='bbox 99 2144 123 2193; x_wconf 90' lang='lat'>0.</span> <span class='ocrx_word' id='word_1_140' title='bbox 140 2144 204 2193; x_wconf 85' lang='lat' dir='ltr'>lubn</span> <span class='ocrx_word' id='word_1_141' title='bbox 223 2143 258 2192; x_wconf 84' lang='lat' dir='ltr'>ad</span> <span class='ocrx_word' id='word_1_142' title='bbox 276 2146 349 2193; x_wconf 86' lang='lat' dir='ltr'>Pers.</span> <span class='ocrx_word' id='word_1_143' title='bbox 372 2146 402 2204; x_wconf 84' lang='lat' dir='ltr'>s,</span> <span class='ocrx_word' id='word_1_144' title='bbox 431 2143 488 2193; x_wconf 79' lang='lat' dir='ltr'>teo.</span> <span class='ocrx_word' id='word_1_145' title='bbox 514 2167 542 2178; x_wconf 90' lang='lat'>-</span> <span class='ocrx_word' id='word_1_146' title='bbox 564 2144 621 2193; x_wconf 83' lang='lat' dir='ltr'>Non</span> <span class='ocrx_word' id='word_1_147' title='bbox 657 2145 684 2193; x_wconf 90' lang='lat' dir='ltr'>et</span> <span class='ocrx_word' id='word_1_148' title='bbox 705 2141 749 2193; x_wconf 88' lang='lat' dir='ltr'>ulii</span> <span class='ocrx_word' id='word_1_149' title='bbox 771 2143 838 2193; x_wconf 74' lang='lat' dir='ltr'>leue</span> <span class='ocrx_word' id='word_1_150' title='bbox 859 2145 1087 2208; x_wconf 83' lang='lat' dir='ltr'>comparationem</span> <span class='ocrx_word' id='word_1_151' title='bbox 1108 2146 1184 2195; x_wconf 90' lang='lat' dir='ltr'>intu-</span> 
     </span>
     <span class='ocr_line' id='line_1_18' title="bbox 97 2216 1183 2283; baseline 0.002 -15"><span class='ocrx_word' id='word_1_152' title='bbox 97 2220 180 2268; x_wconf 79' lang='lat' dir='ltr'>uuum</span> <span class='ocrx_word' id='word_1_153' title='bbox 200 2223 285 2267; x_wconf 69' lang='lat' dir='ltr'>umen</span> <span class='ocrx_word' id='word_1_154' title='bbox 305 2219 362 2280; x_wconf 76' lang='lat' dir='ltr'>esse]</span> <span class='ocrx_word' id='word_1_155' title='bbox 390 2230 438 2267; x_wconf 75' lang='lat' dir='ltr'>«ne</span> <span class='ocrx_word' id='word_1_156' title='bbox 464 2230 514 2280; x_wconf 89' lang='lat' dir='ltr'>per</span> <span class='ocrx_word' id='word_1_157' title='bbox 538 2230 621 2267; x_wconf 86' lang='lat' dir='ltr'>unam</span> <span class='ocrx_word' id='word_1_158' title='bbox 657 2216 746 2267; x_wconf 88' lang='lat' dir='ltr'>lerunt</span> <span class='ocrx_word' id='word_1_159' title='bbox 768 2223 797 2267; x_wconf 83' lang='lat' dir='ltr'>ut</span> <span class='ocrx_word' id='word_1_160' title='bbox 821 2232 893 2278; x_wconf 83' lang='lat' dir='ltr'>erro,</span> <span class='ocrx_word' id='word_1_161' title='bbox 921 2221 998 2283; x_wconf 88' lang='lat' dir='ltr'>peius</span> <span class='ocrx_word' id='word_1_162' title='bbox 1023 2220 1105 2270; x_wconf 84' lang='lat' dir='ltr'>etism</span> <span class='ocrx_word' id='word_1_163' title='bbox 1131 2221 1183 2269; x_wconf 83' lang='lat' dir='ltr'>Feu</span> 
     </span>
     <span class='ocr_line' id='line_1_19' title="bbox 99 2290 1183 2357; baseline 0.003 -15"><span class='ocrx_word' id='word_1_164' title='bbox 99 2293 204 2356; x_wconf 83' lang='lat' dir='ltr'>quidem</span> <span class='ocrx_word' id='word_1_165' title='bbox 233 2292 330 2341; x_wconf 83' lang='lat' dir='ltr'>horum</span> <span class='ocrx_word' id='word_1_166' title='bbox 358 2290 497 2356; x_wconf 82' lang='lat' dir='ltr'>tranquille</span> <span class='ocrx_word' id='word_1_167' title='bbox 530 2292 620 2342; x_wconf 90' lang='lat' dir='ltr'>tecum</span> <span class='ocrx_word' id='word_1_168' title='bbox 658 2305 720 2343; x_wconf 92' lang='lat' dir='ltr'>cum</span> <span class='ocrx_word' id='word_1_169' title='bbox 739 2291 846 2343; x_wconf 92' lang='lat' dir='ltr'>duobus</span> <span class='ocrx_word' id='word_1_170' title='bbox 863 2293 948 2344; x_wconf 83' lang='lat' dir='ltr'><strong>codd.</strong></span> <span class='ocrx_word' id='word_1_171' title='bbox 961 2299 985 2345; x_wconf 88' lang='lat' dir='ltr'>et</span> <span class='ocrx_word' id='word_1_172' title='bbox 1003 2308 1090 2355; x_wconf 74' lang='lat' dir='ltr'>mus,</span> <span class='ocrx_word' id='word_1_173' title='bbox 1112 2308 1183 2357; x_wconf 83' lang='lat' dir='ltr'>quae</span> 
     </span>
     <span class='ocr_line' id='line_1_20' title="bbox 100 2364 1184 2431; baseline 0.004 -16"><span class='ocrx_word' id='word_1_174' title='bbox 100 2368 196 2419; x_wconf 80' lang='lat' dir='ltr'>versari</span> <span class='ocrx_word' id='word_1_175' title='bbox 215 2370 243 2417; x_wconf 89' lang='lat' dir='ltr'>et</span> <span class='ocrx_word' id='word_1_176' title='bbox 259 2367 317 2417; x_wconf 88' lang='lat' dir='ltr'>sine</span> <span class='ocrx_word' id='word_1_177' title='bbox 335 2368 460 2417; x_wconf 88' lang='lat' dir='ltr'>continua</span> <span class='ocrx_word' id='word_1_178' title='bbox 478 2367 558 2417; x_wconf 89' lang='lat' dir='ltr'>animi</span> <span class='ocrx_word' id='word_1_179' title='bbox 569 2366 622 2429; x_wconf 76' lang='lat' dir='ltr'>agi·</span> <span class='ocrx_word' id='word_1_180' title='bbox 659 2364 737 2416; x_wconf 88' lang='lat' dir='ltr'>lectio</span> <span class='ocrx_word' id='word_1_181' title='bbox 761 2366 793 2416; x_wconf 88' lang='lat' dir='ltr'>iis</span> <span class='ocrx_word' id='word_1_182' title='bbox 816 2366 946 2428; x_wconf 80' lang='lat' dir='ltr'>debetur,</span> <span class='ocrx_word' id='word_1_183' title='bbox 973 2369 1018 2431; x_wconf 89' lang='lat' dir='ltr'>qul</span> <span class='ocrx_word' id='word_1_184' title='bbox 1041 2381 1103 2418; x_wconf 93' lang='lat' dir='ltr'>cum</span> <span class='ocrx_word' id='word_1_185' title='bbox 1120 2381 1184 2419; x_wconf 86' lang='lat' dir='ltr'>uos-</span> 
     </span>
     <span class='ocr_line' id='line_1_21' title="bbox 98 2440 1181 2505; baseline 0.004 -16"><span class='ocrx_word' id='word_1_186' title='bbox 98 2442 190 2491; x_wconf 84' lang='lat' dir='ltr'>tstione</span> <span class='ocrx_word' id='word_1_187' title='bbox 219 2440 343 2491; x_wconf 88' lang='lat' dir='ltr'>meditari</span> <span class='ocrx_word' id='word_1_188' title='bbox 368 2442 445 2504; x_wconf 87' lang='lat' dir='ltr'>potes</span> <span class='ocrx_word' id='word_1_189' title='bbox 469 2440 621 2504; x_wconf 86' lang='lat' dir='ltr'>sapientum</span> <span class='ocrx_word' id='word_1_190' title='bbox 658 2442 717 2491; x_wconf 90' lang='lat' dir='ltr'>sent</span> <span class='ocrx_word' id='word_1_191' title='bbox 742 2440 881 2491; x_wconf 74' lang='lat' dir='ltr'>dumtaxat</span> <span class='ocrx_word' id='word_1_192' title='bbox 902 2441 1016 2492; x_wconf 88' lang='lat' dir='ltr'>verbum</span> <span class='ocrx_word' id='word_1_193' title='bbox 1039 2456 1085 2505; x_wconf 80' lang='lat' dir='ltr'>epo</span> <span class='ocrx_word' id='word_1_194' title='bbox 1107 2457 1181 2504; x_wconf 80' lang='lat' dir='ltr'>erro,</span> 
     </span>
     <span class='ocr_line' id='line_1_22' title="bbox 98 2514 1182 2581; baseline 0 -16"><span class='ocrx_word' id='word_1_195' title='bbox 98 2518 270 2581; x_wconf 64' lang='lat' dir='ltr'>praeceptam</span> <span class='ocrx_word' id='word_1_196' title='bbox 298 2515 331 2565; x_wconf 87' lang='lat' dir='ltr'>do</span> <span class='ocrx_word' id='word_1_197' title='bbox 349 2515 380 2565; x_wconf 89' lang='lat' dir='ltr'>iis</span> <span class='ocrx_word' id='word_1_198' title='bbox 397 2528 466 2565; x_wconf 89' lang='lat' dir='ltr'>unus</span> <span class='ocrx_word' id='word_1_199' title='bbox 483 2528 525 2575; x_wconf 75' lang='grc' dir='ltr'>οε,</span> <span class='ocrx_word' id='word_1_200' title='bbox 553 2526 620 2577; x_wconf 82' lang='lat' dir='ltr'>qtros</span> <span class='ocrx_word' id='word_1_201' title='bbox 657 2514 722 2575; x_wconf 91' lang='lat' dir='ltr'>hoc,</span> <span class='ocrx_word' id='word_1_202' title='bbox 742 2515 780 2564; x_wconf 91' lang='lat' dir='ltr'>uti</span> <span class='ocrx_word' id='word_1_203' title='bbox 792 2514 980 2579; x_wconf 82' lang='lat' dir='ltr'>opinabuntur,</span> <span class='ocrx_word' id='word_1_204' title='bbox 994 2516 1087 2566; x_wconf 89' lang='lat' dir='ltr'>vitium</span> <span class='ocrx_word' id='word_1_205' title='bbox 1098 2517 1182 2567; x_wconf 89' lang='lat' dir='ltr'>corri-</span> 
     </span>
     <span class='ocr_line' id='line_1_23' title="bbox 98 2582 1183 2655; baseline 0.002 -17"><span class='ocrx_word' id='word_1_206' title='bbox 98 2589 236 2655; x_wconf 82' lang='lat' dir='ltr'>descripsit</span> <span class='ocrx_word' id='word_1_207' title='bbox 253 2590 386 2652; x_wconf 80' lang='lat' dir='ltr'>Aristoph.</span> <span class='ocrx_word' id='word_1_208' title='bbox 404 2592 452 2639; x_wconf 85' lang='grc' dir='ltr'>Αν.</span> <span class='ocrx_word' id='word_1_209' title='bbox 472 2590 536 2637; x_wconf 81' lang='lat'>⁴69:</span> <span class='ocrx_word' id='word_1_210' title='bbox 555 2582 620 2637; x_wconf 64' lang='grc' dir='ltr'>Ἦν·</span> <span class='ocrx_word' id='word_1_211' title='bbox 657 2602 719 2652; x_wconf 84' lang='lat' dir='ltr'>gere</span> <span class='ocrx_word' id='word_1_212' title='bbox 742 2588 848 2638; x_wconf 88' lang='lat' dir='ltr'>vellent.</span> <span class='ocrx_word' id='word_1_213' title='bbox 872 2616 899 2625; x_wconf 93' lang='lat'>—</span> <span class='ocrx_word' id='word_1_214' title='bbox 918 2591 1016 2651; x_wconf 69' lang='lat' dir='ltr'>ueram]</span> <span class='ocrx_word' id='word_1_215' title='bbox 1043 2587 1131 2640; x_wconf 76' lang='lat' dir='ltr'>Alexis</span> <span class='ocrx_word' id='word_1_216' title='bbox 1157 2591 1183 2640; x_wconf 92' lang='lat' dir='ltr'>in</span> 
     </span>
     <span class='ocr_line' id='line_1_24' title="bbox 97 2656 1183 2735; baseline -0.003 -21"><span class='ocrx_word' id='word_1_217' title='bbox 97 2664 210 2735; x_wconf 68' lang='grc' dir='ltr'><em>θρωπος</em></span> <span class='ocrx_word' id='word_1_218' title='bbox 229 2658 309 2733; x_wconf 83' lang='grc' dir='ltr'><em>ὄρνις</em></span> <span class='ocrx_word' id='word_1_219' title='bbox 326 2656 515 2728; x_wconf 77' lang='grc' dir='ltr'><em>ἀστάθμητος</em></span> <span class='ocrx_word' id='word_1_220' title='bbox 534 2658 621 2713; x_wconf 72' lang='lat' dir='ltr'>need-</span> <span class='ocrx_word' id='word_1_221' title='bbox 658 2663 739 2713; x_wconf 90' lang='lat' dir='ltr'>Grotii</span> <span class='ocrx_word' id='word_1_222' title='bbox 763 2664 825 2712; x_wconf 87' lang='lat' dir='ltr'>Exc.</span> <span class='ocrx_word' id='word_1_223' title='bbox 848 2676 874 2725; x_wconf 92' lang='lat' dir='ltr'>p.</span> <span class='ocrx_word' id='word_1_224' title='bbox 896 2662 959 2711; x_wconf 82' lang='lat' dir='ltr'>ost:</span> <span class='ocrx_word' id='word_1_225' title='bbox 984 2656 1086 2724; x_wconf 65' lang='grc' dir='ltr'><strong><em>Ὕπνος</em></strong></span> <span class='ocrx_word' id='word_1_226' title='bbox 1111 2662 1183 2732; x_wconf 78' lang='grc' dir='ltr'><em>βρο-</em></span> 
     </span>
     <span class='ocr_line' id='line_1_25' title="bbox 21 2728 1182 2807; baseline -0.001 -20"><span class='ocrx_word' id='word_1_227' title='bbox 21 2734 22 2755; x_wconf 32' lang='grc' dir='ltr'><strong>ῑ</strong></span> <span class='ocrx_word' id='word_1_228' title='bbox 96 2754 193 2806; x_wconf 70' lang='grc' dir='ltr'>μενος,</span> <span class='ocrx_word' id='word_1_229' title='bbox 213 2732 414 2807; x_wconf 76' lang='grc' dir='ltr'>Ἀτέκμαρτος,</span> <span class='ocrx_word' id='word_1_230' title='bbox 438 2731 522 2787; x_wconf 76' lang='grc' dir='ltr'><strong><em>οὐδὲν</em></strong></span> <span class='ocrx_word' id='word_1_231' title='bbox 539 2730 620 2788; x_wconf 80' lang='grc' dir='ltr'><em>οὐδέ·</em></span> <span class='ocrx_word' id='word_1_232' title='bbox 657 2738 755 2796; x_wconf 69' lang='lat' dir='ltr'>selua,</span> <span class='ocrx_word' id='word_1_233' title='bbox 773 2728 797 2784; x_wconf 78' lang='lat' dir='ltr'>ui</span> <span class='ocrx_word' id='word_1_234' title='bbox 813 2732 902 2804; x_wconf 80' lang='grc' dir='ltr'>κόρη,</span> <span class='ocrx_word' id='word_1_235' title='bbox 925 2732 1058 2807; x_wconf 75' lang='grc' dir='ltr'><strong><em>παυστήρ</em></strong></span> <span class='ocrx_word' id='word_1_236' title='bbox 1077 2734 1182 2787; x_wconf 77' lang='grc' dir='ltr'><strong><em>πόνων.</em></strong></span> 
     </span>
     <span class='ocr_line' id='line_1_26' title="bbox 97 2806 1182 2878; baseline 0.001 -17"><span class='ocrx_word' id='word_1_237' title='bbox 97 2814 155 2863; x_wconf 76' lang='lat' dir='ltr'>sot&#39;</span> <span class='ocrx_word' id='word_1_238' title='bbox 171 2814 204 2863; x_wconf 81' lang='grc' dir='ltr'>ἐν</span> <span class='ocrx_word' id='word_1_239' title='bbox 223 2806 317 2878; x_wconf 72' lang='grc' dir='ltr'>ταύτῷ</span> <span class='ocrx_word' id='word_1_240' title='bbox 334 2812 437 2875; x_wconf 77' lang='grc' dir='ltr'>μένων.</span> <span class='ocrx_word' id='word_1_241' title='bbox 474 2811 621 2875; x_wconf 78' lang='lat' dir='ltr'>«intelliga-</span> <span class='ocrx_word' id='word_1_242' title='bbox 660 2838 687 2849; x_wconf 88' lang='lat'><em>-</em></span> <span class='ocrx_word' id='word_1_243' title='bbox 706 2824 787 2860; x_wconf 75' lang='lat' dir='ltr'>coum</span> <span class='ocrx_word' id='word_1_244' title='bbox 806 2810 875 2874; x_wconf 85' lang='lat' dir='ltr'>utro]</span> <span class='ocrx_word' id='word_1_245' title='bbox 893 2810 946 2860; x_wconf 85' lang='lat' dir='ltr'>Cir.</span> <span class='ocrx_word' id='word_1_246' title='bbox 966 2809 1056 2870; x_wconf 72' lang='lat' dir='ltr'>Odi,</span> <span class='ocrx_word' id='word_1_247' title='bbox 1076 2811 1122 2873; x_wconf 83' lang='lat' dir='ltr'>to,</span> <span class='ocrx_word' id='word_1_248' title='bbox 1140 2813 1182 2862; x_wconf 80' lang='lat' dir='ltr'>st.</span> 
     </span>
     <span class='ocr_line' id='line_1_27' title="bbox 97 2884 1185 2951; baseline -0.004 -12"><span class='ocrx_word' id='word_1_249' title='bbox 97 2902 154 2939; x_wconf 88' lang='lat' dir='ltr'>mus</span> <span class='ocrx_word' id='word_1_250' title='bbox 175 2900 253 2947; x_wconf 74' lang='lat' dir='ltr'>eum,</span> <span class='ocrx_word' id='word_1_251' title='bbox 281 2888 326 2951; x_wconf 90' lang='lat' dir='ltr'>qui</span> <span class='ocrx_word' id='word_1_252' title='bbox 351 2884 459 2936; x_wconf 81' lang='lat' dir='ltr'>libidine</span> <span class='ocrx_word' id='word_1_253' title='bbox 481 2889 508 2936; x_wconf 88' lang='lat' dir='ltr'>et</span> <span class='ocrx_word' id='word_1_254' title='bbox 529 2900 620 2936; x_wconf 90' lang='lat' dir='ltr'>rerum</span> <span class='ocrx_word' id='word_1_255' title='bbox 658 2886 688 2947; x_wconf 85' lang='grc'>3,</span> <span class='ocrx_word' id='word_1_256' title='bbox 709 2885 739 2945; x_wconf 88' lang='lat' dir='ltr'>t,</span> <span class='ocrx_word' id='word_1_257' title='bbox 757 2884 804 2936; x_wconf 79' lang='lat' dir='ltr'>io:</span> <span class='ocrx_word' id='word_1_258' title='bbox 830 2886 886 2935; x_wconf 78' lang='lat' dir='ltr'>Post</span> <span class='ocrx_word' id='word_1_259' title='bbox 910 2884 1017 2945; x_wconf 66' lang='lat' dir='ltr'>murm</span> <span class='ocrx_word' id='word_1_260' title='bbox 1039 2886 1105 2935; x_wconf 76' lang='lat' dir='ltr'>sedet</span> <span class='ocrx_word' id='word_1_261' title='bbox 1124 2890 1185 2935; x_wconf 84' lang='lat' dir='ltr'>otru</span> 
     </span>
     <span class='ocr_line' id='line_1_28' title="bbox 98 2960 730 3025; baseline -0.003 -14"><span class='ocrx_word' id='word_1_262' title='bbox 98 2962 195 3013; x_wconf 88' lang='lat' dir='ltr'>deliciis</span> <span class='ocrx_word' id='word_1_263' title='bbox 214 2960 359 3012; x_wconf 79' lang='lat' dir='ltr'>distractus</span> <span class='ocrx_word' id='word_1_264' title='bbox 376 2973 430 3010; x_wconf 93' lang='lat' dir='ltr'>non</span> <span class='ocrx_word' id='word_1_265' title='bbox 447 2973 541 3011; x_wconf 88' lang='lat' dir='ltr'>secum</span> <span class='ocrx_word' id='word_1_266' title='bbox 557 2962 619 3025; x_wconf 79' lang='lat' dir='ltr'>agit,</span> <span class='ocrx_word' id='word_1_267' title='bbox 658 2974 730 3009; x_wconf 86' lang='lat' dir='ltr'>curo.</span> 
     </span>
    </p>
   </div>
   <div class='ocr_carea' id='block_1_5' title="bbox 21 3032 1183 3103">
    <p class='ocr_par' dir='ltr' id='par_1_8' title="bbox 21 3032 1183 3103">
     <span class='ocr_line' id='line_1_29' title="bbox 21 3032 1183 3103; baseline -0.003 -17"><span class='ocrx_word' id='word_1_268' title='bbox 21 3084 22 3103; x_wconf 72' lang='grc'>,</span> <span class='ocrx_word' id='word_1_269' title='bbox 97 3035 240 3086; x_wconf 85' lang='lat' dir='ltr'>sedulieua</span> <span class='ocrx_word' id='word_1_270' title='bbox 253 3036 401 3084; x_wconf 76' lang='lat' dir='ltr'>etenterna</span> <span class='ocrx_word' id='word_1_271' title='bbox 414 3036 527 3099; x_wconf 82' lang='lat' dir='ltr'>captat.»</span> <span class='ocrx_word' id='word_1_272' title='bbox 545 3034 628 3085; x_wconf 86' lang='lat' dir='ltr'>Hand·</span> <span class='ocrx_word' id='word_1_273' title='bbox 692 3032 828 3083; x_wconf 80' lang='lat' dir='ltr'>tto-its.</span> <span class='ocrx_word' id='word_1_274' title='bbox 860 3033 928 3083; x_wconf 84' lang='lat' dir='ltr'>llude</span> <span class='ocrx_word' id='word_1_275' title='bbox 950 3034 1012 3083; x_wconf 77' lang='lat' dir='ltr'>mitti</span> <span class='ocrx_word' id='word_1_276' title='bbox 1035 3034 1183 3099; x_wconf 71' lang='lat' dir='ltr'>lapidosi]</span> 
     </span>
    </p>
   </div>
   <div class='ocr_carea' id='block_1_6' title="bbox 97 3105 1232 4286">
    <p class='ocr_par' dir='ltr' id='par_1_9' title="bbox 97 3105 1232 4286">
     <span class='ocr_line' id='line_1_30' title="bbox 98 3105 1182 3173; baseline -0.003 -14"><span class='ocrx_word' id='word_1_277' title='bbox 98 3112 214 3161; x_wconf 74' lang='lat' dir='ltr'>ibreii.</span> <span class='ocrx_word' id='word_1_278' title='bbox 229 3122 255 3173; x_wconf 92' lang='lat' dir='ltr'>p.</span> <span class='ocrx_word' id='word_1_279' title='bbox 271 3109 326 3159; x_wconf 77' lang='lat' dir='ltr'>tos.</span> <span class='ocrx_word' id='word_1_280' title='bbox 346 3106 537 3173; x_wconf 86' lang='lat' dir='ltr'>(Neoplatonici</span> <span class='ocrx_word' id='word_1_281' title='bbox 549 3121 623 3158; x_wconf 87' lang='lat' dir='ltr'>com·</span> <span class='ocrx_word' id='word_1_282' title='bbox 660 3120 782 3158; x_wconf 77' lang='lat' dir='ltr'>«sumum</span> <span class='ocrx_word' id='word_1_283' title='bbox 793 3105 840 3157; x_wconf 92' lang='lat' dir='ltr'>tibi</span> <span class='ocrx_word' id='word_1_284' title='bbox 857 3107 1059 3159; x_wconf 80' lang='lat' dir='ltr'>iniicieudumt»</span> <span class='ocrx_word' id='word_1_285' title='bbox 1078 3110 1182 3159; x_wconf 84' lang='lat' dir='ltr'>Davus:</span> 
     </span>
     <span class='ocr_line' id='line_1_31' title="bbox 97 3178 1183 3247; baseline -0.003 -12"><span class='ocrx_word' id='word_1_286' title='bbox 97 3184 225 3235; x_wconf 87' lang='lat' dir='ltr'>mendant</span> <span class='ocrx_word' id='word_1_287' title='bbox 246 3178 279 3232; x_wconf 82' lang='lat' dir='ltr'>sd</span> <span class='ocrx_word' id='word_1_288' title='bbox 303 3180 395 3247; x_wconf 78' lang='grc' dir='ltr'><em>ἑαυτῷ</em></span> <span class='ocrx_word' id='word_1_289' title='bbox 422 3186 564 3245; x_wconf 66' lang='grc' dir='ltr'>συνεῖναι,</span> <span class='ocrx_word' id='word_1_290' title='bbox 591 3181 621 3232; x_wconf 79' lang='grc' dir='ltr'>ἐν</span> <span class='ocrx_word' id='word_1_291' title='bbox 660 3180 826 3245; x_wconf 73' lang='lat' dir='ltr'>antiopus.»</span> <span class='ocrx_word' id='word_1_292' title='bbox 860 3182 990 3246; x_wconf 84' lang='lat' dir='ltr'>Exprimit</span> <span class='ocrx_word' id='word_1_293' title='bbox 1006 3185 1085 3247; x_wconf 75' lang='lat' dir='ltr'>poeta</span> <span class='ocrx_word' id='word_1_294' title='bbox 1102 3184 1183 3245; x_wconf 83' lang='lat' dir='ltr'>etque</span> 
     </span>
     <span class='ocr_line' id='line_1_32' title="bbox 98 3254 1185 3325; baseline -0.003 -17"><span class='ocrx_word' id='word_1_295' title='bbox 98 3256 203 3324; x_wconf 75' lang='grc' dir='ltr'>ἑαυτῷ,</span> <span class='ocrx_word' id='word_1_296' title='bbox 228 3258 294 3325; x_wconf 77' lang='grc' dir='ltr'>παρ’</span> <span class='ocrx_word' id='word_1_297' title='bbox 312 3254 404 3323; x_wconf 78' lang='grc' dir='ltr'><em>ἑαυτῷ</em></span> <span class='ocrx_word' id='word_1_298' title='bbox 420 3260 525 3323; x_wconf 79' lang='grc' dir='ltr'><em>μεῖναι.</em></span> <span class='ocrx_word' id='word_1_299' title='bbox 555 3258 622 3307; x_wconf 83' lang='lat' dir='ltr'>ilem</span> <span class='ocrx_word' id='word_1_300' title='bbox 659 3256 753 3307; x_wconf 80' lang='lat' dir='ltr'>festivo</span> <span class='ocrx_word' id='word_1_301' title='bbox 778 3257 897 3306; x_wconf 83' lang='lat' dir='ltr'>imitatur</span> <span class='ocrx_word' id='word_1_302' title='bbox 920 3257 961 3305; x_wconf 85' lang='lat' dir='ltr'>his</span> <span class='ocrx_word' id='word_1_303' title='bbox 986 3256 1110 3307; x_wconf 89' lang='lat' dir='ltr'>versibus</span> <span class='ocrx_word' id='word_1_304' title='bbox 1134 3255 1185 3305; x_wconf 89' lang='lat' dir='ltr'>do·</span> 
     </span>
     <span class='ocr_line' id='line_1_33' title="bbox 99 3329 1185 3395; baseline -0.003 -13"><span class='ocrx_word' id='word_1_305' title='bbox 99 3334 195 3383; x_wconf 67' lang='lat' dir='ltr'>Senem</span> <span class='ocrx_word' id='word_1_306' title='bbox 213 3332 297 3395; x_wconf 87' lang='lat' dir='ltr'>Epist.</span> <span class='ocrx_word' id='word_1_307' title='bbox 311 3332 342 3381; x_wconf 69' lang='lat' dir='ltr'>E:</span> <span class='ocrx_word' id='word_1_308' title='bbox 361 3332 472 3381; x_wconf 76' lang='lat' dir='ltr'>Primtuu</span> <span class='ocrx_word' id='word_1_309' title='bbox 489 3344 623 3395; x_wconf 64' lang='lat' dir='ltr'>armunen-</span> <span class='ocrx_word' id='word_1_310' title='bbox 660 3333 764 3381; x_wconf 89' lang='lat' dir='ltr'>minum</span> <span class='ocrx_word' id='word_1_311' title='bbox 776 3329 965 3391; x_wconf 81' lang='lat' dir='ltr'>cerebrosum,</span> <span class='ocrx_word' id='word_1_312' title='bbox 984 3332 1011 3380; x_wconf 89' lang='lat' dir='ltr'>iu</span> <span class='ocrx_word' id='word_1_313' title='bbox 1023 3343 1125 3390; x_wconf 89' lang='lat' dir='ltr'>servos,</span> <span class='ocrx_word' id='word_1_314' title='bbox 1138 3330 1185 3380; x_wconf 88' lang='lat' dir='ltr'>ubi</span> 
     </span>
     <span class='ocr_line' id='line_1_34' title="bbox 98 3403 1184 3469; baseline 0 -16"><span class='ocrx_word' id='word_1_315' title='bbox 98 3411 145 3457; x_wconf 74' lang='lat' dir='ltr'>tun</span> <span class='ocrx_word' id='word_1_316' title='bbox 161 3407 315 3469; x_wconf 79' lang='lat' dir='ltr'>eourporitue</span> <span class='ocrx_word' id='word_1_317' title='bbox 329 3407 419 3455; x_wconf 79' lang='lat' dir='ltr'>mentis</span> <span class='ocrx_word' id='word_1_318' title='bbox 429 3406 543 3456; x_wconf 75' lang='lat' dir='ltr'>seisttmo</span> <span class='ocrx_word' id='word_1_319' title='bbox 551 3419 623 3467; x_wconf 87' lang='lat' dir='ltr'>posse</span> <span class='ocrx_word' id='word_1_320' title='bbox 659 3418 754 3455; x_wconf 90' lang='lat' dir='ltr'>verum</span> <span class='ocrx_word' id='word_1_321' title='bbox 774 3405 865 3455; x_wconf 88' lang='lat' dir='ltr'>dicere</span> <span class='ocrx_word' id='word_1_322' title='bbox 887 3405 999 3465; x_wconf 88' lang='lat' dir='ltr'>audent,</span> <span class='ocrx_word' id='word_1_323' title='bbox 1026 3403 1184 3454; x_wconf 82' lang='lat' dir='ltr'>desaevien-</span> 
     </span>
     <span class='ocr_line' id='line_1_35' title="bbox 98 3477 1186 3544; baseline -0.006 -12"><span class='ocrx_word' id='word_1_324' title='bbox 98 3483 228 3532; x_wconf 72' lang='lat' dir='ltr'>consistm</span> <span class='ocrx_word' id='word_1_325' title='bbox 250 3486 274 3530; x_wconf 87' lang='lat' dir='ltr'>et</span> <span class='ocrx_word' id='word_1_326' title='bbox 295 3493 378 3531; x_wconf 82' lang='lat' dir='ltr'>secum</span> <span class='ocrx_word' id='word_1_327' title='bbox 402 3482 509 3531; x_wconf 82' lang='lat' dir='ltr'>morari.</span> <span class='ocrx_word' id='word_1_328' title='bbox 539 3481 620 3544; x_wconf 82' lang='lat' dir='ltr'>Epist.</span> <span class='ocrx_word' id='word_1_329' title='bbox 660 3482 724 3530; x_wconf 86' lang='lat' dir='ltr'>tem.</span> <span class='ocrx_word' id='word_1_330' title='bbox 760 3477 970 3542; x_wconf 79' lang='lat' dir='ltr'>Languidissimu</span> <span class='ocrx_word' id='word_1_331' title='bbox 987 3478 1186 3527; x_wconf 84' lang='lat' dir='ltr'>contraluisset</span> 
     </span>
     <span class='ocr_line' id='line_1_36' title="bbox 98 3552 1183 3617; baseline -0.001 -15"><span class='ocrx_word' id='word_1_332' title='bbox 98 3556 140 3605; x_wconf 84' lang='lat' dir='ltr'>to:</span> <span class='ocrx_word' id='word_1_333' title='bbox 165 3558 225 3605; x_wconf 84' lang='lat' dir='ltr'>Nou</span> <span class='ocrx_word' id='word_1_334' title='bbox 245 3556 359 3615; x_wconf 67' lang='lat' dir='ltr'>moenio,</span> <span class='ocrx_word' id='word_1_335' title='bbox 380 3568 438 3604; x_wconf 74' lang='lat' dir='ltr'>mem</span> <span class='ocrx_word' id='word_1_336' title='bbox 454 3568 504 3617; x_wconf 73' lang='lat' dir='ltr'>quo</span> <span class='ocrx_word' id='word_1_337' title='bbox 526 3558 549 3604; x_wconf 83' lang='lat' dir='ltr'>te</span> <span class='ocrx_word' id='word_1_338' title='bbox 564 3568 623 3604; x_wconf 86' lang='lat' dir='ltr'>mu-</span> <span class='ocrx_word' id='word_1_339' title='bbox 660 3556 784 3604; x_wconf 89' lang='lat' dir='ltr'>vitiorum</span> <span class='ocrx_word' id='word_1_340' title='bbox 806 3552 938 3603; x_wconf 76' lang='lat' dir='ltr'>confessio</span> <span class='ocrx_word' id='word_1_341' title='bbox 959 3566 992 3602; x_wconf 85' lang='lat' dir='ltr'>ac</span> <span class='ocrx_word' id='word_1_342' title='bbox 1011 3552 1183 3616; x_wconf 86' lang='lat' dir='ltr'>poenitentia.</span> 
     </span>
     <span class='ocr_line' id='line_1_37' title="bbox 98 3626 1185 3692; baseline 0.006 -19"><span class='ocrx_word' id='word_1_343' title='bbox 98 3628 138 3677; x_wconf 81' lang='lat' dir='ltr'>iim</span> <span class='ocrx_word' id='word_1_344' title='bbox 152 3643 204 3680; x_wconf 77' lang='lat' dir='ltr'>esse</span> <span class='ocrx_word' id='word_1_345' title='bbox 221 3642 300 3691; x_wconf 59' lang='lat' dir='ltr'>mum</span> <span class='ocrx_word' id='word_1_346' title='bbox 315 3633 406 3678; x_wconf 73' lang='lat' dir='ltr'>tectim.</span> <span class='ocrx_word' id='word_1_347' title='bbox 441 3630 525 3680; x_wconf 79' lang='lat' dir='ltr'>acute</span> <span class='ocrx_word' id='word_1_348' title='bbox 551 3628 622 3679; x_wconf 89' lang='lat' dir='ltr'>idem</span> <span class='ocrx_word' id='word_1_349' title='bbox 662 3658 689 3667; x_wconf 84' lang='lat'>-</span> <span class='ocrx_word' id='word_1_350' title='bbox 705 3630 773 3679; x_wconf 80' lang='lat' dir='ltr'>Unde</span> <span class='ocrx_word' id='word_1_351' title='bbox 782 3627 918 3692; x_wconf 75' lang='lat' dir='ltr'>saptttusil</span> <span class='ocrx_word' id='word_1_352' title='bbox 937 3627 1016 3687; x_wconf 88' lang='lat' dir='ltr'>Quasi</span> <span class='ocrx_word' id='word_1_353' title='bbox 1033 3626 1185 3690; x_wconf 78' lang='lat' dir='ltr'>tragoedias</span> 
     </span>
     <span class='ocr_line' id='line_1_38' title="bbox 98 3702 1186 3768; baseline 0 -15"><span class='ocrx_word' id='word_1_354' title='bbox 98 3705 208 3768; x_wconf 87' lang='lat' dir='ltr'>scriptor</span> <span class='ocrx_word' id='word_1_355' title='bbox 234 3704 287 3753; x_wconf 92' lang='lat' dir='ltr'>boc</span> <span class='ocrx_word' id='word_1_356' title='bbox 313 3703 419 3753; x_wconf 85' lang='lat' dir='ltr'>invertit</span> <span class='ocrx_word' id='word_1_357' title='bbox 445 3702 492 3766; x_wconf 87' lang='lat' dir='ltr'>Ep.</span> <span class='ocrx_word' id='word_1_358' title='bbox 515 3702 575 3753; x_wconf 80' lang='lat' dir='ltr'>tot:</span> <span class='ocrx_word' id='word_1_359' title='bbox 603 3703 622 3751; x_wconf 87' lang='grc'><em>0</em></span> <span class='ocrx_word' id='word_1_360' title='bbox 660 3706 759 3754; x_wconf 88' lang='lat' dir='ltr'>movet.</span> <span class='ocrx_word' id='word_1_361' title='bbox 780 3728 808 3739; x_wconf 95' lang='lat'><em>-</em></span> <span class='ocrx_word' id='word_1_362' title='bbox 822 3708 868 3753; x_wconf 84' lang='lat' dir='ltr'>out</span> <span class='ocrx_word' id='word_1_363' title='bbox 882 3715 970 3752; x_wconf 70' lang='lat' dir='ltr'>verm</span> <span class='ocrx_word' id='word_1_364' title='bbox 984 3702 1055 3766; x_wconf 71' lang='lat' dir='ltr'>fucit]</span> <span class='ocrx_word' id='word_1_365' title='bbox 1073 3702 1186 3766; x_wconf 89' lang='lat' dir='ltr'>idquod</span> 
     </span>
     <span class='ocr_line' id='line_1_39' title="bbox 100 3776 1185 3843; baseline 0 -14"><span class='ocrx_word' id='word_1_366' title='bbox 100 3790 172 3839; x_wconf 76' lang='lat' dir='ltr'>ouum</span> <span class='ocrx_word' id='word_1_367' title='bbox 188 3778 318 3829; x_wconf 70' lang='lat' dir='ltr'>beatem</span> <span class='ocrx_word' id='word_1_368' title='bbox 334 3778 483 3838; x_wconf 66' lang='lat' dir='ltr'>quibudam</span> <span class='ocrx_word' id='word_1_369' title='bbox 494 3782 621 3841; x_wconf 80' lang='lat' dir='ltr'>operetur,</span> <span class='ocrx_word' id='word_1_370' title='bbox 660 3792 693 3828; x_wconf 85' lang='lat' dir='ltr'>ex</span> <span class='ocrx_word' id='word_1_371' title='bbox 711 3778 835 3843; x_wconf 90' lang='lat' dir='ltr'>opinione</span> <span class='ocrx_word' id='word_1_372' title='bbox 852 3776 920 3840; x_wconf 79' lang='lat' dir='ltr'>volgi</span> <span class='ocrx_word' id='word_1_373' title='bbox 946 3779 973 3827; x_wconf 92' lang='lat' dir='ltr'>et</span> <span class='ocrx_word' id='word_1_374' title='bbox 988 3778 1054 3827; x_wconf 89' lang='lat' dir='ltr'>Davi</span> <span class='ocrx_word' id='word_1_375' title='bbox 1071 3776 1185 3829; x_wconf 88' lang='lat' dir='ltr'>alterum</span> 
     </span>
     <span class='ocr_line' id='line_1_40' title="bbox 98 3850 1185 3913; baseline 0.001 -14"><span class='ocrx_word' id='word_1_376' title='bbox 98 3852 148 3900; x_wconf 80' lang='lat' dir='ltr'>siu</span> <span class='ocrx_word' id='word_1_377' title='bbox 163 3866 189 3901; x_wconf 75' lang='lat' dir='ltr'>se</span> <span class='ocrx_word' id='word_1_378' title='bbox 211 3852 378 3901; x_wconf 71' lang='lat' dir='ltr'>oberrarent!</span> <span class='ocrx_word' id='word_1_379' title='bbox 402 3852 476 3901; x_wconf 74' lang='lat' dir='ltr'>lt&#39;uuc</span> <span class='ocrx_word' id='word_1_380' title='bbox 496 3852 576 3913; x_wconf 67' lang='lat' dir='ltr'>muni</span> <span class='ocrx_word' id='word_1_381' title='bbox 598 3864 623 3903; x_wconf 83' lang='lat' dir='ltr'>so</span> <span class='ocrx_word' id='word_1_382' title='bbox 660 3865 709 3902; x_wconf 88' lang='lat' dir='ltr'>nec</span> <span class='ocrx_word' id='word_1_383' title='bbox 727 3850 813 3902; x_wconf 85' lang='lat' dir='ltr'>levius</span> <span class='ocrx_word' id='word_1_384' title='bbox 830 3864 914 3913; x_wconf 80' lang='lat' dir='ltr'>genus</span> <span class='ocrx_word' id='word_1_385' title='bbox 932 3853 973 3901; x_wconf 89' lang='lat' dir='ltr'>est</span> <span class='ocrx_word' id='word_1_386' title='bbox 989 3852 1116 3901; x_wconf 85' lang='lat' dir='ltr'>insaniae.</span> <span class='ocrx_word' id='word_1_387' title='bbox 1144 3852 1185 3900; x_wconf 85' lang='lat' dir='ltr'>si-</span> 
     </span>
     <span class='ocr_line' id='line_1_41' title="bbox 98 3926 1232 3989; baseline 0 -14"><span class='ocrx_word' id='word_1_388' title='bbox 98 3926 160 3985; x_wconf 77' lang='lat' dir='ltr'>ipros</span> <span class='ocrx_word' id='word_1_389' title='bbox 174 3926 324 3986; x_wconf 68' lang='lat' dir='ltr'>mittebant,</span> <span class='ocrx_word' id='word_1_390' title='bbox 342 3932 524 3987; x_wconf 67' lang='lat' dir='ltr'>corrumperet,</span> <span class='ocrx_word' id='word_1_391' title='bbox 546 3926 623 3976; x_wconf 77' lang='lat' dir='ltr'>terri·</span> <span class='ocrx_word' id='word_1_392' title='bbox 660 3926 766 3989; x_wconf 82' lang='lat' dir='ltr'>gnificat</span> <span class='ocrx_word' id='word_1_393' title='bbox 788 3938 817 3975; x_wconf 89' lang='lat' dir='ltr'>se</span> <span class='ocrx_word' id='word_1_394' title='bbox 841 3926 919 3975; x_wconf 89' lang='lat' dir='ltr'>antea</span> <span class='ocrx_word' id='word_1_395' title='bbox 937 3938 1045 3989; x_wconf 86' lang='lat' dir='ltr'>quoque</span> <span class='ocrx_word' id='word_1_396' title='bbox 1066 3926 1185 3975; x_wconf 79' lang='lat' dir='ltr'>furorem</span> <span class='ocrx_word' id='word_1_397' title='bbox 1229 3952 1232 3966; x_wconf 68' lang='grc' dir='ltr'>ι</span> 
     </span>
     <span class='ocr_line' id='line_1_42' title="bbox 98 3998 1186 4064; baseline -0.001 -14"><span class='ocrx_word' id='word_1_398' title='bbox 98 4004 157 4050; x_wconf 75' lang='lat' dir='ltr'>taut.</span> <span class='ocrx_word' id='word_1_399' title='bbox 178 4028 205 4037; x_wconf 93' lang='lat'>-</span> <span class='ocrx_word' id='word_1_400' title='bbox 224 3998 292 4063; x_wconf 68' lang='lat' dir='ltr'>ero]</span> <span class='ocrx_word' id='word_1_401' title='bbox 321 3998 420 4064; x_wconf 79' lang='lat' dir='ltr'>Ulpica.</span> <span class='ocrx_word' id='word_1_402' title='bbox 442 4000 498 4063; x_wconf 82' lang='lat' dir='ltr'>Dig.</span> <span class='ocrx_word' id='word_1_403' title='bbox 521 4000 567 4062; x_wconf 80' lang='lat' dir='ltr'>at,</span> <span class='ocrx_word' id='word_1_404' title='bbox 592 4000 620 4062; x_wconf 88' lang='lat' dir='ltr'>t,</span> <span class='ocrx_word' id='word_1_405' title='bbox 660 4000 717 4049; x_wconf 84' lang='lat' dir='ltr'>heri</span> <span class='ocrx_word' id='word_1_406' title='bbox 734 4012 829 4050; x_wconf 84' lang='lat' dir='ltr'>versus</span> <span class='ocrx_word' id='word_1_407' title='bbox 846 4000 1030 4063; x_wconf 88' lang='lat' dir='ltr'>componentis</span> <span class='ocrx_word' id='word_1_408' title='bbox 1046 4002 1186 4064; x_wconf 84' lang='lat' dir='ltr'>expertum</span> 
     </span>
     <span class='ocr_line' id='line_1_43' title="bbox 99 4071 1183 4139; baseline 0.003 -20"><span class='ocrx_word' id='word_1_409' title='bbox 99 4074 145 4121; x_wconf 84' lang='lat' dir='ltr'>ti:</span> <span class='ocrx_word' id='word_1_410' title='bbox 169 4076 325 4124; x_wconf 79' lang='lat' dir='ltr'>Errouem</span> <span class='ocrx_word' id='word_1_411' title='bbox 349 4075 384 4123; x_wconf 83' lang='lat' dir='ltr'>sic</span> <span class='ocrx_word' id='word_1_412' title='bbox 409 4075 552 4137; x_wconf 59' lang='lat' dir='ltr'>minus,</span> <span class='ocrx_word' id='word_1_413' title='bbox 579 4075 622 4136; x_wconf 79' lang='lat' dir='ltr'>uui</span> <span class='ocrx_word' id='word_1_414' title='bbox 660 4086 734 4136; x_wconf 88' lang='lat' dir='ltr'>esse,</span> <span class='ocrx_word' id='word_1_415' title='bbox 755 4076 785 4123; x_wconf 94' lang='lat' dir='ltr'>ut</span> <span class='ocrx_word' id='word_1_416' title='bbox 805 4072 948 4136; x_wconf 80' lang='lat' dir='ltr'>aliquando</span> <span class='ocrx_word' id='word_1_417' title='bbox 965 4071 1110 4139; x_wconf 87' lang='lat' dir='ltr'>scriptores</span> <span class='ocrx_word' id='word_1_418' title='bbox 1127 4076 1183 4124; x_wconf 91' lang='lat' dir='ltr'>Ser.</span> 
     </span>
     <span class='ocr_line' id='line_1_44' title="bbox 99 4147 1185 4211; baseline -0.002 -13"><span class='ocrx_word' id='word_1_419' title='bbox 99 4147 344 4211; x_wconf 66' lang='lat' dir='ltr'>metodorusuptt,</span> <span class='ocrx_word' id='word_1_420' title='bbox 362 4150 404 4198; x_wconf 84' lang='lat' dir='ltr'>sed</span> <span class='ocrx_word' id='word_1_421' title='bbox 417 4148 560 4210; x_wconf 78' lang='lat' dir='ltr'>[requenter</span> <span class='ocrx_word' id='word_1_422' title='bbox 569 4149 623 4199; x_wconf 76' lang='lat' dir='ltr'>siue</span> <span class='ocrx_word' id='word_1_423' title='bbox 660 4147 759 4199; x_wconf 84' lang='lat' dir='ltr'>Galbae</span> <span class='ocrx_word' id='word_1_424' title='bbox 776 4150 925 4199; x_wconf 85' lang='lat' dir='ltr'>orationem</span> <span class='ocrx_word' id='word_1_425' title='bbox 946 4148 1098 4201; x_wconf 81' lang='lat' dir='ltr'>meditantis</span> <span class='ocrx_word' id='word_1_426' title='bbox 1114 4147 1185 4197; x_wconf 87' lang='lat' dir='ltr'>mule</span> 
     </span>
     <span class='ocr_line' id='line_1_45' title="bbox 100 4220 1186 4286; baseline -0.004 -13"><span class='ocrx_word' id='word_1_427' title='bbox 100 4234 174 4273; x_wconf 74' lang='lat' dir='ltr'>ceusu</span> <span class='ocrx_word' id='word_1_428' title='bbox 194 4226 309 4286; x_wconf 62' lang='grc' dir='ltr'>νομαίων</span> <span class='ocrx_word' id='word_1_429' title='bbox 328 4227 352 4273; x_wconf 82' lang='lat' dir='ltr'>et</span> <span class='ocrx_word' id='word_1_430' title='bbox 372 4222 523 4285; x_wconf 65' lang='lat' dir='ltr'>torporibus</span> <span class='ocrx_word' id='word_1_431' title='bbox 538 4224 565 4274; x_wconf 85' lang='lat' dir='ltr'>iu</span> <span class='ocrx_word' id='word_1_432' title='bbox 581 4235 622 4274; x_wconf 83' lang='lat' dir='ltr'>ree</span> <span class='ocrx_word' id='word_1_433' title='bbox 660 4220 770 4275; x_wconf 72' lang='lat' dir='ltr'>mulcati</span> <span class='ocrx_word' id='word_1_434' title='bbox 787 4236 803 4273; x_wconf 88' lang='lat' dir='ltr'>e</span> <span class='ocrx_word' id='word_1_435' title='bbox 820 4222 953 4274; x_wconf 87' lang='lat' dir='ltr'>testudine</span> <span class='ocrx_word' id='word_1_436' title='bbox 976 4236 1039 4273; x_wconf 90' lang='lat' dir='ltr'>oum</span> <span class='ocrx_word' id='word_1_437' title='bbox 1061 4236 1094 4272; x_wconf 89' lang='lat' dir='ltr'>eo</span> <span class='ocrx_word' id='word_1_438' title='bbox 1111 4220 1186 4271; x_wconf 83' lang='lat' dir='ltr'>exie-</span> 
     </span>
    </p>
   </div>
   <div class='ocr_carea' id='block_1_7' title="bbox 0 0 1469 4892">
    <p class='ocr_par' dir='ltr' id='par_1_10' title="bbox 0 0 1469 4892">
     <span class='ocr_line' id='line_1_46' title="bbox 0 0 1469 4892; baseline 0 0"><span class='ocrx_word' id='word_1_439' title='bbox 0 0 1469 4892; x_wconf 95' lang='lat' dir='ltr'> </span> 
     </span>
    </p>
   </div>
  </div>
 </body>
</html>
