2925 4892
267 356 330 423 eut
636 357 965 412 flounrnsnuuttttutt

310 512 507 601 Penelopam
527 510 629 579 iacilis
651 511 767 597 potiori
789 511 891 579 trade.
935 512 1102 581 Putasne?

311 634 449 702 Perduci
471 632 590 720 poterit
611 640 676 699 tam
697 632 780 719 lrugi
802 643 933 721 tamque
955 635 1091 722 pudica,

312 758 416 836 Quam
438 756 595 844 nequiere
617 753 707 841 proci
730 764 820 821 recto
843 755 1008 843 depellere
1030 758 1152 823 oursu‘l

312 878 405 945 Venit
426 879 528 954 enim,
552 897 705 965 magnum
727 876 869 943 donandi
893 898 1006 963 parca,
1030 878 1195 953 iuventus,

311 1000 378 1066 Nec
399 1009 522 1065 tantum
543 998 686 1075 veneris,
711 1008 867 1085 quantum
889 996 1037 1064 studiosa
1058 997 1195 1065 culinae.
1318 1001 1362 1064 80

311 1121 365 1187 Sic
387 1119 443 1186 tibi
466 1117 630 1207 Penelope
651 1118 734 1205 frugi
756 1128 822 1195 est,
847 1138 933 1206 quae
955 1120 983 1184 si
1006 1118 1108 1187 semel
1130 1140 1194 1186 uuo

310 1243 359 1309 De
382 1261 461 1309 sene
483 1241 618 1328 gustarit
639 1249 747 1306 tecum
768 1239 885 1326 partita
905 1237 1075 1318 lucellum,

311 1362 351 1430 Ut
373 1363 462 1428 canis
485 1382 504 1427 a
525 1361 614 1427 corio
635 1382 803 1449 uunquam
824 1359 1059 1427 absterrebitur
1080 1372 1186 1429 uncto.

335 1542 376 1591 tt.
403 1541 553 1604 Penelopam
569 1540 651 1602 bSeE¹
671 1556 707 1592 κυ
725 1544 753 1591 et
770 1542 887 1605 quinque
910 1541 1038 1601 Pottierii,
1057 1542 1113 1602 tc,
1132 1542 1233 1604 Beati,
1253 1546 1327 1595 ruti:

302 1616 446 1678 Ρθηοὶορωη
461 1630 478 1679 p
497 1619 524 1666 et
540 1617 658 1667 Poltierii
674 1615 810 1681 plerique,
827 1616 962 1677 Penelopen
978 1617 997 1664 l.
1013 1642 1040 1652 —
1059 1616 1100 1665 79.
1116 1617 1186 1666 Venit
1196 1618 1330 1668 eniminu-

299 1705 363 1756 pno:
380 1692 490 1741 donandi
507 1692 614 1743 Simeon
631 1691 742 1752 Rosius,
762 1689 984 1752 Cuninghamius‚
1006 1690 1075 1739 Venit
1091 1690 1157 1739 enim
1174 1690 1328 1755 (indipntenl

301 1766 412 1816 mundi
437 1763 571 1815 Bentleiue
594 1764 757 1815 coniectura.
787 1790 814 1800 -
842 1763 882 1812 8⁴.
908 1762 1030 1824 Penelopa
1054 1762 1138 1813 Bentl.
1158 1768 1185 1815 et
1201 1766 1221 1814 F
1238 1766 1328 1818 invitis

300 1840 452 1891 codicibus.
473 1866 499 1877 -
520 1839 561 1889 83.
581 1839 749 1890 animabitur
767 1836 851 1888 Codd.
865 1837 1004 1887 Torrentii.
1020 1865 1048 1873 —
1061 1838 1102 1887 87.
1115 1839 1151 1888 sie
1162 1839 1247 1890 Codd.
1263 1839 1327 1905 aliq.

267 1988 353 2039 brevi.
372 1987 431 2038 vid.
445 1988 480 2037 ad
496 1989 549 2038 Sat.
562 1988 591 2049 2,
605 1987 636 2048 3,
655 1986 695 2037 38.
711 2013 739 2023 —
752 1988 796 2036 Pe·
831 1986 961 2038 ttundum
977 1986 1139 2039 muliebrem
1155 1990 1180 2039 ei
1198 2002 1263 2041 sane
1280 1990 1364 2041 obtu-

267 2062 390 2126 nelopom]
405 2062 566 2113 «Observavi
577 2063 603 2111 in
614 2060 722 2121 lambis,
736 2063 796 2111 Ser·
832 2059 920 2110 lerant
932 2061 1036 2123 (Odyss.
1049 2077 1078 2122 σ,
1090 2063 1135 2112 set
1143 2064 1169 2126 l,
1183 2065 1362 2116 «munuscula

268 2137 393 2190 monibus
416 2140 443 2188 et
468 2136 590 2203 Epistolis
615 2138 721 2189 Latinas
745 2136 795 2187 de·
832 2136 1047 2199 tumen,»inquit
1061 2137 1187 2199 Tiresias,
1206 2140 1293 2190 «houd
1306 2142 1366 2192 sui-

269 2212 423 2264 oliuetioues
440 2212 565 2263 libentius
588 2210 717 2261 adhibere
741 2213 795 2261 No·
832 2207 947 2258 ficientia
958 2208 993 2258 ad
1010 2208 1202 2261 conciliandam
1219 2212 1270 2263 sibi
1285 2217 1364 2265 tuam

268 2290 368 2349 suum,
399 2287 426 2336 in
454 2285 623 2337 Carminibus
652 2288 793 2336 Graecus.»
831 2296 968 2333 uxorema
1004 2285 1090 2334 Locus
1101 2283 1239 2338 lucillimus
1254 2301 1304 2337 our
1314 2302 1365 2337 ua-

268 2364 360 2412 Bsnru.
381 2359 455 2411 Coni.
467 2364 556 2411 tamen
568 2374 593 2410 v.
603 2361 649 2410 et:
668 2360 794 2421 Penelope.
832 2357 871 2406 rie
883 2355 1037 2408 sollicitatus
1053 2359 1100 2420 sit,
1118 2360 1162 2409 uix
1180 2360 1361 2425 intelligimus.

268 2436 334 2499 Epp.
354 2436 382 2496 l,
408 2435 434 2496 7,
459 2434 508 2487 tt:
534 2435 624 2485 liltore.
645 2460 672 2471 -
693 2434 795 2499 maun]
832 2430 896 2481 Sim.
908 2432 978 2481 Bosii
996 2433 1065 2482 coni.
1083 2432 1257 2496 signiticaret:
1285 2436 1362 2485 «tta-

269 2509 389 2560 «tibimet
400 2510 449 2573 ipsi
460 2508 663 2572 praeferendos·
693 2508 793 2559 ct.0d.
831 2518 883 2567 guo
901 2505 1002 2557 venalis
1019 2510 1073 2565 est;
1100 2508 1175 2572 proci
1197 2522 1262 2559 vero
1284 2512 1363 2573 parci

268 2585 298 2645 3,
318 2585 346 2647 9,
365 2583 796 2647 2.-Pntarne?oet.]«Ulpssene
832 2581 859 2629 et
884 2580 1011 2630 sordidi.»
1039 2608 1067 2618 -
1093 2584 1132 2632 De
1155 2595 1213 2633 terte
1235 2585 1362 2649 Μαι-ἐι]

269 2670 376 2721 marpne
390 2672 440 2721 pos
458 2659 485 2708 lo
496 2659 610 2708 moindre
623 2660 794 2723 reprimam,
832 2654 925 2718 Figura
943 2656 1024 2705 etiam
1042 2657 1150 2706 Graecis
1172 2657 1278 2707 usitata.
1303 2662 1362 2708 Ae-

269 2739 293 2783 et
317 2738 385 2784 toute
409 2747 452 2783 son
469 2734 613 2795 inquietudo
637 2738 672 2783 est
697 2747 745 2795 pue
764 2747 795 2784 aa
832 2728 918 2792 schyl.
930 2729 1100 2793 Fragmaat.
1111 2731 1201 2781 Dind:
1220 2725 1257 2782 orl
1265 2746 1305 2796 με
1315 2729 1361 2797 μὴ

266 2807 356 2868 senine
372 2820 403 2857 ne
419 2820 444 2856 ae
461 2808 536 2857 rende
552 2812 608 2869 trop
620 2807 731 2871 diffletis,
751 2808 796 2857 elle
831 2800 908 2874 λάθῃ
940 2802 1053 2870 φλέγων
1081 2796 1263 2869 Ὀφθαλμός,
1295 2800 1364 2871 ἥτις

268 2881 312 2942 pai
328 2893 346 2929 a
362 2880 484 2929 resumo
501 2886 579 2929 mnus
600 2880 634 2929 les
652 2882 796 2943 poarutitee
831 2870 937 2947 ἀνδρὸς
952 2868 974 2948 ᾖ
989 2880 1195 2943 yspaniam.—
1208 2885 1365 2942 menaporu-

268 2954 299 3004 de
315 2958 370 3003 tant
387 2955 538 3003 demonia»
561 2954 665 3004 Dioren.
688 2982 715 2993 -
733 2958 795 3006 Per-
830 2952 878 2999 tito
902 2951 1024 3015 lucellana]
1048 2954 1152 3003 Seneca
1174 2954 1255 3017 Epist.
1274 2956 1304 3003 δε
1331 2961 1365 3005 ut

268 3028 335 3089 dne]
353 3025 474 3077 Verbum
491 3027 628 3091 proprium
641 3028 730 3088 detis,
749 3031 795 3093 qui
830 3025 903 3075 linita
930 3038 1028 3087 qnoque
1055 3026 1104 3075 diet
1136 3027 1252 3077 tnoettnm
1278 3033 1363 3080 mun

270 3099 396 3151 mulieres
417 3100 452 3150 ad
475 3104 567 3165 stupra
588 3104 668 3165 atque
690 3102 795 3153 adulte-
830 3100 1017 3149 romanens.
1048 3100 1124 3150 Coul.
1137 3100 1213 3151 Haud
1230 3102 1306 3152 Ture.
1325 3105 1360 3153 11.

268 3176 308 3227 ria
325 3176 464 3239 corruptas
481 3174 515 3224 ud
532 3176 662 3226 moechos
679 3176 792 3241 ducunt,
829 3187 856 3237 p.
870 3174 927 3225 tii.
943 3200 971 3211 -
984 3175 1094 3223 tltoania
1105 3176 1169 3237 oet]
1182 3176 1362 3228 Proverbium

267 3249 340 3301 uude
362 3247 448 3299 subet.
466 3251 610 3311 perductur.
647 3250 700 3301 Cio.
714 3252 790 3303 Verr.
830 3249 888 3298 crat
898 3247 969 3311 apud
984 3250 1110 3298 Graecos.
1124 3249 1236 3299 Theocr.
1249 3250 1298 3311 to,
1312 3252 1358 3301 tt:

267 3325 368 3385 Acci,
383 3324 426 3385 ti,
440 3324 485 3373 33:
504 3324 628 3385 monum,
641 3324 791 3388 aleatorem,
829 3316 957 3381 χαλεπὸν
973 3323 1065 3394 χορὶω
1076 3319 1152 3373 κύνα
1165 3321 1278 3390 γεῦσαι.
1309 3327 1363 3376 Lu·

263 3398 443 3461 perductorum
462 3398 535 3447 nulia
550 3397 642 3447 mentio
661 3400 717 3462 flet.
747 3400 793 3450 Est
830 3397 897 3446 ciau.
922 3396 984 3446 adv.
1007 3396 1110 3449 Indoct.
1135 3400 1182 3448 ie:
1213 3391 1362 3470 οὐδὲγὰρ

267 3473 430 3522 Graecorum
447 3466 673 3542 προαγωγεύειν,
700 3484 792 3542 προα-
828 3466 907 3521 aior
928 3460 1007 3535 dena
1032 3468 1165 3523 παύσαιτ’
1188 3467 1227 3523 ἂν
1249 3489 1361 3525 σκυτο-

265 3546 386 3611 γωγεὶα,
416 3545 624 3597 «lenocinium»
656 3572 684 3583 -
712 3546 791 3611 pupi]
828 3550 942 3615 φαγεῖν
957 3542 1107 3609 μαθοῦσα.
1127 3546 1362 3601 Pauloaliterbla-

268 3618 386 3669 atreo.»
415 3619 493 3669 Voss.
829 3621 917 3669 ximus
934 3620 1010 3671 Conl.
1028 3622 1092 3673 XLI.
1105 3635 1132 3686 p.
1145 3619 1293 3673 titzariov
1303 3638 1361 3688 με-

299 3691 387 3741 79-83.
420 3692 489 3741 Venit
511 3693 576 3743 enin
596 3695 658 3755 cet]
677 3693 792 3745 «Pudica
830 3689 953 3759 λετήσας
964 3693 1081 3765 σαρκῶν
1093 3689 1292 3761 ἀπογεύεσθαι
1302 3714 1361 3759 φυ-

266 3762 354 3813 adhuo
372 3766 422 3824 est,
442 3765 539 3825 lateor;
559 3778 621 3817 uam
637 3768 727 3831 proci,
747 3768 793 3830 qui
829 3762 1359 3837 λάττεινούκέτιδύναταιτὴνάγέλην.

266 3836 378 3887 domum
401 3840 473 3888 tuam
495 3844 638 3903 venerunt,
666 3842 693 3891 id
717 3842 793 3904 quis-
832 3870 859 3879 -
888 3856 1020 3905 autunum
1047 3844 1238 3909 esemona]
1269 3848 1362 3899 «Nun-

267 3923 319 3975 que
337 3912 461 3962 causatus
479 3924 509 3961 se
527 3926 587 3963 eam
608 3914 635 3963 in
652 3916 793 3965 matrimo-
830 3930 926 3981 quam,
952 3916 1029 3980 dicit,
1054 3917 1089 3969 ab
1107 3920 1229 3982 impenso
1246 3918 1290 3970 illo
1309 3921 1362 3972 he·

266 3986 340 4035 nium
352 3984 451 4034 ducere
463 3984 542 4047 velle,
562 3989 671 4051 propter
683 3990 792 4041 nimiam
829 3992 973 4041 reditatum
991 3993 1185 4055 captandorum
1201 3993 1290 4043 studio
1308 3995 1362 4045 de-

149 4084 154 4101 »
265 4060 458 4125 parcimoniam
469 4060 578 4111 minime
591 4064 716 4126 propensi
729 4066 793 4114 sunl
830 4067 891 4116 duci
909 4067 1032 4129 poterit.»
1048 4067 1169 4131 -nnotoJ
1188 4068 1267 4131 adipe
1284 4070 1362 4120 ride·

265 4134 299 4185 ad
318 4146 378 4184 eum
396 4134 498 4195 magnis
516 4133 593 4185 donis
615 4150 792 4200 corrumpen-
829 4138 903 4199 licet,
923 4153 975 4189 uon
988 4139 1063 4200 oleo,
1082 4143 1113 4190 ut
1128 4140 1171 4191 alii
1187 4140 1324 4205 supplent.

265 4208 327 4259 dam
357 4210 425 4259 cetu
457 4236 484 4247 -
515 4223 635 4275 mapnnm
666 4212 790 4277 mandi]
861 4212 949 4265 lit-89.
980 4214 1109 4280 teoprobo]
1135 4217 1258 4276 «astuta,
1286 4230 1359 4280 quae
