2925 4892
260 366 302 430 98
640 364 771 415 44444444
789 364 971 417 4444444444

301 521 390 591 udos
412 542 486 588 cum
507 520 590 585 loliis
612 538 720 585 ramos
743 528 857 585 urente
880 520 1016 610 caprino.

301 644 361 709 Hic
382 663 443 730 ego
465 641 655 709 mendacem
675 638 883 705 stultissimus
905 658 1010 726 usque
1036 638 1178 726 puellam

301 763 350 829 lid
372 762 512 828 mediam
534 772 661 828 noctem
682 771 853 847 exspecto:
878 780 1010 826 somnus
1032 770 1139 827 tamen
1161 760 1264 827 aufert

301 886 460 951 intentum
482 884 612 961 veneri3
635 892 703 947 tum
724 880 891 947 immundo
912 881 1038 947 somnia
1059 882 1130 947 visu

300 1006 494 1071 Noctumam
515 1012 640 1069 vestem
660 1000 822 1069 maculant
843 1012 1055 1090 ventremque
1078 1003 1238 1089 supinum.
1310 1004 1357 1067 85

301 1128 460 1206 Quattuor
479 1124 555 1190 hinc
577 1123 721 1210 rapimur
744 1123 853 1210 viginti
876 1133 908 1189 et
929 1122 1016 1189 milia
1037 1122 1159 1199 rhedis,

325 1278 367 1328 86.
385 1282 410 1326 et
426 1288 480 1327 om.
502 1287 545 1339 cp.

258 1401 332 1449 reete
355 1410 405 1461 per
428 1396 570 1447 fumarium
588 1396 661 1445 exire
678 1398 783 1458 posset¹
825 1396 868 1443 cui
893 1393 1089 1458 praemittenda
1116 1398 1173 1445 erat
1198 1395 1358 1460 exemplum

258 1472 389 1536 imprimis
406 1471 513 1520 44444444
524 1468 643 1534 lippienti
655 1467 785 1519 molestus
824 1467 939 1531 neglexit
956 1468 1043 1532 Haupt
1061 1467 1218 1519 Obsecritt.
1231 1468 1299 1532 pte
1309 1482 1355 1533 sq.

258 1548 323 1596 erat.
353 1544 429 1595 idem
445 1543 510 1594 lumi
527 1544 667 1607 epitheton
687 1541 787 1607 placuit
824 1572 851 1583 -
865 1542 991 1605 44444444,
1005 1543 1144 1607 cundoet]
1164 1544 1356 1608 «Equotuu'um

258 1618 349 1669 Ouidio
377 1620 483 1669 iletem.
509 1618 558 1677 44),
587 1618 612 1666 44.
642 1644 670 1653 -
698 1620 786 1665 urente
825 1618 855 1681 (s.
874 1616 974 1667 rectius
991 1618 1096 1680 Equum
1113 1616 1234 1681 tuticuml
1250 1618 1358 1680 signifi-

257 1692 370 1755 oomiuc]
394 1693 432 1742 lie
453 1692 549 1754 trigone
568 1691 595 1740 44
615 1690 656 1740 hie
676 1686 785 1752 Apuliae
823 1692 880 1750 cat,
899 1690 975 1740 cuius
987 1703 1085 1740 nomen
1102 1691 1258 1741 hexametro
1268 1704 1355 1741 versu

258 1767 394 1818 montibua
411 1780 492 1831 caepe
510 1778 597 1829 neque
617 1766 644 1813 in
660 1776 785 1814 mensem
824 1762 966 1828 complecti
983 1777 1036 1813 non
1054 1766 1151 1828 polest.
1187 1766 1244 1815 iloc
1260 1766 1355 1815 eutem

257 1842 362 1891 lunium
386 1842 512 1891 continuo
537 1840 585 1889 cir.
609 1837 787 1888 Walckeuae-
825 1835 1055 1900 exemplotucilii.
1069 1839 1135 1887 liam
1148 1838 1360 1902 inseptimaSo-

259 1915 328 1964 44444
351 1915 370 1963 l.
394 1927 421 1977 p.
444 1913 503 1964 449.
545 1912 644 1961 camino
670 1914 712 1961 eet
737 1923 786 1973 pro
825 1914 873 1962 tire
892 1910 998 1962 siceit:
1022 1910 1360 1974 Seruonuneetsertiutii-

259 1988 435 2051 ignecamini.
454 1987 613 2037 cacuminis
625 1985 671 2036 cir.
683 1985 787 2034 Becker
825 2000 850 2036 er
865 1986 918 2046 liic,
938 1987 1016 2047 04444
1030 1986 1106 2047 ptam
1122 1985 1268 2036 4444444444
1279 1998 1360 2035 uersu

260 2062 350 2111 Gallus
367 2060 423 2125 (ild.
437 2059 493 2123 eit.)
511 2062 542 2110 ll.
554 2072 581 2123 p.
593 2058 652 2110 444.
673 2086 701 2097 -
718 2072 787 2108 4444-
825 2074 875 2110 unu
886 2060 1055 2121 dicerepoeels
1073 2056 1240 2121 (sigillaricia
1258 2062 1356 2109 444444.

259 2138 347 2187 Mean
362 2160 377 2173 ·
393 2134 717 2197 -pucllcm--enopecto1
745 2134 787 2182 Sic
825 2136 911 2183 Verus
933 2133 998 2183 situs
1020 2134 1086 2194 Equi
1104 2132 1360 2193 leticieltputmn-

259 2208 433 2273 Aeclepiadea
456 2207 561 2258 4444444.
580 2206 634 2258 Pal.
647 2209 667 2257 l.
680 2221 707 2271 p.
721 2208 785 2256 teu:
825 2208 870 2272 put
881 2205 923 2269 (do
932 2206 1211 2268 cuiusetymoetvera
1220 2207 1358 2269 scriptura

256 2278 434 2349 ittpoityqo'
455 2274 535 2348 ἥξειν
559 2282 601 2345 εἰς
621 2277 712 2332 νύκτα
735 2294 788 2345 μοι
826 2282 879 2331 iam
896 2280 966 2330 conl.
987 2282 1016 2331 G.
1034 2281 1153 2339 Curtius,
1176 2280 1316 2343 Zeiteclrili
1331 2280 1356 2343 f.

261 2352 280 2425 ἡ
306 2353 457 2422 ’κιβόητος
481 2353 575 2417 Naxo,
599 2356 649 2406 καὶ
676 2349 788 2419 σεμνὴν
825 2356 952 2405 44444444.
967 2354 1039 2405 teti.
1053 2368 1079 2418 p.
1091 2354 1159 2416 464.)
1181 2358 1289 2405 auctore
1303 2356 1359 2405 444-

260 2427 362 2496 ὤμοσε
378 2427 587 2501 Θεσμοφόρω·
607 2422 689 2488 Κοῦχ
707 2421 786 2492 ἥκει,
827 2426 952 2480 manellio
978 2441 1031 2478 non
1053 2430 1096 2478 est
1117 2428 1248 2479 8444444444
1269 2441 1359 2493 prope

261 2501 379 2571 φυλακὴ
394 2502 427 2555 dl
438 2507 618 2575 παροίχεται.
637 2493 682 2573 ἄρ’
693 2503 789 2573 ἐπιορ-
826 2500 968 2562 Asculum,
987 2502 1036 2552 sed
1053 2502 1080 2551 S.
1092 2502 1218 2551 Eleuterio
1229 2514 1251 2552 a.
1270 2502 1296 2551 S.
1314 2503 1363 2552 44-

261 2574 446 2638 κιτνἭθελε,·
463 2576 515 2629 τὸν
531 2575 651 2639 λύχνον,
670 2575 786 2639 παῖδες,
826 2578 940 2627 teretem
948 2588 1031 2640 prope
1040 2574 1144 2625 Arione.
1174 2575 1249 2626 idem
1261 2578 1359 2627 tamen

261 2650 788 2717 ninoosstoare.-romniu]1ieniniia
828 2652 981 2716 (praeeunte
1004 2648 1179 2713 Weseelingio
1204 2651 1239 2702 ad
1263 2652 1358 2702 itiner.

262 2732 372 2783 seminis
388 2728 543 2794 prolusione
563 2726 677 2792 loquens
695 2725 789 2776 Celsus
827 2740 853 2791 p.
874 2726 940 2787 403.)
961 2726 1059 2775 acriter
1081 2724 1218 2775 contendit
1240 2724 1362 2790 oppidu·

262 2805 292 2866 4,
305 2805 347 2856 48.
364 2809 502 2854 noctram
512 2804 635 2865 inopinos
645 2803 787 2851 memorat.
827 2800 883 2851 lum
891 2812 916 2849 4.
927 2798 968 2849 87.
978 2797 1155 2861 significatum
1166 2812 1220 2849 non
1232 2799 1266 2849 de
1278 2800 1360 2863 Equo

264 2906 293 2915 -
307 2876 372 2941 4444]
391 2877 524 2939 «apeme,-
542 2877 572 2924 ut
583 2876 654 2936 virg.
667 2877 733 2923 Aen.
748 2873 788 2933 44,
829 2874 910 2923 444444
922 2871 1152 2936 interpretandum
1163 2884 1237 2933 4444,
1256 2872 1306 2924 red
1319 2874 1362 2923 ei-

263 2951 326 3001 art:
344 2952 418 3000 Nunc
433 2951 511 2999 etiem
527 2947 642 2997 44444444
657 2948 713 2995 viret
727 2960 791 3007 por-
829 2945 945 3011 gnitlceri
957 2944 998 2995 vel
1010 2946 1127 2995 44444444
1140 2944 1255 3009 Apulum
1269 2946 1363 2997 direr-

264 3029 334 3074 44444
349 3028 495 3084 mouetur.
512 3048 540 3059 -
551 3025 643 3070 4444444
651 3019 790 3084 maculam]
829 3034 890 3072 sum
907 3020 941 3070 ab
953 3019 1049 3071 444444
1061 3020 1168 3078 Ρ44444,
1186 3018 1359 3071 ,4444444444

264 3099 305 3149 De
333 3098 386 3147 hoc
409 3108 517 3160 quoque
545 3093 613 3155 luco,
643 3094 688 3157 qui
713 3093 791 3144 nobis
831 3094 912 3158 (quod
921 3096 1011 3145 444444
1019 3106 1079 3143 voc.
1089 3092 1163 3143 lacile
1172 3096 1262 3143 versui
1274 3094 1363 3145 inseri

265 3182 380 3235 spurcos
396 3167 596 3228 tantummodo,
618 3180 671 3218 non
690 3166 792 3217 facetus
829 3168 956 3233 poterat),
974 3166 1016 3217 444
1033 3166 1162 3231 oppidum
1177 3179 1262 3231 prope
1274 3170 1364 3218 Aecu-

265 3244 385 3305 uidetur‚
410 3245 447 3293 ita
470 3241 643 3293 iudicandum
669 3243 736 3302 erit,
763 3243 793 3290 ut
829 3242 900 3302 lum,
930 3254 1002 3292 nunc
1028 3240 1137 3304 uiridem
1164 3241 1297 3304 ignotum,
1328 3244 1365 3293 ut

266 3319 388 3369 dicemur
404 3318 477 3383 apud
493 3320 627 3368 ilomanoe
638 3316 720 3367 talem
732 3311 794 3378 ἑξο-
830 3317 963 3367 Trivicum
980 3316 1007 3365 in
1024 3315 1167 3365 itinerariis
1185 3328 1238 3365 uon
1255 3328 1365 3366 memo-

266 3388 427 3464 ueepoyper
454 3404 503 3457 pro
530 3389 644 3441 ridiculo
671 3388 793 3439 hobitum
831 3392 917 3452 ratur,
936 3390 963 3439 id
975 3389 1047 3452 quod
1059 3387 1224 3453 probabilius
1236 3390 1284 3438 cst.
1306 3390 1364 3439 Pro

268 3480 342 3527 eeec.
370 3468 404 3518 de
421 3479 475 3530 quo
492 3464 581 3531 palem
605 3462 792 3527 loquebantur.
830 3464 919 3515 444444
941 3465 1041 3529 pugnat
1061 3462 1142 3513 etiam
1165 3460 1361 3523 Walclreneer,

267 3542 380 3592 0444444
401 3541 491 3591 onmia
511 3541 580 3589 haec
603 3537 671 3588 levia
693 3536 794 3586 itineris
832 3536 926 3589 laisum
951 3538 1041 3587 tamen
1065 3536 1221 3586 reticentiae
1247 3548 1363 3587 4444444

268 3613 455 3673 incommode,
496 3624 632 3677 caupones
668 3610 793 3673 maligni,
833 3612 961 3671 44444444,
988 3610 1065 3673 quasi
1091 3612 1164 3661 eeset
1188 3621 1286 3659 nomen
1307 3608 1365 3659 ob-

269 3699 340 3749 4444
366 3686 528 3747 deterrima,
560 3698 637 3735 mora
664 3682 794 3745 remulci,
833 3696 963 3736 secenum
980 3684 1113 3744 44444444,
1139 3682 1174 3733 ob
1191 3696 1251 3735 voc.
1270 3682 1363 3743 44444,

269 3758 412 3825 lippitudo,
430 3760 501 3809 turdi
518 3759 602 3808 macri
617 3759 662 3807 vix
672 3758 795 3808 incendio
833 3758 986 3823 44444444444
998 3758 1070 3807 haud
1082 3770 1195 3808 memor.
1214 3760 1283 3807 Sane
1295 3769 1367 3807 con-

270 3832 371 3897 ereptl‚
396 3832 485 3882 mmor
501 3832 613 3891 camini,
637 3843 723 3881 venus
740 3832 796 3881 tru-
834 3833 964 3883 titendum
989 3834 1045 3894 444,
1071 3832 1094 3882 44
1119 3832 1224 3895 Equum
1247 3831 1366 3883 tutioum

271 3908 363 3967 444444,
379 3906 473 3956 leetive
483 3906 654 3969 opponuntur
664 3905 796 3957 amicitiae
834 3908 957 3957 Horatius
969 3906 1137 3971 peruenerit,
1157 3918 1220 3956 eum
1230 3918 1281 3970 per
1291 3904 1367 3955 haec

271 3981 383 4041 4444444,
401 3980 467 4030 rieul
483 3979 612 4042 iocisque.
834 3982 921 4031 xxiv.
939 3981 974 4031 ll.
993 3983 1020 4031 P.
1041 3981 1092 4031 iter
1108 3983 1292 4031 transuersum
1309 3980 1366 4030 lia-

304 4054 394 4104 ati-au.
412 4053 537 4115 rapimur]
556 4052 711 4103 «celerrime
722 4053 797 4103 vehi·
834 4055 926 4105 buieae
939 4055 977 4118 (ut
987 4054 1080 4105 videre
1092 4053 1155 4105 licet
1165 4056 1192 4105 in
1204 4052 1365 4105 Romenellii

274 4142 361 4179 mon·
380 4128 561 4193 -4444444441
580 4130 636 4179 lloc
650 4126 795 4193 particulae
835 4126 924 4179 tabula
941 4128 1136 4193 geographica).
1156 4127 1309 4192 etquidem
1328 4141 1366 4179 ex

272 4209 297 4255 et
320 4206 381 4268 poet
405 4201 469 4254 illud
484 4201 646 4254 vocabulum
667 4204 794 4253 traiectae
835 4202 927 4267 Apulia
949 4204 981 4265 (v.
1001 4202 1052 4265 77.)
1074 4215 1167 4255 444444
1191 4204 1218 4253 44
1243 4203 1367 4266 Campa-
