2925 4892
520 396 578 446 lle.
598 396 617 445 Ι.
648 395 746 446 aelst.
764 396 807 445 tlt.

475 897 742 960 mmm
769 899 850 961 m-

160 1029 220 1096 luli
244 1028 354 1108 Flore,
378 1027 498 1117 quibus
521 1039 680 1096 terrarum
702 1028 815 1097 militet
836 1031 902 1098 oris

160 1151 316 1219 Claudius
339 1152 471 1238 Augusti
495 1151 675 1239 privignae,
699 1151 784 1218 scire
807 1150 929 1218 laboro.

158 1272 326 1340 Thracane
347 1293 406 1339 vos
428 1271 623 1360 Hebrusque
645 1273 741 1340 nivali
763 1273 923 1361 compede
945 1273 1079 1349 vinctus,

148 1509 192 1558 lll.
224 1505 321 1558 lullum
344 1504 463 1566 Flomm,
488 1505 645 1558 familiarem
682 1507 837 1559 weicherto
847 1508 1067 1571 videturllorus‚
1086 1513 1211 1574 quemut

117 1595 210 1642 suum,
225 1583 290 1633 tnnc
301 1581 431 1645 temporis
447 1582 517 1632 iuter
533 1582 645 1632 comites
682 1583 717 1632 ll.
730 1583 816 1633 Porcii
836 1583 957 1634 Latronis
978 1583 1128 1636 auditorem
1149 1597 1210 1634 me·

117 1655 214 1706 Tiberii
242 1656 355 1706 Neronis
382 1668 407 1704 a.
429 1669 457 1706 u.
483 1669 506 1706 e.
531 1655 645 1708 telin
683 1659 772 1706 morat
801 1658 904 1706 Seneca
935 1657 1061 1707 controv.
1088 1657 1117 1719 l,
1149 1659 1208 1719 att,

117 1731 254 1782 Orientem
271 1729 305 1779 ab
326 1730 445 1793 Augusto
466 1731 554 1790 missi,
581 1742 645 1794 per·
683 1741 821 1793 quemque
844 1731 871 1780 in
894 1729 1046 1794 eloquentia
1067 1731 1210 1784 Galliarum

117 1807 253 1864 coutetur,
267 1801 332 1866 quid
343 1802 479 1862 Tiberius,
493 1804 558 1868 quid
569 1817 645 1854 com-
682 1806 834 1869 principem
846 1807 925 1856 vocat
937 1804 1041 1864 Quintil.
1055 1807 1101 1868 to,
1113 1807 1142 1868 3,
1156 1807 1209 1867 te..

117 1890 216 1928 munes
233 1877 325 1938 amici,
351 1875 416 1940 quid
439 1878 496 1944 ipsa
514 1881 576 1942 agal
591 1879 643 1944 (vv.
684 1877 912 1930 exstimulatorem
935 1881 1097 1930 acerrimum
1118 1878 1211 1930 rebel·

116 1953 216 2016 bib),
241 1952 277 2002 ad
293 1951 439 2015 sapientiae
456 1953 574 2004 studium
598 1967 646 2004 ex·
682 1951 759 2004 lionis
778 1954 847 2004 inter
863 1956 994 2004 Treveros
1013 1954 1045 2016 (a.
1058 1966 1086 2005 u.
1100 1969 1125 2007 c.
1139 1954 1209 2016 tri.)

116 2029 178 2078 diat
201 2027 254 2090 (vv.
275 2026 405 2089 25·30‚)‚
431 2030 599 2092 postremum
616 2031 646 2078 ut
683 2029 745 2078 Tac.
762 2028 831 2078 Anu.
849 2027 879 2089 3,
902 2027 943 2080 lo.
974 2028 1022 2090 (De
1044 2029 1097 2079 boc
1117 2031 1210 2080 nmen

117 2117 180 2155 cnm
197 2103 332 2164 Munatio,
350 2105 487 2154 communi
499 2104 600 2166 amieo,
618 2105 645 2155 in
683 2101 806 2153 dubitare
817 2101 893 2153 licet:
912 2103 1057 2154 luncenim
1068 2103 1210 2154 minimum

116 2179 230 2242 gratiam
258 2175 369 2238 redeat,
399 2178 484 2228 amice
513 2177 643 2228 hortatur.
683 2177 756 2228 LXV.
770 2190 855 2229 annos
871 2179 949 2228 natus
965 2175 1072 2239 inisset,
1091 2191 1145 2242 qua
1161 2191 1210 2228 ae·

117 2255 166 2316 [w.
179 2250 283 2313 30-35.)
309 2253 382 2302 zena.
408 2250 503 2303 «lulius
521 2251 645 2304 Floruse
683 2253 737 2302 tate
759 2254 815 2302 tam
832 2253 943 2303 andacia
960 2251 1068 2304 consilia
1086 2254 1210 2306 homines

115 2326 256 2392 provincia
268 2324 375 2376 videtur
391 2323 487 2386 luisse3
507 2339 570 2376 nam
581 2327 647 2377 Cae-
683 2325 757 2376 baud
776 2325 853 2377 tacite
871 2339 968 2390 capere
986 2330 1015 2377 et
1031 2329 1143 2390 exsequi
1163 2340 1210 2379 eo·

115 2402 182 2452 seris
194 2401 335 2450 dictatoris
351 2399 484 2450 beneflcio
495 2399 571 2452 multi
582 2413 647 2466 pro-
683 2398 757 2463 lent.)
787 2403 885 2452 Contra
897 2402 1040 2452 somniavit
1055 2401 1151 2452 l'itzius
1163 2403 1209 2466 qui

115 2473 270 2524 vincialium
288 2475 328 2525 ins
341 2474 453 2524 civitatis
464 2473 568 2540 adepti,
587 2487 647 2538 pro·
684 2473 790 2526 Florum
806 2476 963 2527 historicum
979 2475 1073 2526 babuit
1088 2489 1138 2541 pro
1156 2476 1210 2526 hoc

115 2551 210 2614 pterea
228 2549 256 2598 in
274 2561 373 2598 nomen
390 2549 475 2611 gentis
496 2547 577 2599 lullae
598 2561 647 2599 ve·
683 2547 749 2600 lulio
770 2547 855 2600 Floro.
885 2550 923 2601 Ex
944 2552 977 2600 iia
997 2551 1090 2613 utique
1110 2551 1210 2601 Horatii

16 2631 17 2670 ι
116 2636 210 2674 aare.»
241 2623 319 2672 Τοιιι.
339 2622 647 2674 uluitsatirarumscri-
684 2622 928 2685 tamfliarmusluit,
947 2623 1210 2688 quosobingenium

116 2701 190 2763 plor,
211 2697 289 2747 cuius
306 2698 369 2748 sunt
385 2695 486 2748 electae
502 2710 535 2747 ex
552 2697 645 2756 Ennio,
684 2699 766 2761 atque
791 2697 878 2748 studia
906 2700 1010 2763 poetica
1037 2699 1108 2749 band
1135 2701 1211 2764 parvi

116 2771 234 2834 Lucilio,
263 2772 409 2822 Varrone.»
445 2773 539 2822 Poura.
577 2773 646 2822 Sane
684 2773 847 2823 aestimaret.
878 2771 931 2822 Cir.
950 2773 1017 2838 Epp.
1034 2773 1063 2832 2,
1081 2774 1107 2824 2.
1125 2785 1210 2837 prope

116 2847 181 2909 boe,
201 2845 279 2910 quod
297 2844 376 2896 tradit
395 2845 556 2910 Porphyrio,
574 2846 648 2896 veri·
685 2847 816 2898 decennio
843 2849 905 2912 post
931 2848 1002 2900 benc
1029 2846 1064 2898 ed
1092 2848 1211 2900 eundem

116 2925 177 2974 tatis
194 2921 319 2987 speciem
330 2919 373 2972 vel
391 2920 451 2970 ideo
462 2918 555 2982 habet,
574 2919 646 2984 quod
685 2922 805 2974 misem.

115 2999 160 3048 rin
184 3009 309 3060 unquam
334 3007 350 3044 a
376 3008 512 3059 quoquam
532 2994 647 3058 contingi
717 2997 769 3047 a-e.
788 2996 915 3060 θῑαιιᾱιιιι]
927 2998 1209 3061 Augustuel'iberinm

116 3071 234 3136 poterat.
274 3067 350 3120 lleud
375 3069 588 3134 improbabiliter
613 3070 647 3120 de
685 3084 710 3121 a.
727 3085 755 3120 n.
773 3085 796 3122 c.
814 3071 871 3123 734.
889 3073 917 3122 in
933 3073 1069 3124 Orientem
1089 3074 1208 3136 miserat,

117 3145 193 3196 Flore
213 3143 359 3208 disputavit
380 3145 550 3196 weichertus
572 3146 646 3195 Poet.
685 3147 715 3194 ut
737 3146 878 3209 Tigranem
895 3147 922 3197 in
938 3148 1080 3198 Armeniae
1096 3161 1210 3212 regnum

117 3223 171 3272 lat.
184 3233 214 3285 p.
229 3219 279 3270 366
290 3231 359 3282 seq,
376 3218 448 3269 unde
460 3231 537 3284 seqq.
551 3231 648 3270 excer-
686 3220 711 3269 ei
722 3218 815 3272 datum
827 3221 982 3273 deduceret.
1001 3220 1092 3272 Vellei.
1105 3225 1208 3274 Patere.

118 3297 238 3360 psimas:
259 3293 313 3343 «lta
330 3291 492 3345 scholiastae
508 3293 594 3344 verba
610 3295 649 3346 in·
685 3293 715 3355 2,
735 3293 775 3346 et.
791 3321 819 3332 -
831 3296 936 3358 domati
948 3296 1091 3358 ρήυίσιιιιι]
1109 3297 1152 3347 Sic
1164 3297 1210 3347 bo

119 3366 263 3433 telligenda
277 3379 337 3419 esse
354 3370 432 3432 puto,
451 3369 481 3418 ut
496 3366 603 3420 Florum
615 3381 648 3418 en
686 3368 759 3420 noris
776 3381 857 3420 causa
874 3381 937 3418 eum
956 3367 1083 3432 appellat,
1110 3370 1209 3434 quippe

119 3445 212 3504 Ennio,
225 3441 497 3508 Lucilioetllarroue,
507 3455 649 3508 quoscon-
686 3443 732 3505 qui
749 3444 807 3494 sine
824 3441 906 3493 dubio
923 3442 993 3492 hanc
1009 3441 1153 3506 Epistolam
1169 3441 1210 3492 le-

119 3521 169 3569 stat
177 3517 322 3581 scripsisse
332 3517 442 3578 Satires,
453 3519 648 3581 praestantiora
671 3519 778 3567 ctnrus
795 3518 877 3568 esset.
907 3512 1048 3566 Florebant
1064 3516 1210 3567 etiamtunc

119 3593 240 3643 carmina
253 3589 367 3654 elegisse
380 3605 466 3656 eaque
478 3591 591 3644 tortnme
603 3605 650 3643 an·
687 3593 717 3643 C.
730 3593 758 3641 et
774 3593 802 3641 L.
816 3593 960 3651 Caesares,
978 3591 1109 3655 Agrippae
1121 3604 1155 3641 ex
1165 3593 1211 3642 lu·

120 3667 250 3730 tiquitatis
276 3666 364 3729 rigore
389 3665 569 3731 sordibusque
587 3666 649 3718 abs·
686 3665 721 3716 lia
741 3663 799 3727 lilii,
823 3665 933 3728 Augusti
953 3667 1077 3730 nepotes,
1101 3665 1212 3717 abhoc

121 3742 197 3792 tersis
222 3742 250 3790 et
279 3741 463 3792 emendatiora
488 3744 516 3792 et
541 3740 649 3805 elegan—
687 3739 818 3804 adoptati;
845 3738 981 3789 Tiberium
1005 3739 1143 3804 adoptavit
1161 3740 1211 3792 de-

120 3817 186 3866 tiora
213 3815 331 3867 edidisse
357 3817 506 3866 statuamus
529 3815 586 3880 (vel
607 3815 649 3867 di·
687 3827 763 3866 mum
780 3829 804 3864 a.
817 3815 875 3864 757.
905 3813 944 3864 Ct.
963 3815 1025 3865 Tac.
1038 3818 1105 3866 Ann.
1120 3817 1150 3878 6,
1168 3818 1209 3867 et.

122 3903 181 3940 cam
204 3891 295 3954 potius
320 3890 347 3940 in
368 3903 401 3940 eo
425 3889 592 3953 elaborasse,
619 3893 650 3942 ut
689 3887 1041 3953 -soirelcboroJaliquanto
1055 3889 1115 3955 plus
1130 3903 1211 3954 quem

122 3963 227 4016 illorum
249 3965 349 4016 Satires
365 3967 484 4016 sermoni
507 3967 649 4031 captuique
687 3965 812 4028 «capion
826 3976 1004 4028 «magnopere
1014 3964 1137 4016 studeo·
1155 3967 1209 4016 Sat.

121 4037 276 4104 aequalium
296 4051 408 4091 suorum
429 4041 514 4104 magis
538 4039 651 4106 adapte—
686 4041 718 4101 2,
737 4039 766 4100 8,
786 4039 831 4088 te:
852 4051 924 4090 ooese
940 4038 1036 4090 laboro.
1057 4067 1084 4075 —
1104 4040 1210 4104 liesca]

123 4115 180 4177 reti.
221 4114 391 4178 liincigitur
414 4114 527 4166 tortasse
550 4115 649 4166 fectum
687 4113 772 4164 torma
786 4113 904 4177 poetica,
923 4112 1033 4184 Θρᾴκη,
1047 4114 1127 4164 etiam
1139 4113 1211 4176 apud

124 4191 211 4239 estut
233 4187 324 4239 Florus
346 4189 402 4254 ipse
420 4191 566 4241 Satirarum
583 4191 651 4241 scri-
688 4189 758 4250 Virg.
780 4191 845 4238 Aen.
867 4189 911 4248 tn,
930 4187 987 4238 335.
1016 4189 1095 4239 Teste
1120 4187 1211 4238 autem

124 4265 183 4326 plor
211 4261 416 4328 appellaretur.»
457 4264 532 4317 idem
560 4266 649 4316 autem
688 4263 814 4315 Suetonio
824 4261 931 4314 Tibtl.
951 4262 1072 4314 Tiberius
1083 4263 1152 4313 hanc
1164 4275 1217 4312 tra-¹
