<?xml version="1.0" encoding="UTF-8"?>
<!DOCTYPE html PUBLIC "-//W3C//DTD XHTML 1.0 Transitional//EN"
    "http://www.w3.org/TR/xhtml1/DTD/xhtml1-transitional.dtd">
<html xmlns="http://www.w3.org/1999/xhtml" xml:lang="en" lang="en">
 <head>
  <title>
</title>
<meta http-equiv="Content-Type" content="text/html;charset=utf-8" />
  <meta name='ocr-system' content='tesseract 3.04.00' />
  <meta name='ocr-capabilities' content='ocr_page ocr_carea ocr_par ocr_line ocrx_word'/>
</head>
<body>
  <div class='ocr_page' id='page_1' title='image "./qhoratiusflaccu03baitgoog/qhoratiusflaccu03baitgoog_0590.png"; bbox 0 0 2925 4892; ppageno 0'>
   <div class='ocr_carea' id='block_1_1' title="bbox 252 334 983 408">
    <p class='ocr_par' dir='ltr' id='par_1_1' title="bbox 252 334 983 408">
     <span class='ocr_line' id='line_1_1' title="bbox 252 334 983 408; baseline -0.011 -16"><span class='ocrx_word' id='word_1_1' title='bbox 252 341 315 408; x_wconf 68' lang='lat'>5⁹8</span> <span class='ocrx_word' id='word_1_2' title='bbox 613 337 744 388; x_wconf 72' lang='lat' dir='ltr'>nouam</span> <span class='ocrx_word' id='word_1_3' title='bbox 762 334 983 388; x_wconf 74' lang='lat' dir='ltr'>Eristotstttttt</span> 
     </span>
    </p>
   </div>
   <div class='ocr_carea' id='block_1_2' title="bbox 296 487 1340 1427">
    <p class='ocr_par' dir='ltr' id='par_1_2' title="bbox 296 487 1085 577">
     <span class='ocr_line' id='line_1_2' title="bbox 296 487 1085 577; baseline -0.016 -13"><span class='ocrx_word' id='word_1_4' title='bbox 296 497 330 564; x_wconf 91' lang='lat' dir='ltr'>Si</span> <span class='ocrx_word' id='word_1_5' title='bbox 352 494 485 564; x_wconf 78' lang='lat' dir='ltr'>meliora</span> <span class='ocrx_word' id='word_1_6' title='bbox 508 493 594 566; x_wconf 84' lang='lat' dir='ltr'>dies.</span> <span class='ocrx_word' id='word_1_7' title='bbox 618 503 654 558; x_wconf 90' lang='lat' dir='ltr'>ut</span> <span class='ocrx_word' id='word_1_8' title='bbox 679 491 766 568; x_wconf 88' lang='lat' dir='ltr'>vina,</span> <span class='ocrx_word' id='word_1_9' title='bbox 790 497 941 577; x_wconf 81' lang='lat' dir='ltr'>poemata</span> <span class='ocrx_word' id='word_1_10' title='bbox 962 487 1085 560; x_wconf 81' lang='lat' dir='ltr'>reddit,</span> 
     </span>
    </p>

    <p class='ocr_par' dir='ltr' id='par_1_3' title="bbox 297 608 1335 942">
     <span class='ocr_line' id='line_1_3' title="bbox 298 608 1335 699; baseline -0.014 -14"><span class='ocrx_word' id='word_1_11' title='bbox 298 618 387 685; x_wconf 89' lang='lat' dir='ltr'>Scire</span> <span class='ocrx_word' id='word_1_12' title='bbox 410 615 521 690; x_wconf 77' lang='lat' dir='ltr'>velim,</span> <span class='ocrx_word' id='word_1_13' title='bbox 549 613 668 682; x_wconf 88' lang='lat' dir='ltr'>chartis</span> <span class='ocrx_word' id='word_1_14' title='bbox 690 611 831 699; x_wconf 86' lang='lat' dir='ltr'>pretium</span> <span class='ocrx_word' id='word_1_15' title='bbox 850 619 970 696; x_wconf 83' lang='lat' dir='ltr'>quotus</span> <span class='ocrx_word' id='word_1_16' title='bbox 992 616 1123 695; x_wconf 79' lang='lat' dir='ltr'>arroget</span> <span class='ocrx_word' id='word_1_17' title='bbox 1145 628 1258 674; x_wconf 87' lang='lat' dir='ltr'>annus.</span> <span class='ocrx_word' id='word_1_18' title='bbox 1300 608 1335 672; x_wconf 74' lang='lat' dir='ltr'>ti</span> 
     </span>
     <span class='ocr_line' id='line_1_4' title="bbox 297 728 1213 825; baseline -0.012 -20"><span class='ocrx_word' id='word_1_19' title='bbox 297 739 452 825; x_wconf 86' lang='lat' dir='ltr'>Scriptor‚</span> <span class='ocrx_word' id='word_1_20' title='bbox 477 735 592 802; x_wconf 83' lang='lat' dir='ltr'>abhinc</span> <span class='ocrx_word' id='word_1_21' title='bbox 615 753 716 800; x_wconf 86' lang='lat' dir='ltr'>annos</span> <span class='ocrx_word' id='word_1_22' title='bbox 738 741 868 798; x_wconf 88' lang='lat' dir='ltr'>centum</span> <span class='ocrx_word' id='word_1_23' title='bbox 888 730 944 817; x_wconf 85' lang='lat' dir='ltr'>qui</span> <span class='ocrx_word' id='word_1_24' title='bbox 967 728 1104 802; x_wconf 79' lang='lat' dir='ltr'>decidit.</span> <span class='ocrx_word' id='word_1_25' title='bbox 1129 729 1213 796; x_wconf 88' lang='lat' dir='ltr'>inter</span> 
     </span>
     <span class='ocr_line' id='line_1_5' title="bbox 297 849 1116 942; baseline -0.017 -14"><span class='ocrx_word' id='word_1_26' title='bbox 297 859 460 928; x_wconf 85' lang='lat' dir='ltr'>Perfectus</span> <span class='ocrx_word' id='word_1_27' title='bbox 482 867 676 942; x_wconf 88' lang='lat' dir='ltr'>veteresque</span> <span class='ocrx_word' id='word_1_28' title='bbox 698 853 811 919; x_wconf 88' lang='lat' dir='ltr'>relerri</span> <span class='ocrx_word' id='word_1_29' title='bbox 833 850 947 928; x_wconf 87' lang='lat' dir='ltr'>debet,</span> <span class='ocrx_word' id='word_1_30' title='bbox 970 870 1012 916; x_wconf 92' lang='lat' dir='ltr'>an</span> <span class='ocrx_word' id='word_1_31' title='bbox 1034 849 1116 918; x_wconf 89' lang='lat' dir='ltr'>inter</span> 
     </span>
    </p>

    <p class='ocr_par' dir='ltr' id='par_1_4' title="bbox 297 971 1058 1066">
     <span class='ocr_line' id='line_1_6' title="bbox 297 971 1058 1066; baseline -0.017 -18"><span class='ocrx_word' id='word_1_32' title='bbox 297 979 384 1048; x_wconf 88' lang='lat' dir='ltr'>Viles</span> <span class='ocrx_word' id='word_1_33' title='bbox 406 989 503 1066; x_wconf 91' lang='lat' dir='ltr'>atque</span> <span class='ocrx_word' id='word_1_34' title='bbox 525 974 651 1042; x_wconf 83' lang='lat' dir='ltr'>novos?</span> <span class='ocrx_word' id='word_1_35' title='bbox 673 971 830 1040; x_wconf 82' lang='lat' dir='ltr'>Enoludat</span> <span class='ocrx_word' id='word_1_36' title='bbox 850 971 955 1059; x_wconf 82' lang='lat' dir='ltr'>iurgia</span> <span class='ocrx_word' id='word_1_37' title='bbox 975 971 1058 1037; x_wconf 86' lang='lat' dir='ltr'>finis.</span> 
     </span>
    </p>

    <p class='ocr_par' dir='ltr' id='par_1_5' title="bbox 298 1091 1340 1427">
     <span class='ocr_line' id='line_1_7' title="bbox 298 1091 1262 1185; baseline -0.015 -15"><span class='ocrx_word' id='word_1_38' title='bbox 298 1103 354 1170; x_wconf 84' lang='lat' dir='ltr'>Est</span> <span class='ocrx_word' id='word_1_39' title='bbox 374 1111 467 1167; x_wconf 91' lang='lat' dir='ltr'>vetus</span> <span class='ocrx_word' id='word_1_40' title='bbox 490 1107 587 1185; x_wconf 90' lang='lat' dir='ltr'>atque</span> <span class='ocrx_word' id='word_1_41' title='bbox 609 1095 747 1183; x_wconf 86' lang='lat' dir='ltr'>probus,</span> <span class='ocrx_word' id='word_1_42' title='bbox 771 1102 901 1162; x_wconf 86' lang='lat' dir='ltr'>centum</span> <span class='ocrx_word' id='word_1_43' title='bbox 922 1093 978 1181; x_wconf 91' lang='lat' dir='ltr'>qui</span> <span class='ocrx_word' id='word_1_44' title='bbox 1001 1091 1127 1180; x_wconf 85' lang='lat' dir='ltr'>perficit</span> <span class='ocrx_word' id='word_1_45' title='bbox 1148 1112 1262 1158; x_wconf 89' lang='lat' dir='ltr'>annos.</span> 
     </span>
     <span class='ocr_line' id='line_1_8' title="bbox 300 1212 1340 1307; baseline -0.009 -21"><span class='ocrx_word' id='word_1_46' title='bbox 300 1219 398 1302; x_wconf 84' lang='lat' dir='ltr'><strong>Quid,</strong></span> <span class='ocrx_word' id='word_1_47' title='bbox 423 1219 479 1307; x_wconf 87' lang='lat' dir='ltr'>qui</span> <span class='ocrx_word' id='word_1_48' title='bbox 502 1216 641 1305; x_wconf 78' lang='lat' dir='ltr'>deperiit</span> <span class='ocrx_word' id='word_1_49' title='bbox 662 1216 767 1281; x_wconf 85' lang='lat' dir='ltr'>minor</span> <span class='ocrx_word' id='word_1_50' title='bbox 787 1236 853 1281; x_wconf 93' lang='lat' dir='ltr'>uno</span> <span class='ocrx_word' id='word_1_51' title='bbox 876 1235 989 1280; x_wconf 89' lang='lat' dir='ltr'>menso</span> <span class='ocrx_word' id='word_1_52' title='bbox 1010 1212 1063 1280; x_wconf 92' lang='lat' dir='ltr'>vel</span> <span class='ocrx_word' id='word_1_53' title='bbox 1084 1233 1187 1292; x_wconf 90' lang='lat' dir='ltr'>anno,</span> <span class='ocrx_word' id='word_1_54' title='bbox 1303 1213 1340 1277; x_wconf 86' lang='lat' dir='ltr'>tt</span> 
     </span>
     <span class='ocr_line' id='line_1_9' title="bbox 300 1336 1149 1427; baseline -0.006 -21"><span class='ocrx_word' id='word_1_55' title='bbox 300 1344 385 1408; x_wconf 91' lang='lat' dir='ltr'>lnter</span> <span class='ocrx_word' id='word_1_56' title='bbox 407 1360 490 1427; x_wconf 89' lang='lat' dir='ltr'>quos</span> <span class='ocrx_word' id='word_1_57' title='bbox 512 1336 701 1406; x_wconf 80' lang='lat' dir='ltr'>referendus</span> <span class='ocrx_word' id='word_1_58' title='bbox 723 1336 805 1404; x_wconf 84' lang='lat' dir='ltr'>erit‘l</span> <span class='ocrx_word' id='word_1_59' title='bbox 826 1346 997 1402; x_wconf 83' lang='lat' dir='ltr'>veteresne</span> <span class='ocrx_word' id='word_1_60' title='bbox 1019 1343 1149 1422; x_wconf 74' lang='lat' dir='ltr'>poetas,</span> 
     </span>
    </p>
   </div>
   <div class='ocr_carea' id='block_1_3' title="bbox 288 1549 1317 1990">
    <p class='ocr_par' dir='ltr' id='par_1_6' title="bbox 288 1549 1317 1990">
     <span class='ocr_line' id='line_1_10' title="bbox 324 1549 1312 1620; baseline -0.01 -12"><span class='ocrx_word' id='word_1_61' title='bbox 324 1558 364 1608; x_wconf 82' lang='grc'>35.</span> <span class='ocrx_word' id='word_1_62' title='bbox 379 1557 490 1620; x_wconf 74' lang='lat' dir='ltr'>presan</span> <span class='ocrx_word' id='word_1_63' title='bbox 506 1555 600 1605; x_wconf 76' lang='lat' dir='ltr'>chartis</span> <span class='ocrx_word' id='word_1_64' title='bbox 616 1555 655 1604; x_wconf 90' lang='lat' dir='ltr'>Lt.</span> <span class='ocrx_word' id='word_1_65' title='bbox 676 1580 703 1589; x_wconf 92' lang='lat'><em>-</em></span> <span class='ocrx_word' id='word_1_66' title='bbox 722 1551 763 1602; x_wconf 80' lang='grc'>34.</span> <span class='ocrx_word' id='word_1_67' title='bbox 782 1553 856 1601; x_wconf 77' lang='lat' dir='ltr'>aenis</span> <span class='ocrx_word' id='word_1_68' title='bbox 872 1565 912 1615; x_wconf 87' lang='lat' dir='ltr'>pr.</span> <span class='ocrx_word' id='word_1_69' title='bbox 930 1551 949 1600; x_wconf 94' lang='lat' dir='ltr'>d</span> <span class='ocrx_word' id='word_1_70' title='bbox 966 1553 994 1601; x_wconf 91' lang='lat' dir='ltr'>et</span> <span class='ocrx_word' id='word_1_71' title='bbox 1009 1552 1112 1614; x_wconf 80' lang='lat' dir='ltr'>primus</span> <span class='ocrx_word' id='word_1_72' title='bbox 1128 1549 1268 1602; x_wconf 82' lang='lat' dir='ltr'>Schmidii.</span> <span class='ocrx_word' id='word_1_73' title='bbox 1286 1577 1312 1586; x_wconf 91' lang='lat'>-</span> 
     </span>
     <span class='ocr_line' id='line_1_11' title="bbox 291 1625 1313 1692; baseline -0.008 -10"><span class='ocrx_word' id='word_1_74' title='bbox 291 1632 330 1682; x_wconf 81' lang='lat' dir='ltr'>at.</span> <span class='ocrx_word' id='word_1_75' title='bbox 356 1636 479 1681; x_wconf 73' lang='lat' dir='ltr'>veteresne</span> <span class='ocrx_word' id='word_1_76' title='bbox 495 1630 529 1690; x_wconf 90' lang='lat' dir='ltr'>d,</span> <span class='ocrx_word' id='word_1_77' title='bbox 553 1641 593 1692; x_wconf 87' lang='lat' dir='ltr'>pr.</span> <span class='ocrx_word' id='word_1_78' title='bbox 613 1641 628 1678; x_wconf 88' lang='lat' dir='ltr'>c</span> <span class='ocrx_word' id='word_1_79' title='bbox 646 1629 673 1677; x_wconf 90' lang='lat' dir='ltr'>at</span> <span class='ocrx_word' id='word_1_80' title='bbox 689 1628 745 1676; x_wconf 87' lang='lat' dir='ltr'>tres</span> <span class='ocrx_word' id='word_1_81' title='bbox 762 1625 898 1676; x_wconf 87' lang='lat' dir='ltr'>Schmidii.</span> <span class='ocrx_word' id='word_1_82' title='bbox 924 1653 951 1662; x_wconf 95' lang='lat'><em>-</em></span> <span class='ocrx_word' id='word_1_83' title='bbox 979 1625 1019 1676; x_wconf 81' lang='grc'>38.</span> <span class='ocrx_word' id='word_1_84' title='bbox 1038 1625 1152 1675; x_wconf 60' lang='lat' dir='ltr'>madet</span> <span class='ocrx_word' id='word_1_85' title='bbox 1168 1626 1198 1674; x_wconf 83' lang='grc' dir='ltr'>Ε.</span> <span class='ocrx_word' id='word_1_86' title='bbox 1219 1649 1247 1660; x_wconf 97' lang='grc'><strong>-</strong></span> <span class='ocrx_word' id='word_1_87' title='bbox 1273 1625 1313 1675; x_wconf 76' lang='lat' dir='ltr'>tt.</span> 
     </span>
     <span class='ocr_line' id='line_1_12' title="bbox 288 1698 1317 1770; baseline -0.009 -14"><span class='ocrx_word' id='word_1_88' title='bbox 288 1703 384 1770; x_wconf 73' lang='lat' dir='ltr'>poetas]</span> <span class='ocrx_word' id='word_1_89' title='bbox 400 1704 540 1768; x_wconf 75' lang='lat' dir='ltr'><strong><em>probosque</em></strong></span> <span class='ocrx_word' id='word_1_90' title='bbox 556 1700 665 1752; x_wconf 77' lang='lat' dir='ltr'>Bentleii</span> <span class='ocrx_word' id='word_1_91' title='bbox 682 1701 811 1764; x_wconf 84' lang='lat' dir='ltr'>suspicio,</span> <span class='ocrx_word' id='word_1_92' title='bbox 829 1700 951 1761; x_wconf 74' lang='lat' dir='ltr'>proliatos</span> <span class='ocrx_word' id='word_1_93' title='bbox 967 1700 1098 1762; x_wconf 76' lang='lat' dir='ltr'>cucinga.</span> <span class='ocrx_word' id='word_1_94' title='bbox 1119 1727 1146 1737; x_wconf 94' lang='lat'><em>-</em></span> <span class='ocrx_word' id='word_1_95' title='bbox 1159 1698 1202 1749; x_wconf 76' lang='lat' dir='ltr'>ta.</span> <span class='ocrx_word' id='word_1_96' title='bbox 1216 1703 1317 1762; x_wconf 72' lang='lat' dir='ltr'>respuet</span> 
     </span>
     <span class='ocr_line' id='line_1_13' title="bbox 292 1773 1317 1844; baseline -0.01 -13"><span class='ocrx_word' id='word_1_97' title='bbox 292 1783 402 1844; x_wconf 84' lang='lat' dir='ltr'>quartus</span> <span class='ocrx_word' id='word_1_98' title='bbox 419 1778 560 1837; x_wconf 68' lang='lat' dir='ltr'>Schmidt,</span> <span class='ocrx_word' id='word_1_99' title='bbox 580 1779 642 1838; x_wconf 87' lang='lat' dir='ltr'>LCt,</span> <span class='ocrx_word' id='word_1_100' title='bbox 661 1777 757 1838; x_wconf 74' lang='lat' dir='ltr'>respuit</span> <span class='ocrx_word' id='word_1_101' title='bbox 767 1777 797 1834; x_wconf 85' lang='lat' dir='ltr'>E,</span> <span class='ocrx_word' id='word_1_102' title='bbox 810 1773 864 1824; x_wconf 89' lang='lat' dir='ltr'>duo</span> <span class='ocrx_word' id='word_1_103' title='bbox 881 1774 1017 1824; x_wconf 85' lang='lat' dir='ltr'>Schmidii.</span> <span class='ocrx_word' id='word_1_104' title='bbox 1037 1775 1075 1836; x_wconf 82' lang='lat' dir='ltr'>(ut</span> <span class='ocrx_word' id='word_1_105' title='bbox 1092 1785 1154 1832; x_wconf 84' lang='lat' dir='ltr'>nos,</span> <span class='ocrx_word' id='word_1_106' title='bbox 1173 1773 1317 1838; x_wconf 67' lang='lat' dir='ltr'>bSodp‚;a</span> 
     </span>
     <span class='ocr_line' id='line_1_14' title="bbox 293 1846 1317 1918; baseline -0.003 -19"><span class='ocrx_word' id='word_1_107' title='bbox 293 1853 440 1918; x_wconf 72' lang='lat' dir='ltr'>uallique»)</span> <span class='ocrx_word' id='word_1_108' title='bbox 461 1879 488 1889; x_wconf 93' lang='lat'>-</span> <span class='ocrx_word' id='word_1_109' title='bbox 507 1853 547 1902; x_wconf 85' lang='grc'>43.</span> <span class='ocrx_word' id='word_1_110' title='bbox 564 1855 677 1914; x_wconf 68' lang='lat' dir='ltr'>amatur</span> <span class='ocrx_word' id='word_1_111' title='bbox 694 1863 720 1914; x_wconf 90' lang='lat' dir='ltr'>p.</span> <span class='ocrx_word' id='word_1_112' title='bbox 736 1875 763 1886; x_wconf 92' lang='lat'>·—</span> <span class='ocrx_word' id='word_1_113' title='bbox 778 1849 818 1900; x_wconf 83' lang='lat' dir='ltr'>tt.</span> <span class='ocrx_word' id='word_1_114' title='bbox 828 1850 953 1911; x_wconf 74' lang='lat' dir='ltr'>promissa</span> <span class='ocrx_word' id='word_1_115' title='bbox 969 1847 1068 1898; x_wconf 87' lang='lat' dir='ltr'>multae</span> <span class='ocrx_word' id='word_1_116' title='bbox 1085 1846 1152 1897; x_wconf 85' lang='lat' dir='ltr'>Edd.</span> <span class='ocrx_word' id='word_1_117' title='bbox 1165 1849 1230 1897; x_wconf 83' lang='lat' dir='ltr'>vett.</span> <span class='ocrx_word' id='word_1_118' title='bbox 1244 1847 1317 1912; x_wconf 88' lang='lat' dir='ltr'>apud</span> 
     </span>
     <span class='ocr_line' id='line_1_15' title="bbox 291 1923 1316 1990; baseline -0.007 -11"><span class='ocrx_word' id='word_1_119' title='bbox 291 1931 380 1979; x_wconf 81' lang='lat' dir='ltr'>Faaru.</span> <span class='ocrx_word' id='word_1_120' title='bbox 399 1932 419 1980; x_wconf 78' lang='grc' dir='ltr'>Α</span> <span class='ocrx_word' id='word_1_121' title='bbox 437 1942 463 1978; x_wconf 86' lang='lat' dir='ltr'>v.</span> <span class='ocrx_word' id='word_1_122' title='bbox 479 1925 519 1978; x_wconf 83' lang='lat' dir='ltr'>tt.</span> <span class='ocrx_word' id='word_1_123' title='bbox 538 1926 630 1978; x_wconf 86' lang='lat' dir='ltr'>deficit</span> <span class='ocrx_word' id='word_1_124' title='bbox 645 1926 663 1976; x_wconf 93' lang='lat' dir='ltr'>d</span> <span class='ocrx_word' id='word_1_125' title='bbox 676 1939 763 1990; x_wconf 88' lang='lat' dir='ltr'>usque</span> <span class='ocrx_word' id='word_1_126' title='bbox 780 1924 815 1975; x_wconf 89' lang='lat' dir='ltr'>ad</span> <span class='ocrx_word' id='word_1_127' title='bbox 832 1925 899 1990; x_wconf 86' lang='lat' dir='ltr'><strong>Epp.</strong></span> <span class='ocrx_word' id='word_1_128' title='bbox 912 1926 937 1985; x_wconf 75' lang='lat'>2,</span> <span class='ocrx_word' id='word_1_129' title='bbox 952 1924 977 1986; x_wconf 93' lang='grc'>4,</span> <span class='ocrx_word' id='word_1_130' title='bbox 989 1925 1047 1975; x_wconf 71' lang='lat' dir='ltr'>til.</span> <span class='ocrx_word' id='word_1_131' title='bbox 1063 1951 1091 1959; x_wconf 98' lang='lat'>-</span> <span class='ocrx_word' id='word_1_132' title='bbox 1109 1923 1150 1974; x_wconf 84' lang='grc'>46.</span> <span class='ocrx_word' id='word_1_133' title='bbox 1168 1928 1193 1974; x_wconf 80' lang='lat' dir='ltr'>ot</span> <span class='ocrx_word' id='word_1_134' title='bbox 1209 1924 1270 1973; x_wconf 68' lang='lat' dir='ltr'>itan</span> <span class='ocrx_word' id='word_1_135' title='bbox 1286 1923 1316 1983; x_wconf 84' lang='grc' dir='ltr'>Ε,</span> 
     </span>
    </p>
   </div>
   <div class='ocr_carea' id='block_1_4' title="bbox 293 2098 1447 2173">
    <p class='ocr_par' dir='ltr' id='par_1_7' title="bbox 293 2098 1447 2173">
     <span class='ocr_line' id='line_1_16' title="bbox 293 2098 1447 2173; baseline -0.014 -9"><span class='ocrx_word' id='word_1_136' title='bbox 293 2112 785 2173; x_wconf 78' lang='lat' dir='ltr'>tt-tt.stmattoraaet.]1amastuta</span> <span class='ocrx_word' id='word_1_137' title='bbox 821 2111 906 2162; x_wconf 78' lang='lat' dir='ltr'>Puluis</span> <span class='ocrx_word' id='word_1_138' title='bbox 922 2115 946 2160; x_wconf 82' lang='lat' dir='ltr'>ot</span> <span class='ocrx_word' id='word_1_139' title='bbox 961 2109 1053 2160; x_wconf 69' lang='lat' dir='ltr'>watra</span> <span class='ocrx_word' id='word_1_140' title='bbox 1068 2121 1160 2158; x_wconf 75' lang='lat' dir='ltr'>amru.</span> <span class='ocrx_word' id='word_1_141' title='bbox 1177 2109 1349 2172; x_wconf 65' lang='lat' dir='ltr'>-Parsm1</span> <span class='ocrx_word' id='word_1_142' title='bbox 1446 2098 1447 2129; x_wconf 52' lang='grc' dir='ltr'><strong>ἓ</strong></span> 
     </span>
    </p>
   </div>
   <div class='ocr_carea' id='block_1_5' title="bbox 260 2184 1350 2248">
    <p class='ocr_par' dir='ltr' id='par_1_8' title="bbox 260 2184 1350 2248">
     <span class='ocr_line' id='line_1_17' title="bbox 260 2184 1350 2248; baseline -0.009 -10"><span class='ocrx_word' id='word_1_143' title='bbox 260 2200 325 2238; x_wconf 86' lang='lat' dir='ltr'>usus</span> <span class='ocrx_word' id='word_1_144' title='bbox 336 2188 417 2238; x_wconf 85' lang='lat' dir='ltr'>sorite</span> <span class='ocrx_word' id='word_1_145' title='bbox 430 2185 560 2244; x_wconf 80' lang='lat' dir='ltr'>ostendit.</span> <span class='ocrx_word' id='word_1_146' title='bbox 574 2199 654 2248; x_wconf 86' lang='lat' dir='ltr'>quarn</span> <span class='ocrx_word' id='word_1_147' title='bbox 666 2185 784 2234; x_wconf 88' lang='lat' dir='ltr'>absurda</span> <span class='ocrx_word' id='word_1_148' title='bbox 823 2185 902 2234; x_wconf 77' lang='lat' dir='ltr'>«idea</span> <span class='ocrx_word' id='word_1_149' title='bbox 940 2184 1074 2247; x_wconf 85' lang='lat' dir='ltr'>perlectos</span> <span class='ocrx_word' id='word_1_150' title='bbox 1110 2184 1172 2245; x_wconf 87' lang='lat' dir='ltr'>quia</span> <span class='ocrx_word' id='word_1_151' title='bbox 1215 2185 1350 2234; x_wconf 68' lang='lat' dir='ltr'>vatem..</span> 
     </span>
    </p>
   </div>
   <div class='ocr_carea' id='block_1_6' title="bbox 260 2256 1447 2328">
    <p class='ocr_par' dir='ltr' id='par_1_9' title="bbox 260 2256 1447 2328">
     <span class='ocr_line' id='line_1_18' title="bbox 260 2256 1447 2328; baseline -0.006 -16"><span class='ocrx_word' id='word_1_152' title='bbox 260 2262 314 2312; x_wconf 90' lang='lat' dir='ltr'>sint</span> <span class='ocrx_word' id='word_1_153' title='bbox 329 2259 396 2322; x_wconf 79' lang='lat' dir='ltr'>volgi</span> <span class='ocrx_word' id='word_1_154' title='bbox 414 2259 711 2310; x_wconf 75' lang='lat' dir='ltr'>litteratorumiudicia.</span> <span class='ocrx_word' id='word_1_155' title='bbox 742 2261 786 2308; x_wconf 92' lang='lat' dir='ltr'>lu·</span> <span class='ocrx_word' id='word_1_156' title='bbox 823 2259 908 2308; x_wconf 75' lang='lat' dir='ltr'>Con.</span> <span class='ocrx_word' id='word_1_157' title='bbox 921 2258 978 2316; x_wconf 84' lang='lat' dir='ltr'>Cn.;</span> <span class='ocrx_word' id='word_1_158' title='bbox 996 2258 1060 2307; x_wconf 86' lang='lat' dir='ltr'>item</span> <span class='ocrx_word' id='word_1_159' title='bbox 1072 2257 1134 2306; x_wconf 78' lang='grc' dir='ltr'>κατ’</span> <span class='ocrx_word' id='word_1_160' title='bbox 1146 2259 1307 2328; x_wconf 76' lang='grc' dir='ltr'>εἰρωνείαν.</span> <span class='ocrx_word' id='word_1_161' title='bbox 1322 2285 1349 2294; x_wconf 92' lang='lat'>·-</span> <span class='ocrx_word' id='word_1_162' title='bbox 1446 2256 1447 2259; x_wconf 74' lang='grc'>’</span> 
     </span>
    </p>
   </div>
   <div class='ocr_carea' id='block_1_7' title="bbox 261 2331 1355 4250">
    <p class='ocr_par' dir='ltr' id='par_1_10' title="bbox 261 2331 1355 4250">
     <span class='ocr_line' id='line_1_19' title="bbox 262 2331 1352 2397; baseline -0.002 -13"><span class='ocrx_word' id='word_1_163' title='bbox 262 2337 338 2397; x_wconf 81' lang='lat' dir='ltr'>aptos</span> <span class='ocrx_word' id='word_1_164' title='bbox 360 2333 511 2384; x_wconf 86' lang='lat' dir='ltr'>huiusmodi</span> <span class='ocrx_word' id='word_1_165' title='bbox 534 2334 696 2396; x_wconf 76' lang='lat' dir='ltr'>antiquarios</span> <span class='ocrx_word' id='word_1_166' title='bbox 713 2332 786 2382; x_wconf 90' lang='lat' dir='ltr'>deri·</span> <span class='ocrx_word' id='word_1_167' title='bbox 822 2333 949 2382; x_wconf 70' lang='lat' dir='ltr'>Euoladat</span> <span class='ocrx_word' id='word_1_168' title='bbox 959 2332 1046 2395; x_wconf 56' lang='lat' dir='ltr'>hrota</span> <span class='ocrx_word' id='word_1_169' title='bbox 1054 2331 1272 2395; x_wconf 67' lang='lat' dir='ltr'>fiairlnllalinitio</span> <span class='ocrx_word' id='word_1_170' title='bbox 1283 2337 1352 2383; x_wconf 86' lang='lat' dir='ltr'>tem·</span> 
     </span>
     <span class='ocr_line' id='line_1_20' title="bbox 262 2405 1353 2470; baseline -0.004 -12"><span class='ocrx_word' id='word_1_171' title='bbox 262 2407 308 2458; x_wconf 88' lang='lat' dir='ltr'>det</span> <span class='ocrx_word' id='word_1_172' title='bbox 324 2408 405 2458; x_wconf 86' lang='lat' dir='ltr'>etiam</span> <span class='ocrx_word' id='word_1_173' title='bbox 422 2406 546 2458; x_wconf 85' lang='lat' dir='ltr'>Martialis</span> <span class='ocrx_word' id='word_1_174' title='bbox 563 2409 609 2468; x_wconf 85' lang='lat' dir='ltr'>tt,</span> <span class='ocrx_word' id='word_1_175' title='bbox 628 2407 672 2468; x_wconf 80' lang='lat'>90,</span> <span class='ocrx_word' id='word_1_176' title='bbox 691 2409 718 2457; x_wconf 79' lang='lat' dir='ltr'>a:</span> <span class='ocrx_word' id='word_1_177' title='bbox 741 2408 787 2457; x_wconf 78' lang='lat' dir='ltr'>At-</span> <span class='ocrx_word' id='word_1_178' title='bbox 823 2407 895 2470; x_wconf 85' lang='lat' dir='ltr'>poris</span> <span class='ocrx_word' id='word_1_179' title='bbox 920 2408 1064 2468; x_wconf 85' lang='lat' dir='ltr'>certusque</span> <span class='ocrx_word' id='word_1_180' title='bbox 1088 2405 1218 2455; x_wconf 86' lang='lat' dir='ltr'>terminus</span> <span class='ocrx_word' id='word_1_181' title='bbox 1242 2406 1353 2456; x_wconf 86' lang='lat' dir='ltr'>dirimat</span> 
     </span>
     <span class='ocr_line' id='line_1_21' title="bbox 261 2479 1350 2545; baseline -0.006 -13"><span class='ocrx_word' id='word_1_182' title='bbox 261 2483 400 2544; x_wconf 75' lang='lat' dir='ltr'>tacitusque</span> <span class='ocrx_word' id='word_1_183' title='bbox 416 2483 477 2545; x_wconf 69' lang='lat' dir='ltr'>lania</span> <span class='ocrx_word' id='word_1_184' title='bbox 492 2485 574 2532; x_wconf 86' lang='lat' dir='ltr'>terrai</span> <span class='ocrx_word' id='word_1_185' title='bbox 585 2482 731 2544; x_wconf 77' lang='lat' dir='ltr'>frugiferai,</span> <span class='ocrx_word' id='word_1_186' title='bbox 745 2482 788 2532; x_wconf 80' lang='lat' dir='ltr'>dt·</span> <span class='ocrx_word' id='word_1_187' title='bbox 822 2479 896 2530; x_wconf 87' lang='lat' dir='ltr'>litem</span> <span class='ocrx_word' id='word_1_188' title='bbox 909 2483 935 2530; x_wconf 88' lang='lat' dir='ltr'>et</span> <span class='ocrx_word' id='word_1_189' title='bbox 949 2480 1162 2530; x_wconf 84' lang='lat' dir='ltr'>controversiam</span> <span class='ocrx_word' id='word_1_190' title='bbox 1173 2483 1350 2543; x_wconf 79' lang='lat' dir='ltr'>componat.»</span> 
     </span>
     <span class='ocr_line' id='line_1_22' title="bbox 261 2553 1354 2619; baseline -0.003 -12"><span class='ocrx_word' id='word_1_191' title='bbox 261 2558 310 2608; x_wconf 81' lang='lat' dir='ltr'>tiata</span> <span class='ocrx_word' id='word_1_192' title='bbox 326 2562 350 2606; x_wconf 83' lang='lat' dir='ltr'>et</span> <span class='ocrx_word' id='word_1_193' title='bbox 361 2557 481 2619; x_wconf 78' lang='lat' dir='ltr'>quidquid</span> <span class='ocrx_word' id='word_1_194' title='bbox 493 2557 664 2618; x_wconf 68' lang='lat' dir='ltr'>Pmaoiasqm</span> <span class='ocrx_word' id='word_1_195' title='bbox 673 2562 784 2606; x_wconf 69' lang='lat' dir='ltr'>voum</span> <span class='ocrx_word' id='word_1_196' title='bbox 823 2554 929 2604; x_wconf 80' lang='lat' dir='ltr'>Rectius</span> <span class='ocrx_word' id='word_1_197' title='bbox 940 2556 1031 2603; x_wconf 87' lang='lat' dir='ltr'>autem</span> <span class='ocrx_word' id='word_1_198' title='bbox 1048 2553 1116 2603; x_wconf 86' lang='lat' dir='ltr'>haec</span> <span class='ocrx_word' id='word_1_199' title='bbox 1126 2566 1170 2602; x_wconf 88' lang='lat' dir='ltr'>vv.</span> <span class='ocrx_word' id='word_1_200' title='bbox 1184 2554 1297 2604; x_wconf 84' lang='lat' dir='ltr'>Horatio</span> <span class='ocrx_word' id='word_1_201' title='bbox 1308 2555 1354 2604; x_wconf 89' lang='lat' dir='ltr'>tri·</span> 
     </span>
     <span class='ocr_line' id='line_1_23' title="bbox 265 2625 1352 2693; baseline -0.002 -13"><span class='ocrx_word' id='word_1_202' title='bbox 265 2658 292 2668; x_wconf 92' lang='lat'>-</span> <span class='ocrx_word' id='word_1_203' title='bbox 311 2637 339 2680; x_wconf 82' lang='lat' dir='ltr'>at</span> <span class='ocrx_word' id='word_1_204' title='bbox 356 2632 429 2690; x_wconf 80' lang='lat' dir='ltr'>vina,</span> <span class='ocrx_word' id='word_1_205' title='bbox 453 2632 581 2693; x_wconf 71' lang='lat' dir='ltr'>poenulo]</span> <span class='ocrx_word' id='word_1_206' title='bbox 607 2633 627 2681; x_wconf 84' lang='lat' dir='ltr'>E</span> <span class='ocrx_word' id='word_1_207' title='bbox 654 2632 787 2682; x_wconf 85' lang='lat' dir='ltr'>contrario</span> <span class='ocrx_word' id='word_1_208' title='bbox 823 2625 1352 2691; x_wconf 80' lang='lat' dir='ltr'>huunturquam,utvoltscl1midiua,</span> 
     </span>
     <span class='ocr_line' id='line_1_24' title="bbox 263 2699 1354 2769; baseline -0.004 -13"><span class='ocrx_word' id='word_1_209' title='bbox 263 2704 392 2756; x_wconf 82' lang='lat' dir='ltr'>Pindarus</span> <span class='ocrx_word' id='word_1_210' title='bbox 412 2704 516 2769; x_wconf 84' lang='lat' dir='ltr'>olymp.</span> <span class='ocrx_word' id='word_1_211' title='bbox 536 2706 565 2766; x_wconf 83' lang='lat'>9,</span> <span class='ocrx_word' id='word_1_212' title='bbox 584 2706 629 2755; x_wconf 83' lang='lat' dir='ltr'>ts:</span> <span class='ocrx_word' id='word_1_213' title='bbox 656 2703 734 2754; x_wconf 78' lang='grc' dir='ltr'>Αἴνει</span> <span class='ocrx_word' id='word_1_214' title='bbox 756 2703 787 2754; x_wconf 78' lang='grc' dir='ltr'>δὲ</span> <span class='ocrx_word' id='word_1_215' title='bbox 823 2702 886 2752; x_wconf 86' lang='lat' dir='ltr'>licto</span> <span class='ocrx_word' id='word_1_216' title='bbox 899 2703 956 2751; x_wconf 84' lang='lat' dir='ltr'>eius</span> <span class='ocrx_word' id='word_1_217' title='bbox 968 2701 1131 2751; x_wconf 77' lang='lat' dir='ltr'>adversario.</span> <span class='ocrx_word' id='word_1_218' title='bbox 1143 2699 1190 2751; x_wconf 87' lang='lat' dir='ltr'>llle</span> <span class='ocrx_word' id='word_1_219' title='bbox 1202 2701 1354 2767; x_wconf 86' lang='lat' dir='ltr'>animlepi·</span> 
     </span>
     <span class='ocr_line' id='line_1_25' title="bbox 263 2774 1353 2844; baseline -0.003 -16"><span class='ocrx_word' id='word_1_220' title='bbox 263 2775 387 2831; x_wconf 74' lang='grc' dir='ltr'>παλαιὸν</span> <span class='ocrx_word' id='word_1_221' title='bbox 410 2779 465 2844; x_wconf 78' lang='grc' dir='ltr'>μὲν</span> <span class='ocrx_word' id='word_1_222' title='bbox 482 2777 574 2842; x_wconf 75' lang='grc' dir='ltr'>οἶνον,</span> <span class='ocrx_word' id='word_1_223' title='bbox 604 2775 738 2830; x_wconf 73' lang='lat' dir='ltr'>dudeco·</span> <span class='ocrx_word' id='word_1_224' title='bbox 756 2774 788 2830; x_wconf 77' lang='lat' dir='ltr'>t·</span> <span class='ocrx_word' id='word_1_225' title='bbox 824 2776 859 2826; x_wconf 88' lang='lat' dir='ltr'>de</span> <span class='ocrx_word' id='word_1_226' title='bbox 876 2774 983 2826; x_wconf 86' lang='lat' dir='ltr'>simulat</span> <span class='ocrx_word' id='word_1_227' title='bbox 998 2789 1029 2826; x_wconf 90' lang='lat' dir='ltr'>se</span> <span class='ocrx_word' id='word_1_228' title='bbox 1046 2775 1156 2826; x_wconf 68' lang='lat' dir='ltr'>undam</span> <span class='ocrx_word' id='word_1_229' title='bbox 1174 2789 1239 2825; x_wconf 84' lang='lat' dir='ltr'>vere</span> <span class='ocrx_word' id='word_1_230' title='bbox 1259 2775 1353 2826; x_wconf 84' lang='lat' dir='ltr'>doceri</span> 
     </span>
     <span class='ocr_line' id='line_1_26' title="bbox 262 2849 1354 2923; baseline -0.004 -19"><span class='ocrx_word' id='word_1_231' title='bbox 262 2869 343 2918; x_wconf 83' lang='grc' dir='ltr'><strong><em>μνων</em></strong></span> <span class='ocrx_word' id='word_1_232' title='bbox 360 2856 511 2923; x_wconf 72' lang='grc' dir='ltr'>νεωτέρων.</span> <span class='ocrx_word' id='word_1_233' title='bbox 533 2881 559 2890; x_wconf 93' lang='grc'>-</span> <span class='ocrx_word' id='word_1_234' title='bbox 580 2855 687 2906; x_wconf 74' lang='lat' dir='ltr'>«Mansa</span> <span class='ocrx_word' id='word_1_235' title='bbox 708 2857 735 2906; x_wconf 88' lang='lat' dir='ltr'>in</span> <span class='ocrx_word' id='word_1_236' title='bbox 756 2853 788 2904; x_wconf 92' lang='lat' dir='ltr'>li·</span> <span class='ocrx_word' id='word_1_237' title='bbox 824 2861 938 2914; x_wconf 86' lang='lat' dir='ltr'>cupere,</span> <span class='ocrx_word' id='word_1_238' title='bbox 956 2850 1016 2913; x_wconf 84' lang='lat' dir='ltr'>quis</span> <span class='ocrx_word' id='word_1_239' title='bbox 1031 2849 1067 2900; x_wconf 86' lang='lat' dir='ltr'>sit</span> <span class='ocrx_word' id='word_1_240' title='bbox 1082 2850 1197 2914; x_wconf 85' lang='lat' dir='ltr'>scriptor</span> <span class='ocrx_word' id='word_1_241' title='bbox 1212 2852 1296 2900; x_wconf 82' lang='lat' dir='ltr'>vetus</span> <span class='ocrx_word' id='word_1_242' title='bbox 1312 2853 1354 2900; x_wconf 93' lang='lat' dir='ltr'>at-</span> 
     </span>
     <span class='ocr_line' id='line_1_27' title="bbox 264 2923 1355 2989; baseline -0.005 -11"><span class='ocrx_word' id='word_1_243' title='bbox 264 2927 327 2988; x_wconf 84' lang='lat' dir='ltr'>bro,</span> <span class='ocrx_word' id='word_1_244' title='bbox 345 2929 561 2989; x_wconf 84' lang='lat' dir='ltr'>qui-inscribitur</span> <span class='ocrx_word' id='word_1_245' title='bbox 581 2930 725 2978; x_wconf 81' lang='lat' dir='ltr'>l&#39;ermisattta</span> <span class='ocrx_word' id='word_1_246' title='bbox 741 2929 790 2979; x_wconf 80' lang='lat' dir='ltr'>Ab·</span> <span class='ocrx_word' id='word_1_247' title='bbox 824 2937 877 2988; x_wconf 85' lang='lat' dir='ltr'>que</span> <span class='ocrx_word' id='word_1_248' title='bbox 885 2923 980 2984; x_wconf 63' lang='lat' dir='ltr'>wodan</span> <span class='ocrx_word' id='word_1_249' title='bbox 991 2923 1155 2986; x_wconf 81' lang='lat' dir='ltr'>(probandus</span> <span class='ocrx_word' id='word_1_250' title='bbox 1170 2925 1355 2987; x_wconf 77' lang='lat' dir='ltr'>propterper</span> 
     </span>
     <span class='ocr_line' id='line_1_28' title="bbox 263 2998 1353 3065; baseline -0.004 -15"><span class='ocrx_word' id='word_1_251' title='bbox 263 3001 424 3062; x_wconf 67' lang='lat' dir='ltr'>laodomam</span> <span class='ocrx_word' id='word_1_252' title='bbox 439 3002 493 3050; x_wconf 78' lang='lat' dir='ltr'>aad</span> <span class='ocrx_word' id='word_1_253' title='bbox 503 3001 621 3063; x_wconf 74' lang='lat' dir='ltr'>dusstttaa</span> <span class='ocrx_word' id='word_1_254' title='bbox 632 3015 658 3065; x_wconf 87' lang='lat' dir='ltr'>p.</span> <span class='ocrx_word' id='word_1_255' title='bbox 669 3004 786 3064; x_wconf 67' lang='lat' dir='ltr'>titt-toti..</span> <span class='ocrx_word' id='word_1_256' title='bbox 825 2998 985 3060; x_wconf 84' lang='lat' dir='ltr'>lectionem),</span> <span class='ocrx_word' id='word_1_257' title='bbox 1002 2999 1062 3061; x_wconf 85' lang='lat' dir='ltr'>quis</span> <span class='ocrx_word' id='word_1_258' title='bbox 1078 2998 1185 3048; x_wconf 89' lang='lat' dir='ltr'>nonsit.</span> <span class='ocrx_word' id='word_1_259' title='bbox 1202 3025 1232 3034; x_wconf 89' lang='lat'>-</span> <span class='ocrx_word' id='word_1_260' title='bbox 1243 2999 1353 3063; x_wconf 57' lang='lat' dir='ltr'>perflat]</span> 
     </span>
     <span class='ocr_line' id='line_1_29' title="bbox 264 3070 1353 3139; baseline 0 -18"><span class='ocrx_word' id='word_1_261' title='bbox 264 3072 342 3122; x_wconf 88' lang='lat' dir='ltr'>docte</span> <span class='ocrx_word' id='word_1_262' title='bbox 355 3073 408 3133; x_wconf 73' lang='lat' dir='ltr'>ogit</span> <span class='ocrx_word' id='word_1_263' title='bbox 424 3073 458 3122; x_wconf 87' lang='lat' dir='ltr'>de</span> <span class='ocrx_word' id='word_1_264' title='bbox 476 3073 574 3123; x_wconf 89' lang='lat' dir='ltr'>lloratii</span> <span class='ocrx_word' id='word_1_265' title='bbox 592 3079 713 3126; x_wconf 87' lang='lat' dir='ltr'>veterum</span> <span class='ocrx_word' id='word_1_266' title='bbox 726 3081 789 3139; x_wconf 81' lang='lat' dir='ltr'>pott-</span> <span class='ocrx_word' id='word_1_267' title='bbox 826 3086 912 3122; x_wconf 82' lang='lat' dir='ltr'>«nuuc</span> <span class='ocrx_word' id='word_1_268' title='bbox 929 3073 1017 3136; x_wconf 85' lang='lat' dir='ltr'>ipsum</span> <span class='ocrx_word' id='word_1_269' title='bbox 1034 3070 1175 3122; x_wconf 80' lang='lat' dir='ltr'>absolvit.»</span> <span class='ocrx_word' id='word_1_270' title='bbox 1194 3099 1224 3109; x_wconf 97' lang='lat'>-</span> <span class='ocrx_word' id='word_1_271' title='bbox 1238 3073 1353 3136; x_wconf 59' lang='lat' dir='ltr'>deam]</span> 
     </span>
     <span class='ocr_line' id='line_1_30' title="bbox 264 3145 1353 3214; baseline 0.001 -18"><span class='ocrx_word' id='word_1_272' title='bbox 264 3151 352 3196; x_wconf 88' lang='lat' dir='ltr'>tarum</span> <span class='ocrx_word' id='word_1_273' title='bbox 370 3159 509 3196; x_wconf 79' lang='lat' dir='ltr'>censura·</span> <span class='ocrx_word' id='word_1_274' title='bbox 527 3149 612 3198; x_wconf 75' lang='lat' dir='ltr'>licoat</span> <span class='ocrx_word' id='word_1_275' title='bbox 625 3149 659 3198; x_wconf 89' lang='lat' dir='ltr'>de</span> <span class='ocrx_word' id='word_1_276' title='bbox 671 3152 707 3200; x_wconf 83' lang='lat' dir='ltr'>Re</span> <span class='ocrx_word' id='word_1_277' title='bbox 720 3151 787 3214; x_wconf 70' lang='lat' dir='ltr'>trag.</span> <span class='ocrx_word' id='word_1_278' title='bbox 826 3150 869 3199; x_wconf 88' lang='lat' dir='ltr'>Sic</span> <span class='ocrx_word' id='word_1_279' title='bbox 884 3147 993 3198; x_wconf 80' lang='lat' dir='ltr'>Ovidius</span> <span class='ocrx_word' id='word_1_280' title='bbox 1010 3148 1085 3198; x_wconf 86' lang='lat' dir='ltr'>Trist.</span> <span class='ocrx_word' id='word_1_281' title='bbox 1099 3145 1131 3207; x_wconf 84' lang='grc'>4,</span> <span class='ocrx_word' id='word_1_282' title='bbox 1149 3147 1194 3206; x_wconf 77' lang='lat' dir='ltr'>lt),</span> <span class='ocrx_word' id='word_1_283' title='bbox 1213 3148 1257 3197; x_wconf 73' lang='lat'>82.</span> <span class='ocrx_word' id='word_1_284' title='bbox 1276 3149 1353 3197; x_wconf 71' lang='lat' dir='ltr'>anto</span> 
     </span>
     <span class='ocr_line' id='line_1_31' title="bbox 264 3220 1354 3287; baseline 0.003 -17"><span class='ocrx_word' id='word_1_285' title='bbox 264 3222 340 3270; x_wconf 81' lang='lat' dir='ltr'>llam.</span> <span class='ocrx_word' id='word_1_286' title='bbox 354 3220 432 3284; x_wconf 57' lang='lat'>12³⁰·</span> <span class='ocrx_word' id='word_1_287' title='bbox 445 3247 471 3258; x_wconf 90' lang='grc'>-</span> <span class='ocrx_word' id='word_1_288' title='bbox 482 3221 552 3271; x_wconf 81' lang='lat' dir='ltr'>Scire</span> <span class='ocrx_word' id='word_1_289' title='bbox 562 3223 636 3272; x_wconf 72' lang='lat' dir='ltr'>calin</span> <span class='ocrx_word' id='word_1_290' title='bbox 647 3224 709 3287; x_wconf 77' lang='lat' dir='ltr'>cet]</span> <span class='ocrx_word' id='word_1_291' title='bbox 722 3225 791 3274; x_wconf 85' lang='lat' dir='ltr'>Ean·</span> <span class='ocrx_word' id='word_1_292' title='bbox 821 3224 908 3286; x_wconf 77' lang='lat' dir='ltr'>perire</span> <span class='ocrx_word' id='word_1_293' title='bbox 924 3234 988 3272; x_wconf 85' lang='lat' dir='ltr'>usus</span> <span class='ocrx_word' id='word_1_294' title='bbox 1006 3223 1047 3272; x_wconf 86' lang='lat' dir='ltr'>ost</span> <span class='ocrx_word' id='word_1_295' title='bbox 1066 3223 1130 3271; x_wconf 88' lang='lat' dir='ltr'>item</span> <span class='ocrx_word' id='word_1_296' title='bbox 1148 3221 1183 3272; x_wconf 88' lang='lat' dir='ltr'>de</span> <span class='ocrx_word' id='word_1_297' title='bbox 1201 3225 1293 3272; x_wconf 89' lang='lat' dir='ltr'>morte</span> <span class='ocrx_word' id='word_1_298' title='bbox 1310 3237 1354 3273; x_wconf 77' lang='lat' dir='ltr'>ua</span> 
     </span>
     <span class='ocr_line' id='line_1_32' title="bbox 265 3295 1354 3358; baseline 0.002 -12"><span class='ocrx_word' id='word_1_299' title='bbox 265 3295 328 3346; x_wconf 88' lang='lat' dir='ltr'>dem</span> <span class='ocrx_word' id='word_1_300' title='bbox 352 3296 535 3358; x_wconf 86' lang='lat' dir='ltr'>quaestionem</span> <span class='ocrx_word' id='word_1_301' title='bbox 557 3297 668 3348; x_wconf 85' lang='lat' dir='ltr'>instituit</span> <span class='ocrx_word' id='word_1_302' title='bbox 684 3298 789 3350; x_wconf 83' lang='lat' dir='ltr'>Tacitus</span> <span class='ocrx_word' id='word_1_303' title='bbox 826 3296 912 3348; x_wconf 68' lang='lat' dir='ltr'>taran.</span> <span class='ocrx_word' id='word_1_304' title='bbox 941 3295 1052 3348; x_wconf 68' lang='lat' dir='ltr'>Martial.</span> <span class='ocrx_word' id='word_1_305' title='bbox 1064 3297 1095 3354; x_wconf 76' lang='lat'>8,</span> <span class='ocrx_word' id='word_1_306' title='bbox 1114 3297 1160 3346; x_wconf 78' lang='lat'>69:</span> <span class='ocrx_word' id='word_1_307' title='bbox 1179 3299 1293 3347; x_wconf 73' lang='lat' dir='ltr'>littaris</span> <span class='ocrx_word' id='word_1_308' title='bbox 1312 3312 1354 3348; x_wconf 63' lang='lat' dir='ltr'>oa</span> 
     </span>
     <span class='ocr_line' id='line_1_33' title="bbox 266 3368 1354 3436; baseline -0.001 -13"><span class='ocrx_word' id='word_1_309' title='bbox 266 3368 424 3424; x_wconf 78' lang='lat' dir='ltr'>Dialold:</span> <span class='ocrx_word' id='word_1_310' title='bbox 442 3371 609 3431; x_wconf 61' lang='lat' dir='ltr'>laconicum</span> <span class='ocrx_word' id='word_1_311' title='bbox 619 3373 789 3436; x_wconf 61' lang='lat' dir='ltr'>interrogabo,</span> <span class='ocrx_word' id='word_1_312' title='bbox 826 3377 901 3432; x_wconf 80' lang='lat' dir='ltr'>teras,</span> <span class='ocrx_word' id='word_1_313' title='bbox 931 3371 1056 3430; x_wconf 70' lang='lat' dir='ltr'>Vacerra,</span> <span class='ocrx_word' id='word_1_314' title='bbox 1081 3371 1157 3430; x_wconf 77' lang='lat' dir='ltr'>solor,</span> <span class='ocrx_word' id='word_1_315' title='bbox 1183 3372 1238 3420; x_wconf 81' lang='lat' dir='ltr'>Nec</span> <span class='ocrx_word' id='word_1_316' title='bbox 1263 3373 1354 3422; x_wconf 68' lang='lat' dir='ltr'>Mat</span> 
     </span>
     <span class='ocr_line' id='line_1_34' title="bbox 265 3445 1355 3509; baseline 0.002 -15"><span class='ocrx_word' id='word_1_317' title='bbox 265 3457 326 3507; x_wconf 81' lang='lat' dir='ltr'>quos</span> <span class='ocrx_word' id='word_1_318' title='bbox 344 3445 436 3494; x_wconf 80' lang='lat' dir='ltr'>uocatis</span> <span class='ocrx_word' id='word_1_319' title='bbox 456 3445 573 3507; x_wconf 78' lang='lat' dir='ltr'>antiquar</span> <span class='ocrx_word' id='word_1_320' title='bbox 593 3447 645 3495; x_wconf 86' lang='lat' dir='ltr'>cet.</span> <span class='ocrx_word' id='word_1_321' title='bbox 666 3473 693 3482; x_wconf 94' lang='lat'>-</span> <span class='ocrx_word' id='word_1_322' title='bbox 712 3461 790 3496; x_wconf 61' lang='lat' dir='ltr'>aava</span> <span class='ocrx_word' id='word_1_323' title='bbox 825 3447 874 3496; x_wconf 75' lang='lat' dir='ltr'>ata</span> <span class='ocrx_word' id='word_1_324' title='bbox 889 3450 1001 3494; x_wconf 64' lang='lat' dir='ltr'>mutuos</span> <span class='ocrx_word' id='word_1_325' title='bbox 1021 3450 1118 3506; x_wconf 68' lang='lat' dir='ltr'>noema.</span> <span class='ocrx_word' id='word_1_326' title='bbox 1146 3446 1270 3509; x_wconf 63' lang='lat' dir='ltr'>loaoscar</span> <span class='ocrx_word' id='word_1_327' title='bbox 1289 3448 1355 3509; x_wconf 76' lang='lat' dir='ltr'>pati-</span> 
     </span>
     <span class='ocr_line' id='line_1_35' title="bbox 265 3517 1355 3582; baseline 0.001 -14"><span class='ocrx_word' id='word_1_328' title='bbox 265 3520 315 3582; x_wconf 69' lang='lat' dir='ltr'>oat]</span> <span class='ocrx_word' id='word_1_329' title='bbox 332 3517 420 3570; x_wconf 77' lang='lat' dir='ltr'>«volut</span> <span class='ocrx_word' id='word_1_330' title='bbox 436 3521 604 3582; x_wconf 77' lang='lat' dir='ltr'>arrogatione</span> <span class='ocrx_word' id='word_1_331' title='bbox 626 3521 652 3570; x_wconf 93' lang='lat' dir='ltr'>in</span> <span class='ocrx_word' id='word_1_332' title='bbox 676 3522 790 3572; x_wconf 86' lang='lat' dir='ltr'>comitiis</span> <span class='ocrx_word' id='word_1_333' title='bbox 825 3533 895 3580; x_wconf 71' lang='lat' dir='ltr'>mro,</span> <span class='ocrx_word' id='word_1_334' title='bbox 923 3521 1046 3570; x_wconf 73' lang='lat' dir='ltr'>Vacerra:</span> <span class='ocrx_word' id='word_1_335' title='bbox 1075 3519 1140 3569; x_wconf 71' lang='lat' dir='ltr'>tanti</span> <span class='ocrx_word' id='word_1_336' title='bbox 1164 3521 1223 3569; x_wconf 76' lang='lat' dir='ltr'>Nos</span> <span class='ocrx_word' id='word_1_337' title='bbox 1249 3527 1304 3581; x_wconf 79' lang='lat' dir='ltr'>est,</span> <span class='ocrx_word' id='word_1_338' title='bbox 1329 3526 1355 3569; x_wconf 83' lang='lat' dir='ltr'>at</span> 
     </span>
     <span class='ocr_line' id='line_1_36' title="bbox 265 3593 1354 3656; baseline 0.003 -14"><span class='ocrx_word' id='word_1_339' title='bbox 265 3593 374 3642; x_wconf 85' lang='lat' dir='ltr'>curiatis</span> <span class='ocrx_word' id='word_1_340' title='bbox 402 3593 470 3644; x_wconf 85' lang='lat' dir='ltr'>lacta</span> <span class='ocrx_word' id='word_1_341' title='bbox 498 3593 614 3656; x_wconf 79' lang='lat' dir='ltr'>legitimo</span> <span class='ocrx_word' id='word_1_342' title='bbox 640 3595 734 3644; x_wconf 75' lang='lat' dir='ltr'>alferat</span> <span class='ocrx_word' id='word_1_343' title='bbox 758 3608 791 3644; x_wconf 91' lang='lat' dir='ltr'>ao</span> <span class='ocrx_word' id='word_1_344' title='bbox 823 3595 940 3656; x_wconf 78' lang='lat' dir='ltr'>placeam</span> <span class='ocrx_word' id='word_1_345' title='bbox 964 3593 1026 3654; x_wconf 79' lang='lat' dir='ltr'>tibi,</span> <span class='ocrx_word' id='word_1_346' title='bbox 1046 3595 1164 3656; x_wconf 78' lang='lat' dir='ltr'>parire.</span> <span class='ocrx_word' id='word_1_347' title='bbox 1202 3595 1248 3644; x_wconf 85' lang='lat' dir='ltr'>Sic</span> <span class='ocrx_word' id='word_1_348' title='bbox 1274 3598 1354 3645; x_wconf 85' lang='lat' dir='ltr'>etiam</span> 
     </span>
     <span class='ocr_line' id='line_1_37' title="bbox 265 3664 1354 3734; baseline 0.005 -20"><span class='ocrx_word' id='word_1_349' title='bbox 265 3664 389 3716; x_wconf 79' lang='lat' dir='ltr'>tribuat.»</span> <span class='ocrx_word' id='word_1_350' title='bbox 418 3668 461 3718; x_wconf 88' lang='lat' dir='ltr'>Sic</span> <span class='ocrx_word' id='word_1_351' title='bbox 478 3667 526 3718; x_wconf 88' lang='lat' dir='ltr'>Od.</span> <span class='ocrx_word' id='word_1_352' title='bbox 540 3667 568 3728; x_wconf 86' lang='grc'>4,</span> <span class='ocrx_word' id='word_1_353' title='bbox 589 3667 634 3728; x_wconf 88' lang='grc'>44,</span> <span class='ocrx_word' id='word_1_354' title='bbox 652 3667 697 3718; x_wconf 82' lang='grc'>39;</span> <span class='ocrx_word' id='word_1_355' title='bbox 716 3673 790 3730; x_wconf 82' lang='lat' dir='ltr'>opta-</span> <span class='ocrx_word' id='word_1_356' title='bbox 827 3669 934 3718; x_wconf 86' lang='lat' dir='ltr'>veteres</span> <span class='ocrx_word' id='word_1_357' title='bbox 951 3668 1033 3718; x_wconf 88' lang='lat' dir='ltr'>nostri</span> <span class='ocrx_word' id='word_1_358' title='bbox 1054 3667 1231 3717; x_wconf 74' lang='lat' dir='ltr'>aerderbes</span> <span class='ocrx_word' id='word_1_359' title='bbox 1251 3667 1354 3734; x_wconf 84' lang='lat' dir='ltr'>simpli-</span> 
     </span>
     <span class='ocr_line' id='line_1_38' title="bbox 266 3741 1355 3806; baseline 0.003 -19"><span class='ocrx_word' id='word_1_360' title='bbox 266 3743 319 3788; x_wconf 83' lang='lat' dir='ltr'>tam</span> <span class='ocrx_word' id='word_1_361' title='bbox 332 3741 443 3799; x_wconf 66' lang='lat' dir='ltr'>coactis</span> <span class='ocrx_word' id='word_1_362' title='bbox 461 3741 573 3802; x_wconf 68' lang='lat' dir='ltr'>impetis</span> <span class='ocrx_word' id='word_1_363' title='bbox 589 3743 662 3792; x_wconf 77' lang='lat' dir='ltr'>decta</span> <span class='ocrx_word' id='word_1_364' title='bbox 678 3755 791 3806; x_wconf 66' lang='lat' dir='ltr'>wocc-</span> <span class='ocrx_word' id='word_1_365' title='bbox 827 3741 894 3790; x_wconf 87' lang='lat' dir='ltr'>citer</span> <span class='ocrx_word' id='word_1_366' title='bbox 910 3754 960 3805; x_wconf 90' lang='lat' dir='ltr'>pro</span> <span class='ocrx_word' id='word_1_367' title='bbox 975 3745 1082 3791; x_wconf 72' lang='lat' dir='ltr'>morum</span> <span class='ocrx_word' id='word_1_368' title='bbox 1097 3741 1179 3801; x_wconf 76' lang='lat' dir='ltr'>odiro,</span> <span class='ocrx_word' id='word_1_369' title='bbox 1200 3743 1232 3791; x_wconf 91' lang='lat' dir='ltr'>ut</span> <span class='ocrx_word' id='word_1_370' title='bbox 1249 3744 1311 3806; x_wconf 79' lang='lat' dir='ltr'>ipsa</span> <span class='ocrx_word' id='word_1_371' title='bbox 1321 3743 1355 3790; x_wconf 80' lang='lat' dir='ltr'>ri-</span> 
     </span>
     <span class='ocr_line' id='line_1_39' title="bbox 265 3813 1355 3877; baseline 0.002 -16"><span class='ocrx_word' id='word_1_372' title='bbox 265 3813 308 3862; x_wconf 82' lang='lat' dir='ltr'>oit.</span> <span class='ocrx_word' id='word_1_373' title='bbox 325 3837 352 3848; x_wconf 89' lang='lat'>-·</span> <span class='ocrx_word' id='word_1_374' title='bbox 365 3813 462 3876; x_wconf 67' lang='lat' dir='ltr'>dotata]</span> <span class='ocrx_word' id='word_1_375' title='bbox 481 3817 617 3866; x_wconf 78' lang='lat' dir='ltr'>«mortuus</span> <span class='ocrx_word' id='word_1_376' title='bbox 635 3817 707 3877; x_wconf 72' lang='lat' dir='ltr'>est,-</span> <span class='ocrx_word' id='word_1_377' title='bbox 726 3818 791 3868; x_wconf 88' lang='lat' dir='ltr'>ima·</span> <span class='ocrx_word' id='word_1_378' title='bbox 827 3816 853 3865; x_wconf 91' lang='lat' dir='ltr'>di</span> <span class='ocrx_word' id='word_1_379' title='bbox 876 3815 902 3864; x_wconf 90' lang='lat' dir='ltr'>in</span> <span class='ocrx_word' id='word_1_380' title='bbox 927 3814 1035 3864; x_wconf 91' lang='lat' dir='ltr'>loedere</span> <span class='ocrx_word' id='word_1_381' title='bbox 1058 3815 1127 3865; x_wconf 84' lang='lat' dir='ltr'>iuter</span> <span class='ocrx_word' id='word_1_382' title='bbox 1149 3815 1314 3868; x_wconf 82' lang='lat' dir='ltr'>Turicenaes</span> <span class='ocrx_word' id='word_1_383' title='bbox 1330 3817 1355 3866; x_wconf 85' lang='lat' dir='ltr'>et</span> 
     </span>
     <span class='ocr_line' id='line_1_40' title="bbox 266 3884 1352 3954; baseline 0.006 -22"><span class='ocrx_word' id='word_1_384' title='bbox 266 3885 326 3946; x_wconf 83' lang='lat' dir='ltr'>gine</span> <span class='ocrx_word' id='word_1_385' title='bbox 340 3897 355 3932; x_wconf 91' lang='lat' dir='ltr'>a</span> <span class='ocrx_word' id='word_1_386' title='bbox 368 3884 433 3935; x_wconf 86' lang='lat' dir='ltr'>loliis</span> <span class='ocrx_word' id='word_1_387' title='bbox 446 3886 553 3938; x_wconf 84' lang='lat' dir='ltr'>caducis</span> <span class='ocrx_word' id='word_1_388' title='bbox 566 3891 687 3954; x_wconf 87' lang='lat' dir='ltr'>repetita.</span> <span class='ocrx_word' id='word_1_389' title='bbox 706 3889 789 3940; x_wconf 83' lang='lat' dir='ltr'>Plaut.</span> <span class='ocrx_word' id='word_1_390' title='bbox 827 3891 963 3940; x_wconf 87' lang='lat' dir='ltr'>Suiteuses</span> <span class='ocrx_word' id='word_1_391' title='bbox 980 3891 1145 3953; x_wconf 83' lang='lat' dir='ltr'>Uraaiosque</span> <span class='ocrx_word' id='word_1_392' title='bbox 1161 3904 1186 3939; x_wconf 94' lang='lat' dir='ltr'>a.</span> <span class='ocrx_word' id='word_1_393' title='bbox 1201 3891 1277 3941; x_wconf 69' lang='grc'>44444.</span> <span class='ocrx_word' id='word_1_394' title='bbox 1294 3893 1352 3941; x_wconf 84' lang='lat' dir='ltr'>icto.</span> 
     </span>
     <span class='ocr_line' id='line_1_41' title="bbox 266 3959 1352 4028; baseline 0.011 -21"><span class='ocrx_word' id='word_1_395' title='bbox 266 3959 412 4008; x_wconf 80' lang='lat' dir='ltr'>Trinumm.</span> <span class='ocrx_word' id='word_1_396' title='bbox 425 3960 455 4019; x_wconf 75' lang='grc'>4,</span> <span class='ocrx_word' id='word_1_397' title='bbox 475 3959 505 4020; x_wconf 86' lang='grc'>4,</span> <span class='ocrx_word' id='word_1_398' title='bbox 525 3961 586 4012; x_wconf 77' lang='lat' dir='ltr'>tta:</span> <span class='ocrx_word' id='word_1_399' title='bbox 610 3965 691 4014; x_wconf 69' lang='lat' dir='ltr'>wacta·</span> <span class='ocrx_word' id='word_1_400' title='bbox 708 3964 791 4014; x_wconf 76' lang='lat' dir='ltr'>solsti-</span> <span class='ocrx_word' id='word_1_401' title='bbox 828 3989 857 4000; x_wconf 91' lang='lat'>-</span> <span class='ocrx_word' id='word_1_402' title='bbox 880 3963 979 4026; x_wconf 70' lang='lat' dir='ltr'>cottas]</span> <span class='ocrx_word' id='word_1_403' title='bbox 1002 3964 1176 4014; x_wconf 83' lang='lat' dir='ltr'>coniecturas</span> <span class='ocrx_word' id='word_1_404' title='bbox 1197 3965 1352 4028; x_wconf 63' lang='lat' dir='ltr'>molosque,</span> 
     </span>
     <span class='ocr_line' id='line_1_42' title="bbox 266 4031 1351 4099; baseline 0.005 -19"><span class='ocrx_word' id='word_1_405' title='bbox 266 4032 321 4080; x_wconf 77' lang='lat' dir='ltr'>tiata·</span> <span class='ocrx_word' id='word_1_406' title='bbox 336 4031 423 4082; x_wconf 76' lang='lat' dir='ltr'>morbo</span> <span class='ocrx_word' id='word_1_407' title='bbox 439 4033 561 4084; x_wconf 62' lang='lat' dir='ltr'>widem.</span> <span class='ocrx_word' id='word_1_408' title='bbox 592 4036 639 4085; x_wconf 87' lang='lat' dir='ltr'>(td.</span> <span class='ocrx_word' id='word_1_409' title='bbox 653 4037 683 4097; x_wconf 85' lang='grc'>4,</span> <span class='ocrx_word' id='word_1_410' title='bbox 700 4038 728 4098; x_wconf 82' lang='grc'>7,</span> <span class='ocrx_word' id='word_1_411' title='bbox 744 4036 788 4088; x_wconf 86' lang='lat' dir='ltr'>tt:</span> <span class='ocrx_word' id='word_1_412' title='bbox 824 4037 945 4099; x_wconf 66' lang='lat' dir='ltr'>motator</span> <span class='ocrx_word' id='word_1_413' title='bbox 959 4039 1033 4088; x_wconf 88' lang='lat' dir='ltr'>recte</span> <span class='ocrx_word' id='word_1_414' title='bbox 1051 4039 1176 4088; x_wconf 76' lang='lat' dir='ltr'>salutavit</span> <span class='ocrx_word' id='word_1_415' title='bbox 1191 4040 1351 4090; x_wconf 81' lang='lat' dir='ltr'>Schmidius.</span> 
     </span>
     <span class='ocr_line' id='line_1_43' title="bbox 267 4107 1353 4175; baseline 0.005 -20"><span class='ocrx_word' id='word_1_416' title='bbox 267 4107 328 4166; x_wconf 85' lang='lat' dir='ltr'>Noa,</span> <span class='ocrx_word' id='word_1_417' title='bbox 351 4107 393 4156; x_wconf 77' lang='lat' dir='ltr'>alti</span> <span class='ocrx_word' id='word_1_418' title='bbox 410 4107 558 4168; x_wconf 63' lang='lat' dir='ltr'>daoiffimua,</span> <span class='ocrx_word' id='word_1_419' title='bbox 578 4112 632 4170; x_wconf 83' lang='lat' dir='ltr'>Quo</span> <span class='ocrx_word' id='word_1_420' title='bbox 648 4115 724 4171; x_wconf 78' lang='lat' dir='ltr'>pater</span> <span class='ocrx_word' id='word_1_421' title='bbox 741 4111 791 4161; x_wconf 78' lang='lat' dir='ltr'>Aa·</span> <span class='ocrx_word' id='word_1_422' title='bbox 828 4113 936 4162; x_wconf 85' lang='lat' dir='ltr'>Praeter</span> <span class='ocrx_word' id='word_1_423' title='bbox 952 4110 1016 4162; x_wconf 86' lang='lat' dir='ltr'>alias</span> <span class='ocrx_word' id='word_1_424' title='bbox 1033 4113 1151 4163; x_wconf 85' lang='lat' dir='ltr'>rationes</span> <span class='ocrx_word' id='word_1_425' title='bbox 1170 4125 1221 4175; x_wconf 83' lang='lat' dir='ltr'>pro</span> <span class='ocrx_word' id='word_1_426' title='bbox 1241 4126 1292 4162; x_wconf 89' lang='lat' dir='ltr'>sua</span> <span class='ocrx_word' id='word_1_427' title='bbox 1309 4125 1353 4163; x_wconf 85' lang='lat' dir='ltr'>arr·</span> 
     </span>
     <span class='ocr_line' id='line_1_44' title="bbox 266 4181 1353 4250; baseline 0.007 -22"><span class='ocrx_word' id='word_1_428' title='bbox 266 4194 338 4242; x_wconf 64' lang='lat' dir='ltr'>nem,</span> <span class='ocrx_word' id='word_1_429' title='bbox 366 4195 415 4243; x_wconf 76' lang='lat' dir='ltr'>orto</span> <span class='ocrx_word' id='word_1_430' title='bbox 439 4181 510 4232; x_wconf 69' lang='lat' dir='ltr'>dora</span> <span class='ocrx_word' id='word_1_431' title='bbox 538 4183 618 4234; x_wconf 76' lang='lat' dir='ltr'>Tatttu</span> <span class='ocrx_word' id='word_1_432' title='bbox 644 4189 667 4233; x_wconf 83' lang='lat' dir='ltr'>ot</span> <span class='ocrx_word' id='word_1_433' title='bbox 693 4184 790 4245; x_wconf 71' lang='lat' dir='ltr'>Aaou,</span> <span class='ocrx_word' id='word_1_434' title='bbox 826 4186 945 4249; x_wconf 86' lang='lat' dir='ltr'>spicione</span> <span class='ocrx_word' id='word_1_435' title='bbox 963 4187 1044 4236; x_wconf 84' lang='lat' dir='ltr'>etiam</span> <span class='ocrx_word' id='word_1_436' title='bbox 1062 4187 1132 4236; x_wconf 84' lang='lat' dir='ltr'>hane</span> <span class='ocrx_word' id='word_1_437' title='bbox 1148 4187 1251 4250; x_wconf 77' lang='lat' dir='ltr'>proter-t</span> <span class='ocrx_word' id='word_1_438' title='bbox 1273 4188 1353 4238; x_wconf 82' lang='lat' dir='ltr'>Bent-</span> 
     </span>
    </p>
   </div>
   <div class='ocr_carea' id='block_1_8' title="bbox 0 0 1483 4892">
    <p class='ocr_par' dir='ltr' id='par_1_11' title="bbox 0 0 1483 4892">
     <span class='ocr_line' id='line_1_45' title="bbox 0 0 1483 4892; baseline 0 0"><span class='ocrx_word' id='word_1_439' title='bbox 0 0 1483 4892; x_wconf 95' lang='lat' dir='ltr'> </span> 
     </span>
    </p>
   </div>
  </div>
 </body>
</html>
