2925 4892
237 371 302 440 206
618 370 748 422 uonnru
766 367 947 422 sarmarum

280 526 466 598 Accedam?
487 547 528 594 an
552 525 660 614 potins
680 524 818 593 mediter
838 523 930 590 linire
953 521 1110 590 dolores?

283 649 440 728 Exclusit;
463 657 608 716 revocat:
630 647 789 716 redeam?
810 648 900 723 Non,
915 646 952 740 'si
973 645 1134 712 obsecret.
1159 645 1242 712 liccc

283 772 406 838 Servus
427 790 492 836 non
513 767 611 857 paulo
633 767 822 856 sapientior:
847 769 877 836 0
898 766 995 844 here,
1018 785 1104 854 quae
1127 785 1180 832 res
1264 765 1331 832 265

280 893 347 960 Nec
364 891 497 958 modum
507 890 607 958 habet
619 911 728 978 neque
754 887 939 965 consilium,
962 888 1085 956 ratione
1098 885 1261 974 modoque

281 1013 422 1081 Tractari
432 1033 497 1079 non
508 1011 583 1078 volt.
626 1013 662 1078 ln
675 1030 787 1078 amore
798 1008 881 1077 haec
894 1017 969 1078 sunt
979 1008 1078 1086 mala,
1093 1007 1238 1089 ibellum,

282 1136 349 1202 Pax
370 1154 517 1201 rursum:
539 1132 623 1200 haec
644 1132 673 1200 si
695 1131 770 1219 quis
790 1131 991 1219 tempestatis
1012 1149 1116 1218 prope
1137 1129 1201 1196 ritu

285 1253 415 1323 Mobilia
436 1265 469 1322 et
488 1271 590 1322 caeca
609 1252 766 1320 fluitantia
787 1261 875 1319 sorte
896 1250 1022 1320 laboret

284 1375 435 1444 Reddere
456 1385 546 1442 certa
567 1374 643 1452 sibi,
666 1373 766 1440 nihilo
787 1371 860 1461 plns
883 1372 1033 1460 explicet,
1058 1371 1146 1440 acsi
1266 1372 1334 1444 270

253 1573 258 1582 ,
284 1498 430 1565 insanire
452 1505 546 1586 paret
567 1505 657 1563 certa
678 1495 802 1562 ratione
824 1492 998 1582 modoque.

308 1676 367 1728 nei.
385 1677 497 1728 clueat
514 1690 541 1740 p.
563 1702 591 1712 -·
608 1675 667 1726 265.
684 1687 725 1724 ere
742 1673 768 1724 S.
792 1702 819 1710 -
841 1673 898 1724 tio.
918 1678 1001 1736 certe,
1028 1673 1074 1724 ridi
1090 1673 1166 1725 oilrito
1182 1674 1245 1726 Lct.
1268 1701 1296 1710 -·

276 1751 334 1803 276.
346 1757 470 1802 miore.
495 1751 580 1811 liodo,
597 1751 717 1812 ὄααααια,
735 1748 836 1800 neuma
852 1749 921 1810 Lct,
938 1747 1087 1810 Bentleius,
1111 1749 1143 1800 FJ
1152 1763 1158 1799 :
1183 1754 1299 1800 mittere

244 1921 316 1971 men
326 1890 447 1984 praeses
457 1916 563 1968 conten
574 1918 592 1966 s
602 1916 769 1977 indicativus,
807 1915 865 1966 iss.
883 1941 912 1952 -
926 1928 1004 1978 panos
1018 1915 1049 1980 u]
1068 1916 1129 1966 «tux
1145 1915 1172 1965 in
1187 1917 1334 1979 mesiae,

245 2006 328 2056 quem
343 1988 477 2043 Bentleitxs
499 1991 696 2042 restituendum
719 1989 772 2040 du·
808 2001 890 2040 sanae
907 1989 1032 2040 mentis.»
1051 2013 1080 2027 -
1096 1989 1165 2054 seis]
1184 2002 1262 2041 «curn
1279 1993 1335 2042 iam

135 2069 140 2074 “
244 2068 283 2117 xit
309 2065 406 2117 «etiarn
423 2065 512 2116 invitis
528 2064 720 2115 membranis.»
742 2091 769 2100 -
807 2062 913 2114 vetulus
929 2063 1022 2126 balba,
1044 2065 1074 2114 ut
1089 2063 1335 2126 solentnmatores,

246 2141 355 2200 olere,
374 2152 441 2202 quoe
456 2139 773 2204 rescelllpudieren·
807 2137 892 2189 verba
915 2138 1044 2202 profers.»
1079 2137 1255 2204 «Hypallagm
1279 2153 1337 2190 non

246 2217 314 2266 tium
340 2217 472 2264 Parmeno
501 2225 598 2264 servus
623 2213 658 2263 ad
686 2212 774 2262 Phae·
809 2214 881 2269 enim
897 2214 980 2264 verba
996 2212 1084 2278 palato
1101 2214 1178 2275 ieris,
1205 2214 1255 2264 sed
1271 2227 1337 2264 ver-

246 2291 346 2341 driam:
372 2290 453 2351 llere,
472 2303 593 2352 quaer-cr
608 2291 637 2339 in
653 2301 678 2338 sc
693 2301 773 2350 neque
809 2288 851 2339 bis
867 2285 954 2337 balbis
980 2287 1106 2350 palatum.
1136 2291 1210 2340 Pera.
1229 2289 1258 2350 i,
1283 2288 1334 2338 35:

246 2364 377 2415 cussiliaco
394 2364 675 2427 usquemodumlladct
684 2363 772 2424 udum,
809 2377 841 2412 uc
857 2367 940 2412 teucro
963 2363 1108 2425 supplantat
1127 2364 1205 2414 umbo
1218 2365 1337 2426 putato.»

247 2451 305 2489 οααι
325 2438 428 2488 comitio
449 2452 536 2502 repere
559 2453 612 2488 nou
631 2444 709 2501 potes.
745 2438 775 2488 ln
810 2438 895 2486 Coun.
915 2437 993 2494 Cnno.
1029 2439 1086 2488 Non
1112 2439 1154 2489 esi
1177 2437 1335 2502 hypallage,

247 2527 336 2564 mucre
350 2513 411 2564 lucc
427 2515 513 2564 munic
529 2515 614 2564 inm
628 2513 706 2563 citio:
731 2512 775 2560 in-
810 2521 891 2573 quam
924 2512 1034 2570 vocant,
1071 2511 1163 2562 uitiato
1193 2512 1235 2563 illu
1266 2514 1340 2577 fenis

247 2589 344 2650 iudos,
362 2589 531 2650 Samium,
555 2587 714 2646 miuimttue,
732 2586 776 2635 iu·
810 2585 988 2648 grammaticis
1010 2599 1120 2647 mucore,
1146 2587 1196 2638 sed
1218 2588 1270 2637 hoc
1293 2587 1338 2638 di-

248 2663 661 2724 dutiuediellumpucmrnmt:
678 2661 776 2709 incerta
811 2659 859 2710 cit:
887 2658 1033 2710 aleriuntur
1049 2661 1126 2724 quasi
1147 2660 1245 2723 verba,
1272 2675 1338 2713 curn

247 2739 309 2789 lucc
325 2743 353 2788 tu
369 2737 511 2800 ripoctutes
526 2737 631 2786 liuticos
646 2741 717 2786 certo
731 2735 776 2798 fo-
811 2731 1149 2798 epulatorepercutiuniur
1160 2737 1263 2800 hacque
1275 2749 1340 2800 pro·

248 2826 318 2876 σανα,
341 2813 418 2863 uidilo
436 2812 497 2875 ptus
512 2825 577 2876 opor
593 2812 714 2873 οαααιεῑ
736 2811 777 2858 des
812 2807 974 2858 nuntiatione
995 2808 1117 2860 affectata
1137 2823 1219 2861 sonus
1240 2824 1338 2862 eornm

250 2899 366 2949 operm
384 2891 413 2934 ut
428 2899 487 2935 cum
501 2886 602 2934 ratione
618 2887 773 2934 inuniun-
812 2880 990 2933 debilitatur.»
1019 2910 1046 2919 -
1071 2884 1223 2950 Aediflcuutc
1246 2886 1337 2950 cam]

250 2959 363 3021 explicet]
382 2971 442 3018 «ea,
460 2971 530 3023 quoe
550 2960 671 3010 intricata
687 2961 775 3015 sonte·
813 2955 851 3006 Ci.
865 2968 891 3004 v.
904 2954 962 3007 iii.

252 3030 330 3082 «nihil
343 3031 480 3095 expedint,
516 3032 645 3083 reficiat.»
672 3034 727 3083 Cic.
742 3031 776 3082 ad
844 3031 1337 3096 275.2'lii..lddecmoremcst.]«idde

251 3105 462 3168 Fam.3,2,i:
547 3109 553 3120 ·
588 3109 594 3122 ·
647 3121 777 3171 --puam
812 3103 893 3155 stulto
917 3106 963 3155 tuo
989 3107 1073 3156 emori
1100 3108 1171 3160 rixas
1196 3111 1337 3169 mantas,

250 3181 363 3230 mucime
383 3181 445 3230 mvii
466 3185 554 3242 uptam
575 3184 778 3246 ecpueutnrnquc
813 3179 906 3243 quales
927 3181 996 3231 inter
1018 3181 1113 3234 nieles
1137 3183 1200 3234 oriri
1222 3182 1339 3233 solent.»

251 3256 359 3305 trudere.
379 3281 406 3291 -
425 3255 465 3319 oc]
483 3256 557 3307 Coni.
571 3258 655 3322 Epod.
669 3260 714 3321 ts,
734 3258 774 3311 ii.
813 3257 851 3307 De
869 3259 969 3318 morte,
987 3269 1068 3320 quarn
1085 3260 1189 3308 amator
1204 3258 1255 3309 sihi
1279 3259 1339 3322 ipse

252 3333 305 3382 Sat.
319 3330 348 3390 4,
367 3330 396 3391 6,
415 3329 472 3380 titt.
814 3332 974 3392 consciscat,
993 3329 1074 3382 nolim
1091 3333 1260 3397 interpretari
1274 3345 1340 3382 cum

283 3403 406 3456 nuntii.
427 3404 530 3470 Pimic]
543 3407 574 3456 In
590 3407 688 3458 Piceno
706 3409 778 3471 opti·
814 3406 963 3468 Boettigsro
991 3407 1088 3469 opusc.
1115 3409 1135 3457 1.
1164 3420 1191 3472 p.
1217 3409 1276 3459 nii.
1307 3435 1337 3446 -—

251 3492 296 3530 ma
323 3479 381 3543 pira
409 3481 437 3529 et
465 3493 546 3544 poma
572 3480 776 3544 proveniebant.
813 3481 895 3542 ionem
902 3479 987 3542 plodio
995 3479 1054 3543 ren]
1065 3481 1271 3544 Pythagoricum
1280 3483 1340 3531 erat

252 3555 348 3615 Seii,
366 3552 394 3614 i,
413 3555 454 3604 70.
481 3556 633 3616 Iuventi,
652 3555 700 3608 ii:
727 3556 779 3607 Δο-
814 3551 982 3615 symbolum:
1000 3551 1200 3626 πῦρμαχσλρᾳ
1210 3551 1341 3620 μῆσκα-

250 3628 322 3677 mulo
340 3627 436 3678 Ρίαααίε
457 3633 481 3678 el
501 3629 585 3679 odoris
604 3631 676 3681 mulo
689 3645 779 3681 recen-
813 3623 905 3677 isiae
932 3628 1050 3690 (Diogen.
1069 3631 1155 3680 Laeti.
1179 3631 1210 3691 8,
1238 3630 1268 3680 i'l
1294 3642 1338 3693 sq

252 3703 292 3752 tia.
306 3727 335 3738 -·
349 3703 469 3764 percusti]
482 3703 557 3754 conl.
570 3718 596 3753 v.
610 3706 667 3754 469.
683 3707 777 3756 -loci
813 3703 907 3753 Athen.
926 3703 957 3752 ll.
979 3702 1036 3754 iet.
1065 3705 1112 3768 d.);
1138 3719 1192 3770 quo
1214 3706 1340 3756 {locatim

253 3787 334 3826 causa
360 3780 482 3826 amantes
508 3790 650 3839 pomorum
674 3781 778 3830 semina
796 3821 797 3826 .
814 3778 953 3840 negatione
970 3777 1075 3830 sublata
1092 3781 1127 3830 ita
1144 3783 1238 3843 utitur,
1261 3785 1341 3846 quasi

252 3849 306 3900 udn
328 3847 444 3900 duorum
465 3851 613 3914 primorum
636 3853 779 3916 digitomm
814 3853 897 3904 dicat:
922 3853 1015 3903 «turba
1033 3856 1061 3904 et
1083 3856 1215 3919 permisce
1232 3858 1338 3917 omnia;

254 3935 412 3986 compressu
428 3926 456 3974 et
477 3925 594 3989 impulsu
616 3928 677 3978 ideo
693 3930 722 3978 in
739 3929 779 3980 al-
814 3928 923 3978 insanos
940 3928 1044 3978 concita
1061 3928 1215 3986 tumultus.»
1230 3955 1258 3966 -
1269 3943 1342 3980 scru-

254 3998 312 4048 tum
322 3995 449 4060 agebant,
462 4000 493 4048 ut
504 3998 577 4062 inde,
590 4001 613 4051 si
621 4003 724 4054 semina
736 4001 778 4054 illa
813 4007 878 4052 ture.
906 4003 996 4064 Modo,
1022 4004 1139 4066 iqum,
1164 4004 1275 4069 licdadc]
1296 4007 1341 4057 sic

255 4071 290 4121 ad
305 4084 436 4121 conteram
447 4070 590 4134 (conclavis
605 4073 723 4139 laquear)
736 4088 780 4128 us·
814 4077 919 4129 distinxi
932 4089 994 4128 cum
1005 4077 1123 4130 Bentleio
1134 4077 1254 4142 aliisque.
1280 4079 1342 4130 Ete-

256 4159 309 4209 que
332 4143 512 4206 exsiluisscnt,
538 4146 655 4200 lausum
679 4151 779 4202 amoris
815 4153 883 4215 nim,
902 4155 1046 4217 postquam
1061 4167 1104 4204 vr.
1117 4154 1238 4204 sii-iic.
1252 4152 1343 4205 stulti-

255 4221 298 4272 sui
318 4221 458 4285 augurium
474 4223 611 4286 caperent.
640 4223 731 4276 Pollux
747 4225 777 4290 9,
815 4227 882 4288 tiae,
905 4227 954 4278 sed
972 4229 1063 4278 tamen
1079 4229 1227 4279 innocentis
1245 4241 1342 4280 exem-
