2925 4892
629 321 760 373 nontin
776 320 958 373 sarlatium

645 830 856 895 ΕΔΜ
883 830 943 893 Π·

253 984 505 1051 Ambubaiarum
527 982 677 1069 collegia,
702 980 988 1070 pharmacopolae,

253 1105 405 1184 Mendici,
429 1105 561 1181 mimae,
585 1102 785 1178 balatrones,
804 1101 872 1181 ¹boc
893 1122 996 1189 genus
1019 1124 1116 1171 omne

254 1228 411 1294 llaestum
433 1247 471 1292 aa
493 1224 662 1291 sollicitum
685 1232 735 1290 est
756 1224 897 1290 cantoris
919 1233 1022 1291 morte
1045 1225 1169 1312 Tigelli:

286 1436 317 1484 ll.
354 1434 454 1483 satirae
472 1432 551 1481 huius
569 1432 651 1481 cardo
667 1432 781 1481 vertam
815 1430 895 1480 idua
916 1431 961 1480 der
976 1432 1107 1481 Meneclem
1127 1433 1155 1480 ia
1176 1433 1232 1481 dem
1248 1433 1345 1482 (ἴσως

253 1508 280 1557 in
297 1520 323 1557 v.
342 1506 387 1557 il:
414 1508 483 1556 llam
506 1507 588 1555 uitam
611 1506 680 1555 stulti
700 1506 778 1566 vitia,
816 1504 1345 1556 aadeaettoetatactaadaberdeaw

253 1582 280 1630 ia
297 1580 428 1630 castraria
444 1586 562 1639 mmmm
582 1581 657 1631 cuius
668 1580 780 1629 seuten—
815 1578 916 1627 maun
932 1578 1084 1629 Gascbmaclr
1100 1579 1185 1629 daria.
1204 1581 1256 1641 W.)
1291 1582 1346 1631 Pa·

254 1656 307 1705 tiaa
324 1656 397 1705 varia
410 1654 531 1719 exempla
544 1667 606 1705 cum
623 1654 781 1719 proposuis-
816 1664 878 1702 rum
894 1650 1041 1715 probabilis
1058 1654 1100 1703 est
1113 1652 1300 1704 Walclrenaeri
1312 1655 1342 1716 ll.

254 1732 297 1780 set
307 1744 350 1780 vv.
365 1730 448 1792 4-27,
466 1731 532 1789 iam,
551 1732 581 1779 ut
592 1728 706 1779 eandem
718 1740 782 1778 con·
815 1742 842 1791 p.
856 1726 1082 1790 aesculapium,
1097 1729 1273 1791 praecipuum
1284 1730 1344 1779 llo-

255 1805 344 1854 lirmet
354 1806 434 1867 atque
446 1803 542 1855 clarius
553 1802 673 1863 illustret,
686 1804 782 1853 transit
817 1802 875 1851 retii
892 1799 1032 1851 consilium
1043 1801 1139 1862 luisse,
1158 1804 1188 1852 ut
1199 1801 1297 1853 acerbe
1309 1803 1347 1852 ir-

256 1877 291 1928 ad
316 1877 479 1929 deridendos
504 1879 687 1927 matronarum
705 1890 782 1927 moe·
817 1874 918 1924 rideret
934 1888 988 1924 non
1000 1875 1088 1939 ipsum
1099 1874 1210 1938 quidem
1221 1877 1346 1926 Octavia-

255 1952 334 2012 cbos,
356 1954 489 2002 amatores
506 1950 690 2000 libertinarum
707 1952 780 2000 domi
817 1962 880 1998 uum
900 1949 959 2011 (bac
976 1949 1048 1999 enim
1065 1950 1144 1999 niueis
1161 1948 1346 2013 periculosum

255 2038 320 2076 suae
348 2024 503 2087 degentium
531 2038 563 2075 ac
591 2038 640 2075 suo
666 2038 780 2088 corpore
817 2022 935 2071 laturum
958 2021 1047 2083 luisse)
1072 2026 1099 2072 at
1120 2022 1263 2087 plerosque
1284 2025 1346 2074 eius

255 2102 397 2163 quaestum
406 2112 512 2163 sucpro
520 2098 604 2149 lubitu
616 2098 779 2161 iacientium,
817 2096 932 2157 amicos,
967 2097 1160 2160 Cupiennium,
1195 2097 1341 2148 &laeuum

255 2174 418 2223 adventuros
452 2174 568 2237 denique
606 2173 780 2224 meretricum
816 2172 957 2231 minorem,
970 2170 1093 2233 Galbam,
1107 2171 1227 2233 Villium,
1246 2174 1343 2223 Cerin-

254 2246 401 2310 volgarium
412 2249 439 2297 et
455 2260 470 2296 a
487 2246 628 2299 lenonibus
645 2248 781 2299 interdum
817 2246 906 2306 thum,
919 2247 1101 2296 Maecenatem
1110 2245 1161 2296 sub
1172 2246 1234 2296 ficto
1246 2246 1346 2297 Maltini

255 2320 298 2370 vel
316 2322 474 2371 nutritorum
492 2322 590 2385 (laven.
603 2323 633 2382 6,
658 2322 719 2372 320:
744 2323 781 2372 le·
818 2320 934 2369 nomina.
949 2321 1049 2369 Franke
1062 2334 1088 2384 p.
1102 2320 1143 2370 89.
1154 2321 1225 2371 hanc
1233 2321 1346 2371 satiram

254 2408 349 2445 naama
359 2395 495 2459 anetum),
509 2394 551 2445 vel
562 2398 665 2447 tantum
675 2396 725 2448 sub
735 2410 783 2447 no-
817 2394 852 2443 ad
863 2407 888 2442 a.
898 2393 956 2444 att.
966 2393 1049 2443 refert
1060 2395 1088 2444 et
1095 2396 1216 2445 omnium
1227 2396 1345 2459 primam

257 2472 327 2520 ctera
339 2469 373 2519 ad
383 2468 578 2531 quaesticulum
590 2470 742 2521 iaciendum
754 2472 780 2521 in
817 2468 930 2519 tortasse
940 2480 1002 2519 esse
1010 2469 1082 2528 dicit,
1093 2470 1270 2533 compositam
1280 2473 1346 2520 anic

256 2542 329 2593 cellis
340 2542 375 2592 ab
391 2542 441 2594 illis
452 2543 592 2595 conductis
607 2548 780 2610 exceptamm
818 2543 961 2592 amicitiam
973 2556 1036 2593 cum
1050 2544 1204 2593 Maecenate
1215 2544 1344 2594 iunctam.

258 2614 356 2681 (iuven.
367 2618 391 2679 6,
403 2618 462 2668 iai:
475 2618 627 2669 kamaram
638 2620 691 2669 iam
699 2620 783 2669 dimit—
817 2615 923 2667 Scilicet
933 2618 956 2667 is
968 2629 1076 2680 quoque
1085 2618 1112 2667 in
1124 2614 1229 2667 Maltino
1240 2619 1348 2669 Maece-

255 2692 430 2755 teutcpueltos.
433 2692 579 2757 ),atquead
587 2694 695 2759 triplicis
702 2696 781 2746 buius
817 2694 907 2741 uatem
922 2692 994 2754 tangi
1011 2692 1146 2755 opinatur,
1165 2705 1218 2755 qua
1235 2692 1270 2742 de
1286 2694 1347 2757 opi-

256 2768 362 2829 generis
386 2770 564 2818 scortatorum
589 2782 701 2833 parem,
731 2771 782 2820 etsi
817 2768 897 2816 aione
919 2776 1030 2829 prorsus
1052 2764 1222 2829 improbabili
1247 2769 1345 2830 postea

257 2840 390 2891 diversam
414 2841 550 2892 stultitiam
570 2842 779 2905 traducendam,
817 2840 991 2891 disseremus.
1033 2841 1088 2889 lam
1111 2853 1182 2890 anno
1205 2840 1262 2889 743.
1282 2854 1347 2891 eam

257 2916 291 2963 ita
309 2916 412 2973 tamen,
431 2918 461 2963 ut
476 2914 586 2965 iuvenes
597 2918 780 2981 maximopere
818 2915 945 2978 scriptam
967 2915 1043 2977 palat
1059 2914 1203 2964 Grotelend
1219 2914 1343 2977 Sciriltat.

257 2988 292 3038 ab
315 2986 452 3037 adulteriis
474 3001 537 3039 cum
559 2992 687 3041 matronis
705 3004 781 3042 com·
817 2988 908 3050 Loatb.
926 2988 950 3037 d.
967 2987 998 3037 ll.
1013 3000 1039 3051 p.
1053 2988 1077 3036 9.
1090 2988 1131 3038 29,
1168 2988 1280 3039 Franlrio
1296 3002 1347 3039 ac-

257 3061 394 3112 mittendis
406 3062 571 3115 dehortetur.
602 3066 659 3125 Quo
671 3066 781 3129 quidem
818 3062 891 3112 cedit
901 3060 1003 3112 Weber
1019 3074 1046 3125 p.
1067 3061 1123 3111 tac.

257 3137 283 3185 in
301 3138 458 3198 argumenta
470 3150 523 3187 nou
534 3139 591 3188 sine
604 3137 702 3190 lasciva
714 3153 782 3204 qua-
852 3138 875 3186 t.
888 3135 1097 3199 Ambubaiarum]
1111 3134 1292 3187 «Ambubaiae
1304 3137 1345 3187 di-

257 3208 321 3260 dam
331 3209 475 3273 petulantia
486 3210 597 3263 liberius
609 3216 780 3278 exspatiatum
818 3216 916 3263 cuntur
926 3210 1053 3263 mulieres
1065 3212 1187 3263 tibicines
1198 3212 1286 3277 lingua
1295 3216 1345 3277 Sy-

257 3284 285 3334 id
303 3284 376 3347 quod
398 3286 488 3348 negari
512 3288 617 3349 nequit,
645 3301 696 3338 nec
716 3302 781 3339 vero
818 3300 911 3337 rorum
933 3301 949 3336 a
971 3300 997 3337 v.
1017 3285 1094 3348 abab,
1121 3286 1224 3349 amburi,
1252 3289 1343 3339 tibia.»

257 3358 292 3408 ab
311 3358 355 3420 iis,
381 3360 426 3423 qui
444 3358 538 3422 Plauti,
565 3360 668 3423 Lucilii,
688 3362 782 3413 Catulli
818 3364 910 3411 Senon.
952 3361 1020 3411 Cum
1044 3362 1133 3411 scortis
1157 3362 1346 3413 consociantur

256 3432 356 3485 similes
379 3436 452 3485 locos
477 3437 660 3499 meminerint,
687 3452 783 3503 repre·
818 3435 889 3500 apud
913 3436 985 3485 Suet.
1009 3437 1070 3486 Ner.
1095 3437 1135 3485 27.
1161 3438 1217 3486 lur.
1236 3437 1267 3498 3,
1291 3438 1344 3487 62:

257 3508 337 3559 bandi
349 3509 439 3560 debet.
459 3512 545 3573 Atque
557 3512 609 3561 boc
621 3512 708 3576 ipsum
720 3526 782 3577 pro-
815 3512 871 3560 lam
883 3511 983 3573 padam
1001 3510 1074 3575 (inde
1092 3524 1107 3560 a
1125 3511 1231 3561 devicto
1249 3512 1345 3561 Antio·

256 3584 356 3634 terrina
379 3587 566 3647 argumentum
588 3586 680 3649 utique
702 3586 781 3650 longe
818 3586 882 3644 cbo,
902 3586 956 3635 Liv.
975 3584 1020 3646 39,
1039 3585 1073 3645 6.)
1097 3585 1179 3646 sana
1193 3585 1221 3633 ia
1240 3584 1346 3634 Tiberim

256 3655 410 3706 uberiorem
428 3655 531 3707 ridiculi
552 3660 691 3709 materiem
714 3665 781 3724 poe-
817 3660 922 3723 depavit
934 3660 1038 3708 &aaut
1053 3660 1087 3708 lit
1097 3659 1211 3722 linguam
1227 3664 1251 3709 et
1263 3672 1347 3708 morea

257 3732 299 3778 tae
317 3727 479 3793 praebebat,
499 3743 580 3794 quam
593 3733 615 3781 si
625 3734 688 3795 past
698 3746 723 3783 v.
737 3734 778 3784 27.
817 3739 841 3784 at
856 3746 914 3782 cum
930 3732 1028 3782 tibicine
1044 3733 1151 3783 caeram
1165 3732 1285 3795 Obliquus
1299 3746 1346 3783 aec

256 3801 331 3866 plura
349 3805 488 3865 praeterea
501 3807 695 3856 contrariorum
707 3808 782 3857 vitio
816 3822 868 3857 aon
883 3808 986 3871 perdita
1003 3811 1127 3869 tympana
1142 3820 1226 3857 tecum
1240 3808 1311 3857 iecit
1322 3813 1345 3857 et

257 3890 317 3926 rum
335 3875 456 3941 exempla
474 3876 578 3941 aliaque
596 3878 719 3931 stultitiae
737 3895 782 3944 ge-
817 3883 851 3931 ad
863 3881 1295 3944 Circumiurtusprostarepuetlaa.
1313 3907 1342 3917 -

257 3962 334 4009 nera,
353 3950 528 4001 ambitionem
544 3954 607 4015 puta
625 3952 667 4003 vel
688 3958 780 4005 trucu-
817 3957 931 4019 collegia]
950 3957 1054 4016 iocose,
1073 3958 1150 4021 quasi
1167 3957 1263 4007 harum
1281 3968 1345 4007 mu-

256 4023 377 4083 lentiam,
400 4026 512 4075 tractare
525 4028 696 4091 perrexisset.
716 4029 781 4093 (liei-
817 4029 988 4081 liercularum
1009 4044 1117 4095 greges,
1145 4031 1244 4095 quibus
1263 4043 1346 4094 prae-

255 4098 294 4160 sip
317 4100 393 4161 lividet
415 4100 442 4147 ia
464 4100 543 4151 dieser
567 4102 651 4151 Sotira
675 4118 725 4153 aar
741 4106 781 4154 die
818 4106 895 4155 crant
908 4104 1031 4166 lenones,
1050 4109 1142 4157 essent
1159 4120 1192 4156 er
1212 4107 1246 4156 iis
1261 4104 1346 4155 colle-

257 4172 327 4222 ciao
345 4174 469 4225 Teadcaz:
487 4176 558 4238 Spott
574 4176 635 4227 itbcr
651 4178 691 4228 die
703 4179 779 4229 Thor-
818 4180 866 4242 giis
883 4194 905 4231 s.
926 4179 1059 4232 sodaliciis
1076 4181 1205 4243 QVIBVS,
1225 4182 1306 4229 utest
1319 4180 1344 4231 in
