<?xml version="1.0" encoding="UTF-8"?>
<!DOCTYPE html PUBLIC "-//W3C//DTD XHTML 1.0 Transitional//EN"
    "http://www.w3.org/TR/xhtml1/DTD/xhtml1-transitional.dtd">
<html xmlns="http://www.w3.org/1999/xhtml" xml:lang="en" lang="en">
 <head>
  <title>
</title>
<meta http-equiv="Content-Type" content="text/html;charset=utf-8" />
  <meta name='ocr-system' content='tesseract 3.04.00' />
  <meta name='ocr-capabilities' content='ocr_page ocr_carea ocr_par ocr_line ocrx_word'/>
</head>
<body>
  <div class='ocr_page' id='page_1' title='image "./qhoratiusflaccu03baitgoog/qhoratiusflaccu03baitgoog_0504.png"; bbox 0 0 2925 4892; ppageno 0'>
   <div class='ocr_carea' id='block_1_1' title="bbox 297 350 1027 416">
    <p class='ocr_par' dir='ltr' id='par_1_1' title="bbox 297 350 1027 416">
     <span class='ocr_line' id='line_1_1' title="bbox 297 350 1027 416; baseline -0.014 -3"><span class='ocrx_word' id='word_1_1' title='bbox 297 350 360 416; x_wconf 83' lang='lat' dir='ltr'>sio</span> <span class='ocrx_word' id='word_1_2' title='bbox 659 350 1027 405; x_wconf 83' lang='lat' dir='ltr'>nonarnnmsromnuu</span> 
     </span>
    </p>
   </div>
   <div class='ocr_carea' id='block_1_2' title="bbox 340 506 1366 1205">
    <p class='ocr_par' dir='ltr' id='par_1_2' title="bbox 340 506 1147 597">
     <span class='ocr_line' id='line_1_2' title="bbox 340 506 1147 597; baseline 0.002 -24"><span class='ocrx_word' id='word_1_3' title='bbox 340 508 500 575; x_wconf 89' lang='lat' dir='ltr'>incutiunt</span> <span class='ocrx_word' id='word_1_4' title='bbox 519 508 611 573; x_wconf 90' lang='lat' dir='ltr'>urbis</span> <span class='ocrx_word' id='word_1_5' title='bbox 633 506 848 583; x_wconf 85' lang='lat' dir='ltr'>desiderium,</span> <span class='ocrx_word' id='word_1_6' title='bbox 872 508 982 583; x_wconf 85' lang='lat' dir='ltr'>video,</span> <span class='ocrx_word' id='word_1_7' title='bbox 1006 518 1039 574; x_wconf 92' lang='lat' dir='ltr'><strong>et</strong></span> <span class='ocrx_word' id='word_1_8' title='bbox 1059 510 1147 597; x_wconf 85' lang='lat' dir='ltr'>quod</span> 
     </span>
    </p>

    <p class='ocr_par' dir='ltr' id='par_1_3' title="bbox 340 629 1144 718">
     <span class='ocr_line' id='line_1_3' title="bbox 340 629 1144 718; baseline 0.002 -23"><span class='ocrx_word' id='word_1_9' title='bbox 340 630 482 717; x_wconf 77' lang='lat' dir='ltr'>Anguius</span> <span class='ocrx_word' id='word_1_10' title='bbox 505 630 564 695; x_wconf 87' lang='lat' dir='ltr'>iste</span> <span class='ocrx_word' id='word_1_11' title='bbox 587 630 667 697; x_wconf 87' lang='lat' dir='ltr'>ieret</span> <span class='ocrx_word' id='word_1_12' title='bbox 687 629 783 718; x_wconf 82' lang='lat' dir='ltr'>piper</span> <span class='ocrx_word' id='word_1_13' title='bbox 803 640 837 696; x_wconf 88' lang='lat' dir='ltr'><strong>et</strong></span> <span class='ocrx_word' id='word_1_14' title='bbox 857 629 931 695; x_wconf 90' lang='lat' dir='ltr'>thus</span> <span class='ocrx_word' id='word_1_15' title='bbox 952 629 1045 696; x_wconf 89' lang='lat' dir='ltr'>ocius</span> <span class='ocrx_word' id='word_1_16' title='bbox 1066 651 1144 707; x_wconf 87' lang='lat' dir='ltr'>uva,</span> 
     </span>
    </p>

    <p class='ocr_par' dir='ltr' id='par_1_4' title="bbox 342 750 1140 839">
     <span class='ocr_line' id='line_1_4' title="bbox 342 750 1140 839; baseline -0.001 -21"><span class='ocrx_word' id='word_1_17' title='bbox 342 753 408 818; x_wconf 91' lang='lat' dir='ltr'><strong>Nec</strong></span> <span class='ocrx_word' id='word_1_18' title='bbox 429 752 535 818; x_wconf 87' lang='lat' dir='ltr'>vicina</span> <span class='ocrx_word' id='word_1_19' title='bbox 557 750 671 819; x_wconf 88' lang='lat' dir='ltr'>subest</span> <span class='ocrx_word' id='word_1_20' title='bbox 691 751 801 817; x_wconf 92' lang='lat' dir='ltr'>vinum</span> <span class='ocrx_word' id='word_1_21' title='bbox 822 750 983 839; x_wconf 88' lang='lat' dir='ltr'>praebere</span> <span class='ocrx_word' id='word_1_22' title='bbox 1004 751 1140 819; x_wconf 81' lang='lat' dir='ltr'><strong>taberna</strong></span> 
     </span>
    </p>

    <p class='ocr_par' dir='ltr' id='par_1_5' title="bbox 340 872 1366 1205">
     <span class='ocr_line' id='line_1_5' title="bbox 340 872 1366 961; baseline -0.002 -21"><span class='ocrx_word' id='word_1_23' title='bbox 340 874 431 953; x_wconf 87' lang='lat' dir='ltr'><strong>Quae</strong></span> <span class='ocrx_word' id='word_1_24' title='bbox 453 872 555 961; x_wconf 84' lang='lat' dir='ltr'><strong>possit</strong></span> <span class='ocrx_word' id='word_1_25' title='bbox 577 872 648 950; x_wconf 91' lang='lat' dir='ltr'>tibi,</span> <span class='ocrx_word' id='word_1_26' title='bbox 673 892 735 940; x_wconf 89' lang='lat' dir='ltr'><strong>neo</strong></span> <span class='ocrx_word' id='word_1_27' title='bbox 754 873 908 939; x_wconf 79' lang='lat' dir='ltr'><strong>meretrix</strong></span> <span class='ocrx_word' id='word_1_28' title='bbox 929 873 1075 951; x_wconf 82' lang='lat' dir='ltr'>tibicina,</span> <span class='ocrx_word' id='word_1_29' title='bbox 1098 874 1192 941; x_wconf 86' lang='lat' dir='ltr'>cuins</span> <span class='ocrx_word' id='word_1_30' title='bbox 1332 876 1366 939; x_wconf 82' lang='grc'><strong>45</strong></span> 
     </span>
     <span class='ocr_line' id='line_1_6' title="bbox 340 993 1273 1084; baseline 0.001 -23"><span class='ocrx_word' id='word_1_31' title='bbox 340 994 388 1061; x_wconf 79' lang='lat' dir='ltr'><strong>Ad</strong></span> <span class='ocrx_word' id='word_1_32' title='bbox 410 995 578 1083; x_wconf 82' lang='lat' dir='ltr'>strepitum</span> <span class='ocrx_word' id='word_1_33' title='bbox 600 993 697 1061; x_wconf 88' lang='lat' dir='ltr'>salias</span> <span class='ocrx_word' id='word_1_34' title='bbox 719 1004 827 1061; x_wconf 89' lang='lat' dir='ltr'>terrae</span> <span class='ocrx_word' id='word_1_35' title='bbox 848 994 972 1082; x_wconf 79' lang='lat' dir='ltr'>gravis:</span> <span class='ocrx_word' id='word_1_36' title='bbox 995 1004 1157 1063; x_wconf 89' lang='lat' dir='ltr'>ettamen</span> <span class='ocrx_word' id='word_1_37' title='bbox 1177 1016 1273 1084; x_wconf 77' lang='lat' dir='ltr'>urges</span> 
     </span>
     <span class='ocr_line' id='line_1_7' title="bbox 340 1115 1215 1205; baseline 0.003 -24"><span class='ocrx_word' id='word_1_38' title='bbox 340 1116 535 1205; x_wconf 79' lang='lat' dir='ltr'>Iampridem</span> <span class='ocrx_word' id='word_1_39' title='bbox 557 1138 621 1205; x_wconf 89' lang='lat' dir='ltr'><strong>non</strong></span> <span class='ocrx_word' id='word_1_40' title='bbox 642 1126 726 1183; x_wconf 89' lang='lat' dir='ltr'>tacta</span> <span class='ocrx_word' id='word_1_41' title='bbox 747 1115 910 1203; x_wconf 82' lang='lat' dir='ltr'>ligonibus</span> <span class='ocrx_word' id='word_1_42' title='bbox 931 1136 1009 1182; x_wconf 90' lang='lat' dir='ltr'>arva</span> <span class='ocrx_word' id='word_1_43' title='bbox 1030 1115 1215 1205; x_wconf 85' lang='lat' dir='ltr'>bovemque</span> 
     </span>
    </p>
   </div>
   <div class='ocr_carea' id='block_1_3' title="bbox 331 1352 1341 1493">
    <p class='ocr_par' dir='ltr' id='par_1_6' title="bbox 331 1352 1341 1493">
     <span class='ocr_line' id='line_1_8' title="bbox 362 1352 1341 1418; baseline 0.001 -16"><span class='ocrx_word' id='word_1_44' title='bbox 362 1352 403 1402; x_wconf 73' lang='grc'><strong>43.</strong></span> <span class='ocrx_word' id='word_1_45' title='bbox 422 1358 462 1403; x_wconf 83' lang='lat' dir='ltr'><strong>tur</strong></span> <span class='ocrx_word' id='word_1_46' title='bbox 477 1353 506 1403; x_wconf 88' lang='lat' dir='ltr'><strong>E.</strong></span> <span class='ocrx_word' id='word_1_47' title='bbox 528 1376 556 1389; x_wconf 93' lang='lat'><em>-</em></span> <span class='ocrx_word' id='word_1_48' title='bbox 575 1352 615 1401; x_wconf 76' lang='lat'><strong>26.</strong></span> <span class='ocrx_word' id='word_1_49' title='bbox 633 1364 727 1415; x_wconf 78' lang='lat' dir='ltr'>urquee</span> <span class='ocrx_word' id='word_1_50' title='bbox 742 1352 772 1402; x_wconf 85' lang='lat' dir='ltr'><strong>E.</strong></span> <span class='ocrx_word' id='word_1_51' title='bbox 787 1378 816 1389; x_wconf 88' lang='lat'><em>-</em></span> <span class='ocrx_word' id='word_1_52' title='bbox 828 1352 870 1403; x_wconf 75' lang='lat'><strong>28.</strong></span> <span class='ocrx_word' id='word_1_53' title='bbox 883 1352 1035 1402; x_wconf 84' lang='lat' dir='ltr'>Deiuuotum</span> <span class='ocrx_word' id='word_1_54' title='bbox 1050 1355 1114 1403; x_wconf 78' lang='lat' dir='ltr'><strong>Lex</strong></span> <span class='ocrx_word' id='word_1_55' title='bbox 1131 1357 1255 1418; x_wconf 88' lang='lat' dir='ltr'>quattuor</span> <span class='ocrx_word' id='word_1_56' title='bbox 1271 1354 1341 1404; x_wconf 85' lang='lat' dir='ltr'>codi-</span> 
     </span>
     <span class='ocr_line' id='line_1_9' title="bbox 331 1426 1339 1493; baseline 0.002 -17"><span class='ocrx_word' id='word_1_57' title='bbox 331 1426 416 1477; x_wconf 85' lang='lat' dir='ltr'>cibus.</span> <span class='ocrx_word' id='word_1_58' title='bbox 437 1428 477 1491; x_wconf 83' lang='lat' dir='ltr'><strong>(Ut</strong></span> <span class='ocrx_word' id='word_1_59' title='bbox 488 1438 549 1487; x_wconf 73' lang='lat' dir='ltr'>not,</span> <span class='ocrx_word' id='word_1_60' title='bbox 570 1428 651 1477; x_wconf 86' lang='lat' dir='ltr'>nostri</span> <span class='ocrx_word' id='word_1_61' title='bbox 669 1429 696 1477; x_wconf 90' lang='lat' dir='ltr'><strong>et</strong></span> <span class='ocrx_word' id='word_1_62' title='bbox 714 1428 883 1491; x_wconf 84' lang='lat' dir='ltr'>Pottieriani.)</span> <span class='ocrx_word' id='word_1_63' title='bbox 902 1456 932 1465; x_wconf 92' lang='lat'><em>-</em></span> <span class='ocrx_word' id='word_1_64' title='bbox 949 1428 1035 1491; x_wconf 80' lang='lat' dir='ltr'>euptea</span> <span class='ocrx_word' id='word_1_65' title='bbox 1050 1442 1189 1493; x_wconf 83' lang='lat' dir='ltr'>superscr.</span> <span class='ocrx_word' id='word_1_66' title='bbox 1206 1431 1289 1492; x_wconf 76' lang='grc'><strong>44444444</strong></span> <span class='ocrx_word' id='word_1_67' title='bbox 1303 1430 1339 1480; x_wconf 88' lang='lat' dir='ltr'><strong>ed.</strong></span> 
     </span>
    </p>
   </div>
   <div class='ocr_carea' id='block_1_4' title="bbox 298 1602 1429 4278">
    <p class='ocr_par' dir='ltr' id='par_1_7' title="bbox 298 1602 1429 3160">
     <span class='ocr_line' id='line_1_10' title="bbox 299 1602 1365 1669; baseline 0.001 -14"><span class='ocrx_word' id='word_1_68' title='bbox 299 1602 379 1655; x_wconf 85' lang='lat' dir='ltr'>Lucii.</span> <span class='ocrx_word' id='word_1_69' title='bbox 394 1606 423 1667; x_wconf 99' lang='grc'><strong>4,</strong></span> <span class='ocrx_word' id='word_1_70' title='bbox 444 1605 474 1655; x_wconf 85' lang='grc'><strong>49</strong></span> <span class='ocrx_word' id='word_1_71' title='bbox 493 1602 569 1667; x_wconf 84' lang='lat' dir='ltr'>(Geni.</span> <span class='ocrx_word' id='word_1_72' title='bbox 583 1618 610 1669; x_wconf 91' lang='lat' dir='ltr'><strong>p.</strong></span> <span class='ocrx_word' id='word_1_73' title='bbox 624 1604 673 1667; x_wconf 85' lang='grc'><strong>4.);</strong></span> <span class='ocrx_word' id='word_1_74' title='bbox 691 1606 823 1669; x_wconf 69' lang='lat' dir='ltr'>tusorum,</span> <span class='ocrx_word' id='word_1_75' title='bbox 859 1605 1012 1669; x_wconf 72' lang='grc'><strong>0444444444.</strong></span> <span class='ocrx_word' id='word_1_76' title='bbox 1031 1606 1197 1657; x_wconf 68' lang='lat' dir='ltr'>introibit.</span> <span class='ocrx_word' id='word_1_77' title='bbox 1211 1609 1221 1658; x_wconf 91' lang='grc'><strong>4</strong></span> <span class='ocrx_word' id='word_1_78' title='bbox 1234 1644 1240 1667; x_wconf 98' lang='grc'><strong>,</strong></span> <span class='ocrx_word' id='word_1_79' title='bbox 1252 1608 1278 1668; x_wconf 76' lang='grc'><strong>4,</strong></span> <span class='ocrx_word' id='word_1_80' title='bbox 1294 1607 1330 1656; x_wconf 80' lang='lat' dir='ltr'><strong>tt.</strong></span> <span class='ocrx_word' id='word_1_81' title='bbox 1343 1633 1365 1641; x_wconf 84' lang='lat'><em>-</em></span> 
     </span>
     <span class='ocr_line' id='line_1_11' title="bbox 298 1679 1429 1744; baseline 0 -15"><span class='ocrx_word' id='word_1_82' title='bbox 298 1681 454 1731; x_wconf 74' lang='lat' dir='ltr'>immemorem</span> <span class='ocrx_word' id='word_1_83' title='bbox 478 1686 624 1742; x_wconf 78' lang='lat' dir='ltr'>turpemque</span> <span class='ocrx_word' id='word_1_84' title='bbox 648 1680 728 1729; x_wconf 78' lang='grc'><strong>4444444</strong></span> <span class='ocrx_word' id='word_1_85' title='bbox 749 1681 825 1741; x_wconf 79' lang='lat' dir='ltr'>popt-</span> <span class='ocrx_word' id='word_1_86' title='bbox 861 1680 973 1744; x_wconf 82' lang='grc'><strong>4444444444]</strong></span> <span class='ocrx_word' id='word_1_87' title='bbox 990 1682 1021 1729; x_wconf 87' lang='lat' dir='ltr'><strong>ut</strong></span> <span class='ocrx_word' id='word_1_88' title='bbox 1041 1679 1084 1729; x_wconf 90' lang='lat' dir='ltr'>iiia</span> <span class='ocrx_word' id='word_1_89' title='bbox 1102 1682 1172 1743; x_wconf 81' lang='lat' dir='ltr'>Capu</span> <span class='ocrx_word' id='word_1_90' title='bbox 1193 1682 1292 1742; x_wconf 70' lang='lat' dir='ltr'>syrtuu</span> <span class='ocrx_word' id='word_1_91' title='bbox 1305 1686 1367 1742; x_wconf 81' lang='lat' dir='ltr'>ceput</span> <span class='ocrx_word' id='word_1_92' title='bbox 1428 1741 1429 1744; x_wconf 8' lang='grc' dir='ltr'><strong>Ἴ</strong></span> 
     </span>
     <span class='ocr_line' id='line_1_12' title="bbox 298 1752 1365 1817; baseline -0.003 -12"><span class='ocrx_word' id='word_1_93' title='bbox 298 1768 366 1805; x_wconf 85' lang='lat' dir='ltr'>uum.</span> <span class='ocrx_word' id='word_1_94' title='bbox 394 1780 423 1793; x_wconf 92' lang='lat'>-</span> <span class='ocrx_word' id='word_1_95' title='bbox 447 1756 580 1817; x_wconf 81' lang='grc'><strong>4444444444]</strong></span> <span class='ocrx_word' id='word_1_96' title='bbox 602 1756 632 1803; x_wconf 95' lang='lat' dir='ltr'><strong>ut</strong></span> <span class='ocrx_word' id='word_1_97' title='bbox 648 1752 710 1803; x_wconf 92' lang='lat' dir='ltr'>aiibi</span> <span class='ocrx_word' id='word_1_98' title='bbox 733 1753 826 1803; x_wconf 88' lang='lat' dir='ltr'>dicunt</span> <span class='ocrx_word' id='word_1_99' title='bbox 862 1754 944 1804; x_wconf 80' lang='lat' dir='ltr'>Grata</span> <span class='ocrx_word' id='word_1_100' title='bbox 973 1756 1092 1805; x_wconf 80' lang='lat' dir='ltr'>redimita</span> <span class='ocrx_word' id='word_1_101' title='bbox 1124 1756 1235 1815; x_wconf 80' lang='grc'><strong>44444444,</strong></span> <span class='ocrx_word' id='word_1_102' title='bbox 1262 1760 1288 1806; x_wconf 96' lang='grc'><strong>44</strong></span> <span class='ocrx_word' id='word_1_103' title='bbox 1312 1754 1365 1805; x_wconf 83' lang='lat' dir='ltr'>Cori.</span> 
     </span>
     <span class='ocr_line' id='line_1_13' title="bbox 298 1828 1364 1895; baseline -0.004 -18"><span class='ocrx_word' id='word_1_104' title='bbox 298 1830 409 1881; x_wconf 81' lang='lat' dir='ltr'>incutere</span> <span class='ocrx_word' id='word_1_105' title='bbox 424 1834 529 1891; x_wconf 84' lang='lat' dir='ltr'>metum,</span> <span class='ocrx_word' id='word_1_106' title='bbox 552 1835 685 1890; x_wconf 86' lang='lat' dir='ltr'>terrorem,</span> <span class='ocrx_word' id='word_1_107' title='bbox 707 1829 825 1892; x_wconf 79' lang='grc'><strong>[4444444-</strong></span> <span class='ocrx_word' id='word_1_108' title='bbox 861 1828 993 1879; x_wconf 83' lang='lat' dir='ltr'>Tbeodos.</span> <span class='ocrx_word' id='word_1_109' title='bbox 1012 1830 1046 1890; x_wconf 83' lang='lat' dir='ltr'>a,</span> <span class='ocrx_word' id='word_1_110' title='bbox 1070 1830 1102 1889; x_wconf 80' lang='lat'><strong>7.</strong></span> <span class='ocrx_word' id='word_1_111' title='bbox 1128 1831 1153 1880; x_wconf 94' lang='grc'><strong>4.</strong></span> <span class='ocrx_word' id='word_1_112' title='bbox 1176 1845 1204 1895; x_wconf 93' lang='lat' dir='ltr'><strong>p.</strong></span> <span class='ocrx_word' id='word_1_113' title='bbox 1221 1832 1276 1881; x_wconf 78' lang='lat'>650.</span> <span class='ocrx_word' id='word_1_114' title='bbox 1298 1830 1364 1890; x_wconf 84' lang='lat' dir='ltr'>iiug.:</span> 
     </span>
     <span class='ocr_line' id='line_1_14' title="bbox 298 1902 1368 1967; baseline 0 -14"><span class='ocrx_word' id='word_1_115' title='bbox 298 1917 367 1965; x_wconf 82' lang='grc'><strong>444444,</strong></span> <span class='ocrx_word' id='word_1_116' title='bbox 387 1906 425 1955; x_wconf 89' lang='lat' dir='ltr'>sio</span> <span class='ocrx_word' id='word_1_117' title='bbox 443 1906 470 1954; x_wconf 91' lang='lat' dir='ltr'><strong>h.</strong></span> <span class='ocrx_word' id='word_1_118' title='bbox 484 1902 500 1953; x_wconf 92' lang='grc' dir='ltr'><strong>Ι.</strong></span> <span class='ocrx_word' id='word_1_119' title='bbox 514 1904 547 1955; x_wconf 93' lang='lat' dir='ltr'><strong>de</strong></span> <span class='ocrx_word' id='word_1_120' title='bbox 561 1905 614 1953; x_wconf 89' lang='lat' dir='ltr'>aori</span> <span class='ocrx_word' id='word_1_121' title='bbox 633 1903 779 1962; x_wconf 85' lang='lat' dir='ltr'>desiderio,</span> <span class='ocrx_word' id='word_1_122' title='bbox 795 1904 825 1952; x_wconf 89' lang='lat' dir='ltr'><strong>ut</strong></span> <span class='ocrx_word' id='word_1_123' title='bbox 860 1903 978 1953; x_wconf 81' lang='grc'><strong>4444444444</strong></span> <span class='ocrx_word' id='word_1_124' title='bbox 993 1916 1136 1965; x_wconf 77' lang='lat' dir='ltr'>cauponae,</span> <span class='ocrx_word' id='word_1_125' title='bbox 1160 1919 1225 1967; x_wconf 84' lang='lat' dir='ltr'>quoe</span> <span class='ocrx_word' id='word_1_126' title='bbox 1239 1906 1368 1967; x_wconf 74' lang='lat' dir='ltr'>plerunque</span> 
     </span>
     <span class='ocr_line' id='line_1_15' title="bbox 299 1977 1429 2042; baseline -0.001 -15"><span class='ocrx_word' id='word_1_127' title='bbox 299 1980 404 2029; x_wconf 88' lang='lat' dir='ltr'>Lueret.</span> <span class='ocrx_word' id='word_1_128' title='bbox 427 1980 455 2039; x_wconf 93' lang='grc'><strong>4,</strong></span> <span class='ocrx_word' id='word_1_129' title='bbox 482 1978 528 2027; x_wconf 72' lang='grc'><strong>494</strong></span> <span class='ocrx_word' id='word_1_130' title='bbox 557 1979 675 2029; x_wconf 80' lang='grc'><strong>0444444444</strong></span> <span class='ocrx_word' id='word_1_131' title='bbox 704 1980 826 2028; x_wconf 84' lang='grc'><strong>4444444444</strong></span> <span class='ocrx_word' id='word_1_132' title='bbox 860 1977 917 2037; x_wconf 80' lang='lat' dir='ltr'>ipsc</span> <span class='ocrx_word' id='word_1_133' title='bbox 935 1978 1083 2039; x_wconf 76' lang='lat' dir='ltr'>potentibus</span> <span class='ocrx_word' id='word_1_134' title='bbox 1104 1978 1368 2042; x_wconf 65' lang='lat' dir='ltr'>intemperantiam</span> <span class='ocrx_word' id='word_1_135' title='bbox 1428 1979 1429 1982; x_wconf 75' lang='grc'>’</span> 
     </span>
     <span class='ocr_line' id='line_1_16' title="bbox 299 2052 1368 2119; baseline 0.001 -17"><span class='ocrx_word' id='word_1_136' title='bbox 299 2052 418 2103; x_wconf 82' lang='grc'><strong>4444444444</strong></span> <span class='ocrx_word' id='word_1_137' title='bbox 430 2066 478 2115; x_wconf 77' lang='lat' dir='ltr'><strong>per</strong></span> <span class='ocrx_word' id='word_1_138' title='bbox 485 2057 590 2115; x_wconf 78' lang='grc'><strong>44444444</strong></span> <span class='ocrx_word' id='word_1_139' title='bbox 601 2066 721 2103; x_wconf 86' lang='lat' dir='ltr'>amorem.</span> <span class='ocrx_word' id='word_1_140' title='bbox 738 2080 766 2091; x_wconf 80' lang='lat'>-</span> <span class='ocrx_word' id='word_1_141' title='bbox 775 2052 826 2102; x_wconf 81' lang='grc'><strong>444-</strong></span> <span class='ocrx_word' id='word_1_142' title='bbox 857 2054 975 2115; x_wconf 69' lang='grc'><strong>4444444·</strong></span> <span class='ocrx_word' id='word_1_143' title='bbox 1000 2068 1019 2105; x_wconf 87' lang='grc'><strong>4</strong></span> <span class='ocrx_word' id='word_1_144' title='bbox 1035 2056 1125 2116; x_wconf 80' lang='lat' dir='ltr'>quibus</span> <span class='ocrx_word' id='word_1_145' title='bbox 1139 2057 1238 2119; x_wconf 69' lang='grc'><strong>4444444444</strong></span> <span class='ocrx_word' id='word_1_146' title='bbox 1249 2056 1368 2119; x_wconf 77' lang='grc'><strong>4444444444</strong></span> 
     </span>
     <span class='ocr_line' id='line_1_17' title="bbox 298 2127 1368 2191; baseline 0.003 -14"><span class='ocrx_word' id='word_1_147' title='bbox 298 2127 379 2191; x_wconf 64' lang='lat' dir='ltr'>metus]</span> <span class='ocrx_word' id='word_1_148' title='bbox 399 2128 644 2189; x_wconf 77' lang='lat' dir='ltr'>«quemadmodum</span> <span class='ocrx_word' id='word_1_149' title='bbox 661 2132 689 2177; x_wconf 92' lang='lat' dir='ltr'><strong>tu</strong></span> <span class='ocrx_word' id='word_1_150' title='bbox 702 2129 825 2177; x_wconf 86' lang='lat' dir='ltr'>oontem—</span> <span class='ocrx_word' id='word_1_151' title='bbox 860 2128 928 2177; x_wconf 81' lang='lat' dir='ltr'>ratio</span> <span class='ocrx_word' id='word_1_152' title='bbox 949 2142 1000 2177; x_wconf 78' lang='lat' dir='ltr'>uon</span> <span class='ocrx_word' id='word_1_153' title='bbox 1022 2130 1172 2191; x_wconf 68' lang='lat' dir='ltr'>requiritur.</span> <span class='ocrx_word' id='word_1_154' title='bbox 1194 2159 1221 2167; x_wconf 89' lang='lat'>-</span> <span class='ocrx_word' id='word_1_155' title='bbox 1238 2131 1274 2180; x_wconf 84' lang='grc'><strong>,44</strong></span> <span class='ocrx_word' id='word_1_156' title='bbox 1292 2128 1368 2191; x_wconf 67' lang='lat' dir='ltr'>strepi</span> 
     </span>
     <span class='ocr_line' id='line_1_18' title="bbox 299 2201 1366 2269; baseline 0 -18"><span class='ocrx_word' id='word_1_157' title='bbox 299 2202 365 2266; x_wconf 91' lang='lat' dir='ltr'>ptim</span> <span class='ocrx_word' id='word_1_158' title='bbox 381 2202 483 2251; x_wconf 80' lang='lat' dir='ltr'>vocitas</span> <span class='ocrx_word' id='word_1_159' title='bbox 496 2201 637 2264; x_wconf 78' lang='lat' dir='ltr'>praedium</span> <span class='ocrx_word' id='word_1_160' title='bbox 649 2214 768 2251; x_wconf 77' lang='lat' dir='ltr'>meum.»</span> <span class='ocrx_word' id='word_1_161' title='bbox 781 2202 824 2252; x_wconf 89' lang='lat' dir='ltr'>Sic</span> <span class='ocrx_word' id='word_1_162' title='bbox 861 2202 922 2267; x_wconf 80' lang='grc'><strong>4444]</strong></span> <span class='ocrx_word' id='word_1_163' title='bbox 935 2202 986 2252; x_wconf 81' lang='lat' dir='ltr'>«ad</span> <span class='ocrx_word' id='word_1_164' title='bbox 998 2202 1077 2253; x_wconf 85' lang='lat' dir='ltr'>tibiae</span> <span class='ocrx_word' id='word_1_165' title='bbox 1089 2206 1200 2255; x_wconf 87' lang='lat' dir='ltr'>cantum</span> <span class='ocrx_word' id='word_1_166' title='bbox 1211 2206 1366 2269; x_wconf 77' lang='lat' dir='ltr'>crepitantem</span> 
     </span>
     <span class='ocr_line' id='line_1_19' title="bbox 299 2273 1365 2340; baseline -0.002 -15"><span class='ocrx_word' id='word_1_167' title='bbox 299 2275 422 2325; x_wconf 86' lang='lat' dir='ltr'>Sidonius</span> <span class='ocrx_word' id='word_1_168' title='bbox 432 2273 515 2339; x_wconf 80' lang='lat' dir='ltr'>Apoii.</span> <span class='ocrx_word' id='word_1_169' title='bbox 530 2276 595 2338; x_wconf 87' lang='lat' dir='ltr'>Epp.</span> <span class='ocrx_word' id='word_1_170' title='bbox 609 2275 637 2335; x_wconf 82' lang='lat'><strong>7,</strong></span> <span class='ocrx_word' id='word_1_171' title='bbox 651 2276 697 2334; x_wconf 82' lang='grc'><strong>44,</strong></span> <span class='ocrx_word' id='word_1_172' title='bbox 710 2276 756 2324; x_wconf 72' lang='lat' dir='ltr'><strong>tt:</strong></span> <span class='ocrx_word' id='word_1_173' title='bbox 774 2277 825 2324; x_wconf 80' lang='grc'><strong>444-</strong></span> <span class='ocrx_word' id='word_1_174' title='bbox 861 2278 941 2340; x_wconf 87' lang='lat' dir='ltr'>atque</span> <span class='ocrx_word' id='word_1_175' title='bbox 951 2277 1108 2327; x_wconf 83' lang='lat' dir='ltr'>absonum.»</span> <span class='ocrx_word' id='word_1_176' title='bbox 1140 2279 1180 2329; x_wconf 87' lang='lat' dir='ltr'>Ci.</span> <span class='ocrx_word' id='word_1_177' title='bbox 1195 2280 1242 2329; x_wconf 80' lang='grc'><strong>044,</strong></span> <span class='ocrx_word' id='word_1_178' title='bbox 1254 2278 1280 2337; x_wconf 95' lang='grc'><strong>4,</strong></span> <span class='ocrx_word' id='word_1_179' title='bbox 1297 2277 1322 2335; x_wconf 83' lang='grc'><strong>3,</strong></span> <span class='ocrx_word' id='word_1_180' title='bbox 1334 2276 1365 2325; x_wconf 80' lang='lat' dir='ltr'><strong>tt.</strong></span> 
     </span>
     <span class='ocr_line' id='line_1_20' title="bbox 299 2349 1367 2416; baseline 0.002 -17"><span class='ocrx_word' id='word_1_181' title='bbox 299 2349 372 2413; x_wconf 68' lang='lat' dir='ltr'>quun</span> <span class='ocrx_word' id='word_1_182' title='bbox 393 2350 438 2399; x_wconf 83' lang='grc'><strong>4444</strong></span> <span class='ocrx_word' id='word_1_183' title='bbox 455 2349 539 2411; x_wconf 81' lang='lat' dir='ltr'>placet</span> <span class='ocrx_word' id='word_1_184' title='bbox 557 2350 825 2411; x_wconf 77' lang='lat' dir='ltr'>paupertinusque</span> <span class='ocrx_word' id='word_1_185' title='bbox 863 2378 891 2388; x_wconf 90' lang='lat'>-</span> <span class='ocrx_word' id='word_1_186' title='bbox 908 2352 986 2400; x_wconf 83' lang='grc'><strong>444444</strong></span> <span class='ocrx_word' id='word_1_187' title='bbox 1000 2353 1088 2416; x_wconf 70' lang='grc'><strong>444444</strong></span> <span class='ocrx_word' id='word_1_188' title='bbox 1098 2354 1192 2415; x_wconf 75' lang='lat' dir='ltr'>terroe]</span> <span class='ocrx_word' id='word_1_189' title='bbox 1206 2352 1367 2413; x_wconf 71' lang='grc'><strong>«4414444344-</strong></span> 
     </span>
     <span class='ocr_line' id='line_1_21' title="bbox 298 2424 1367 2490; baseline -0.003 -16"><span class='ocrx_word' id='word_1_190' title='bbox 298 2436 414 2475; x_wconf 79' lang='grc'><strong>44444444.</strong></span> <span class='ocrx_word' id='word_1_191' title='bbox 445 2426 537 2475; x_wconf 88' lang='lat' dir='ltr'>iocose</span> <span class='ocrx_word' id='word_1_192' title='bbox 555 2424 737 2474; x_wconf 89' lang='lat' dir='ltr'>autemdicit:</span> <span class='ocrx_word' id='word_1_193' title='bbox 760 2426 823 2475; x_wconf 80' lang='lat' dir='ltr'>«Sa-</span> <span class='ocrx_word' id='word_1_194' title='bbox 861 2428 932 2474; x_wconf 83' lang='lat' dir='ltr'>atem</span> <span class='ocrx_word' id='word_1_195' title='bbox 955 2426 982 2475; x_wconf 92' lang='lat' dir='ltr'>in</span> <span class='ocrx_word' id='word_1_196' title='bbox 1008 2426 1119 2477; x_wconf 89' lang='lat' dir='ltr'>modum</span> <span class='ocrx_word' id='word_1_197' title='bbox 1144 2430 1244 2479; x_wconf 90' lang='lat' dir='ltr'>terram</span> <span class='ocrx_word' id='word_1_198' title='bbox 1270 2424 1367 2490; x_wconf 84' lang='lat' dir='ltr'>pedibm</span> 
     </span>
     <span class='ocr_line' id='line_1_22' title="bbox 300 2497 1366 2566; baseline -0.003 -17"><span class='ocrx_word' id='word_1_199' title='bbox 300 2500 393 2549; x_wconf 91' lang='lat' dir='ltr'>binum</span> <span class='ocrx_word' id='word_1_200' title='bbox 409 2498 524 2549; x_wconf 84' lang='lat' dir='ltr'>laturum</span> <span class='ocrx_word' id='word_1_201' title='bbox 542 2512 602 2550; x_wconf 87' lang='lat' dir='ltr'>esse</span> <span class='ocrx_word' id='word_1_202' title='bbox 621 2497 721 2549; x_wconf 89' lang='lat' dir='ltr'>iaciiius</span> <span class='ocrx_word' id='word_1_203' title='bbox 742 2500 824 2549; x_wconf 88' lang='lat' dir='ltr'>etiam</span> <span class='ocrx_word' id='word_1_204' title='bbox 860 2498 982 2563; x_wconf 82' lang='lat' dir='ltr'>pulsans,</span> <span class='ocrx_word' id='word_1_205' title='bbox 995 2500 1177 2566; x_wconf 74' lang='lat' dir='ltr'>aebwerfttttiq,</span> <span class='ocrx_word' id='word_1_206' title='bbox 1193 2502 1286 2564; x_wconf 80' lang='lat' dir='ltr'>ptarrup.</span> <span class='ocrx_word' id='word_1_207' title='bbox 1307 2500 1332 2549; x_wconf 82' lang='grc'><strong>4.</strong></span> <span class='ocrx_word' id='word_1_208' title='bbox 1343 2498 1366 2546; x_wconf 84' lang='lat' dir='ltr'><strong>P.</strong></span> 
     </span>
     <span class='ocr_line' id='line_1_23' title="bbox 299 2572 1367 2640; baseline -0.003 -17"><span class='ocrx_word' id='word_1_209' title='bbox 299 2574 376 2640; x_wconf 86' lang='lat' dir='ltr'>piper</span> <span class='ocrx_word' id='word_1_210' title='bbox 387 2576 415 2623; x_wconf 94' lang='lat' dir='ltr'><strong>et</strong></span> <span class='ocrx_word' id='word_1_211' title='bbox 425 2574 487 2623; x_wconf 91' lang='lat' dir='ltr'>thus</span> <span class='ocrx_word' id='word_1_212' title='bbox 500 2586 580 2637; x_wconf 87' lang='lat' dir='ltr'>quam</span> <span class='ocrx_word' id='word_1_213' title='bbox 593 2574 714 2635; x_wconf 68' lang='lat' dir='ltr'>vinump</span> <span class='ocrx_word' id='word_1_214' title='bbox 733 2574 822 2635; x_wconf 85' lang='lat' dir='ltr'>idest,</span> <span class='ocrx_word' id='word_1_215' title='bbox 861 2572 925 2623; x_wconf 79' lang='lat' dir='ltr'>tao:</span> <span class='ocrx_word' id='word_1_216' title='bbox 944 2576 1028 2637; x_wconf 79' lang='lat' dir='ltr'>satiet,</span> <span class='ocrx_word' id='word_1_217' title='bbox 1047 2578 1132 2626; x_wconf 84' lang='grc'><strong>4444444</strong></span> <span class='ocrx_word' id='word_1_218' title='bbox 1139 2579 1205 2639; x_wconf 80' lang='lat' dir='ltr'>pede</span> <span class='ocrx_word' id='word_1_219' title='bbox 1214 2582 1311 2626; x_wconf 80' lang='grc'><strong>44444444.</strong></span> <span class='ocrx_word' id='word_1_220' title='bbox 1327 2573 1367 2622; x_wconf 80' lang='lat' dir='ltr'><strong>ce</strong></span> 
     </span>
     <span class='ocr_line' id='line_1_24' title="bbox 299 2644 1368 2713; baseline -0.004 -16"><span class='ocrx_word' id='word_1_221' title='bbox 299 2649 390 2699; x_wconf 90' lang='lat' dir='ltr'>vinum</span> <span class='ocrx_word' id='word_1_222' title='bbox 412 2660 522 2713; x_wconf 87' lang='lat' dir='ltr'>prorsus</span> <span class='ocrx_word' id='word_1_223' title='bbox 543 2650 668 2711; x_wconf 78' lang='lat' dir='ltr'>negatum</span> <span class='ocrx_word' id='word_1_224' title='bbox 692 2660 753 2699; x_wconf 87' lang='lat' dir='ltr'>esse</span> <span class='ocrx_word' id='word_1_225' title='bbox 776 2648 824 2697; x_wconf 87' lang='lat' dir='ltr'>Sa-</span> <span class='ocrx_word' id='word_1_226' title='bbox 861 2649 949 2698; x_wconf 88' lang='lat' dir='ltr'>terum</span> <span class='ocrx_word' id='word_1_227' title='bbox 961 2648 1113 2700; x_wconf 84' lang='lat' dir='ltr'>huiusmodi</span> <span class='ocrx_word' id='word_1_228' title='bbox 1125 2644 1368 2701; x_wconf 82' lang='lat' dir='ltr'>deiiciaeavtiio&#39;ot</span> 
     </span>
     <span class='ocr_line' id='line_1_25' title="bbox 298 2721 1365 2789; baseline -0.004 -17"><span class='ocrx_word' id='word_1_229' title='bbox 298 2722 376 2784; x_wconf 83' lang='lat' dir='ltr'><strong>bino¹</strong></span> <span class='ocrx_word' id='word_1_230' title='bbox 395 2726 426 2772; x_wconf 92' lang='lat' dir='ltr'><strong>ut</strong></span> <span class='ocrx_word' id='word_1_231' title='bbox 441 2724 520 2789; x_wconf 90' lang='lat' dir='ltr'>piper</span> <span class='ocrx_word' id='word_1_232' title='bbox 536 2727 564 2773; x_wconf 89' lang='lat' dir='ltr'><strong>et</strong></span> <span class='ocrx_word' id='word_1_233' title='bbox 581 2724 642 2774; x_wconf 91' lang='lat' dir='ltr'>thus</span> <span class='ocrx_word' id='word_1_234' title='bbox 660 2724 707 2774; x_wconf 92' lang='lat' dir='ltr'>toti</span> <span class='ocrx_word' id='word_1_235' title='bbox 725 2722 823 2782; x_wconf 63' lang='lat' dir='ltr'>ltaliam</span> <span class='ocrx_word' id='word_1_236' title='bbox 862 2721 921 2772; x_wconf 86' lang='lat' dir='ltr'>flcio</span> <span class='ocrx_word' id='word_1_237' title='bbox 945 2736 1026 2785; x_wconf 87' lang='lat' dir='ltr'>quam</span> <span class='ocrx_word' id='word_1_238' title='bbox 1052 2726 1170 2776; x_wconf 85' lang='lat' dir='ltr'>maxime</span> <span class='ocrx_word' id='word_1_239' title='bbox 1195 2722 1365 2775; x_wconf 85' lang='lat' dir='ltr'>abhorrebant.</span> 
     </span>
     <span class='ocr_line' id='line_1_26' title="bbox 299 2794 1368 2860; baseline -0.003 -12"><span class='ocrx_word' id='word_1_240' title='bbox 299 2799 378 2850; x_wconf 90' lang='lat' dir='ltr'>nimis</span> <span class='ocrx_word' id='word_1_241' title='bbox 395 2799 466 2849; x_wconf 89' lang='lat' dir='ltr'>enim</span> <span class='ocrx_word' id='word_1_242' title='bbox 485 2797 608 2860; x_wconf 79' lang='lat' dir='ltr'>trigidum</span> <span class='ocrx_word' id='word_1_243' title='bbox 625 2800 683 2847; x_wconf 89' lang='lat' dir='ltr'>erat</span> <span class='ocrx_word' id='word_1_244' title='bbox 700 2796 825 2848; x_wconf 80' lang='grc'><strong>44144444-</strong></span> <span class='ocrx_word' id='word_1_245' title='bbox 862 2796 1007 2849; x_wconf 84' lang='lat' dir='ltr'>Columella</span> <span class='ocrx_word' id='word_1_246' title='bbox 1019 2800 1065 2859; x_wconf 92' lang='grc'><strong>44,</strong></span> <span class='ocrx_word' id='word_1_247' title='bbox 1085 2801 1115 2860; x_wconf 90' lang='grc'><strong>4’,</strong></span> <span class='ocrx_word' id='word_1_248' title='bbox 1136 2802 1182 2851; x_wconf 73' lang='grc'><strong>434</strong></span> <span class='ocrx_word' id='word_1_249' title='bbox 1201 2800 1284 2851; x_wconf 75' lang='grc'><strong>844444·</strong></span> <span class='ocrx_word' id='word_1_250' title='bbox 1297 2794 1368 2848; x_wconf 73' lang='lat' dir='ltr'>uerri</span> 
     </span>
     <span class='ocr_line' id='line_1_27' title="bbox 299 2870 1368 2937; baseline -0.001 -16"><span class='ocrx_word' id='word_1_251' title='bbox 299 2870 355 2922; x_wconf 91' lang='lat' dir='ltr'><strong>ium</strong></span> <span class='ocrx_word' id='word_1_252' title='bbox 381 2874 408 2922; x_wconf 91' lang='lat' dir='ltr'><strong>et</strong></span> <span class='ocrx_word' id='word_1_253' title='bbox 432 2884 560 2935; x_wconf 79' lang='lat' dir='ltr'>opacum,</span> <span class='ocrx_word' id='word_1_254' title='bbox 587 2883 669 2935; x_wconf 88' lang='lat' dir='ltr'>quam</span> <span class='ocrx_word' id='word_1_255' title='bbox 685 2874 715 2921; x_wconf 92' lang='lat' dir='ltr'><strong>ut</strong></span> <span class='ocrx_word' id='word_1_256' title='bbox 731 2872 824 2922; x_wconf 89' lang='lat' dir='ltr'>vitium</span> <span class='ocrx_word' id='word_1_257' title='bbox 860 2871 893 2920; x_wconf 80' lang='grc'><strong>444</strong></span> <span class='ocrx_word' id='word_1_258' title='bbox 909 2870 1131 2923; x_wconf 69' lang='grc'><strong>44444444444444</strong></span> <span class='ocrx_word' id='word_1_259' title='bbox 1148 2870 1368 2937; x_wconf 75' lang='grc'><strong>(44144444--4444</strong></span> 
     </span>
     <span class='ocr_line' id='line_1_28' title="bbox 300 2944 1368 3009; baseline -0.002 -14"><span class='ocrx_word' id='word_1_260' title='bbox 300 2944 447 2995; x_wconf 86' lang='lat' dir='ltr'>ouituraibi</span> <span class='ocrx_word' id='word_1_261' title='bbox 460 2944 547 2995; x_wconf 92' lang='lat' dir='ltr'>iocum</span> <span class='ocrx_word' id='word_1_262' title='bbox 560 2945 680 2995; x_wconf 88' lang='lat' dir='ltr'>haberet.</span> <span class='ocrx_word' id='word_1_263' title='bbox 698 2946 823 3009; x_wconf 81' lang='lat' dir='ltr'>(CtEpp.</span> <span class='ocrx_word' id='word_1_264' title='bbox 860 2946 937 2995; x_wconf 84' lang='grc'><strong>444444</strong></span> <span class='ocrx_word' id='word_1_265' title='bbox 959 2946 991 2995; x_wconf 78' lang='lat' dir='ltr'><strong>stt</strong></span> <span class='ocrx_word' id='word_1_266' title='bbox 1006 2960 1024 2995; x_wconf 89' lang='grc'><strong>4</strong></span> <span class='ocrx_word' id='word_1_267' title='bbox 1039 2949 1152 2997; x_wconf 82' lang='grc'><strong>44444444</strong></span> <span class='ocrx_word' id='word_1_268' title='bbox 1169 2948 1291 2998; x_wconf 78' lang='lat' dir='ltr'>cmoritur</span> <span class='ocrx_word' id='word_1_269' title='bbox 1305 2955 1368 2993; x_wconf 67' lang='grc'><strong>4444</strong></span> 
     </span>
     <span class='ocr_line' id='line_1_29' title="bbox 301 3018 1368 3085; baseline 0.004 -16"><span class='ocrx_word' id='word_1_270' title='bbox 301 3020 329 3079; x_wconf 92' lang='grc'><strong>4,</strong></span> <span class='ocrx_word' id='word_1_271' title='bbox 348 3019 389 3068; x_wconf 81' lang='lat' dir='ltr'><strong>ro.</strong></span> <span class='ocrx_word' id='word_1_272' title='bbox 414 3019 489 3081; x_wconf 80' lang='lat' dir='ltr'>init).</span> <span class='ocrx_word' id='word_1_273' title='bbox 519 3018 585 3067; x_wconf 90' lang='lat' dir='ltr'>Vino</span> <span class='ocrx_word' id='word_1_274' title='bbox 610 3020 688 3081; x_wconf 82' lang='lat' dir='ltr'>igitur</span> <span class='ocrx_word' id='word_1_275' title='bbox 714 3021 740 3069; x_wconf 90' lang='lat' dir='ltr'>in</span> <span class='ocrx_word' id='word_1_276' title='bbox 766 3020 824 3069; x_wconf 86' lang='lat' dir='ltr'>beri</span> <span class='ocrx_word' id='word_1_277' title='bbox 860 3033 917 3079; x_wconf 75' lang='grc'><strong>44,·</strong></span> <span class='ocrx_word' id='word_1_278' title='bbox 934 3046 949 3059; x_wconf 84' lang='grc'><em>·</em></span> <span class='ocrx_word' id='word_1_279' title='bbox 965 3022 1094 3082; x_wconf 75' lang='grc'><strong>-4444444</strong></span> <span class='ocrx_word' id='word_1_280' title='bbox 1110 3024 1225 3073; x_wconf 80' lang='lat' dir='ltr'>munium</span> <span class='ocrx_word' id='word_1_281' title='bbox 1238 3021 1368 3085; x_wconf 67' lang='grc'><strong>4444444·-</strong></span> 
     </span>
     <span class='ocr_line' id='line_1_30' title="bbox 301 3093 1231 3160; baseline 0.004 -16"><span class='ocrx_word' id='word_1_282' title='bbox 301 3094 382 3144; x_wconf 85' lang='lat' dir='ltr'>tundo</span> <span class='ocrx_word' id='word_1_283' title='bbox 399 3095 461 3142; x_wconf 88' lang='lat' dir='ltr'>nato</span> <span class='ocrx_word' id='word_1_284' title='bbox 483 3094 520 3142; x_wconf 91' lang='lat' dir='ltr'><strong>uti</strong></span> <span class='ocrx_word' id='word_1_285' title='bbox 541 3106 593 3143; x_wconf 89' lang='lat' dir='ltr'><strong>non</strong></span> <span class='ocrx_word' id='word_1_286' title='bbox 610 3098 715 3157; x_wconf 88' lang='lat' dir='ltr'>poterat</span> <span class='ocrx_word' id='word_1_287' title='bbox 730 3093 824 3146; x_wconf 83' lang='lat' dir='ltr'>vilicus</span> <span class='ocrx_word' id='word_1_288' title='bbox 860 3096 892 3145; x_wconf 85' lang='grc'><strong>444</strong></span> <span class='ocrx_word' id='word_1_289' title='bbox 906 3095 1066 3159; x_wconf 70' lang='grc'><strong>[4444444444</strong></span> <span class='ocrx_word' id='word_1_290' title='bbox 1081 3098 1231 3160; x_wconf 68' lang='lat' dir='ltr'>coemptum</span> 
     </span>
    </p>

    <p class='ocr_par' dir='ltr' id='par_1_8' title="bbox 300 3166 824 3232">
     <span class='ocr_line' id='line_1_31' title="bbox 300 3166 824 3232; baseline 0 -13"><span class='ocrx_word' id='word_1_291' title='bbox 300 3182 352 3219; x_wconf 86' lang='lat' dir='ltr'><strong>neo</strong></span> <span class='ocrx_word' id='word_1_292' title='bbox 367 3180 452 3232; x_wconf 89' lang='lat' dir='ltr'>prope</span> <span class='ocrx_word' id='word_1_293' title='bbox 470 3170 527 3217; x_wconf 89' lang='lat' dir='ltr'>erat</span> <span class='ocrx_word' id='word_1_294' title='bbox 543 3166 664 3219; x_wconf 89' lang='lat' dir='ltr'>taberna.</span> <span class='ocrx_word' id='word_1_295' title='bbox 693 3168 758 3232; x_wconf 85' lang='lat' dir='ltr'>(Vite</span> <span class='ocrx_word' id='word_1_296' title='bbox 775 3183 824 3219; x_wconf 91' lang='lat' dir='ltr'><strong>au—</strong></span> 
     </span>
    </p>

    <p class='ocr_par' dir='ltr' id='par_1_9' title="bbox 299 3242 1368 4278">
     <span class='ocr_line' id='line_1_32' title="bbox 300 3242 1367 3312; baseline -0.004 -19"><span class='ocrx_word' id='word_1_297' title='bbox 300 3246 355 3295; x_wconf 85' lang='lat' dir='ltr'><strong>tam</strong></span> <span class='ocrx_word' id='word_1_298' title='bbox 379 3242 501 3293; x_wconf 80' lang='lat' dir='ltr'>Sabinum</span> <span class='ocrx_word' id='word_1_299' title='bbox 520 3242 568 3293; x_wconf 91' lang='lat' dir='ltr'><strong>Od.</strong></span> <span class='ocrx_word' id='word_1_300' title='bbox 591 3245 619 3302; x_wconf 95' lang='grc'><strong>4,</strong></span> <span class='ocrx_word' id='word_1_301' title='bbox 637 3244 682 3301; x_wconf 74' lang='grc'><strong>40,</strong></span> <span class='ocrx_word' id='word_1_302' title='bbox 702 3245 725 3293; x_wconf 90' lang='grc'><strong>4.</strong></span> <span class='ocrx_word' id='word_1_303' title='bbox 753 3244 824 3308; x_wconf 89' lang='lat' dir='ltr'>peti·</span> <span class='ocrx_word' id='word_1_304' title='bbox 893 3244 982 3293; x_wconf 76' lang='lat' dir='ltr'>to-to.</span> <span class='ocrx_word' id='word_1_305' title='bbox 1009 3250 1033 3294; x_wconf 93' lang='lat' dir='ltr'><strong>et</strong></span> <span class='ocrx_word' id='word_1_306' title='bbox 1048 3247 1208 3312; x_wconf 71' lang='lat' dir='ltr'>irrumet]</span> <span class='ocrx_word' id='word_1_307' title='bbox 1226 3247 1367 3299; x_wconf 80' lang='lat' dir='ltr'>«Ettamen,</span> 
     </span>
     <span class='ocr_line' id='line_1_33' title="bbox 299 3316 1368 3383; baseline -0.006 -13"><span class='ocrx_word' id='word_1_308' title='bbox 299 3322 357 3370; x_wconf 87' lang='lat' dir='ltr'><strong>tum</strong></span> <span class='ocrx_word' id='word_1_309' title='bbox 373 3330 433 3369; x_wconf 83' lang='lat' dir='ltr'>esse</span> <span class='ocrx_word' id='word_1_310' title='bbox 445 3318 550 3382; x_wconf 85' lang='lat' dir='ltr'>poterat</span> <span class='ocrx_word' id='word_1_311' title='bbox 561 3330 594 3367; x_wconf 85' lang='lat' dir='ltr'><strong>ex</strong></span> <span class='ocrx_word' id='word_1_312' title='bbox 605 3316 656 3367; x_wconf 91' lang='lat' dir='ltr'>aiio</span> <span class='ocrx_word' id='word_1_313' title='bbox 669 3317 758 3382; x_wconf 87' lang='lat' dir='ltr'>aliquo</span> <span class='ocrx_word' id='word_1_314' title='bbox 769 3320 825 3383; x_wconf 75' lang='lat' dir='ltr'>agri</span> <span class='ocrx_word' id='word_1_315' title='bbox 861 3331 923 3368; x_wconf 86' lang='lat' dir='ltr'>cum</span> <span class='ocrx_word' id='word_1_316' title='bbox 941 3316 1042 3369; x_wconf 87' lang='lat' dir='ltr'>deiioiis</span> <span class='ocrx_word' id='word_1_317' title='bbox 1059 3319 1110 3372; x_wconf 87' lang='lat' dir='ltr'>iliis</span> <span class='ocrx_word' id='word_1_318' title='bbox 1126 3321 1255 3372; x_wconf 87' lang='lat' dir='ltr'>tabernae</span> <span class='ocrx_word' id='word_1_319' title='bbox 1273 3318 1315 3368; x_wconf 86' lang='lat' dir='ltr'>tibi</span> <span class='ocrx_word' id='word_1_320' title='bbox 1330 3328 1368 3365; x_wconf 87' lang='lat' dir='ltr'>ca-</span> 
     </span>
     <span class='ocr_line' id='line_1_34' title="bbox 300 3390 1368 3458; baseline -0.007 -13"><span class='ocrx_word' id='word_1_321' title='bbox 300 3394 389 3445; x_wconf 89' lang='lat' dir='ltr'>Sabini</span> <span class='ocrx_word' id='word_1_322' title='bbox 406 3392 512 3456; x_wconf 79' lang='lat' dir='ltr'>tractu.)</span> <span class='ocrx_word' id='word_1_323' title='bbox 523 3420 551 3429; x_wconf 89' lang='lat'>-</span> <span class='ocrx_word' id='word_1_324' title='bbox 564 3392 626 3457; x_wconf 78' lang='grc'><strong>44444]</strong></span> <span class='ocrx_word' id='word_1_325' title='bbox 640 3394 825 3457; x_wconf 82' lang='lat' dir='ltr'>scriptumest</span> <span class='ocrx_word' id='word_1_326' title='bbox 860 3392 975 3442; x_wconf 88' lang='lat' dir='ltr'>rendum</span> <span class='ocrx_word' id='word_1_327' title='bbox 993 3394 1042 3455; x_wconf 83' lang='lat' dir='ltr'>sit,</span> <span class='ocrx_word' id='word_1_328' title='bbox 1062 3394 1235 3447; x_wconf 80' lang='lat' dir='ltr'>nibilominus</span> <span class='ocrx_word' id='word_1_329' title='bbox 1252 3395 1288 3458; x_wconf 89' lang='lat' dir='ltr'><strong>(ut</strong></span> <span class='ocrx_word' id='word_1_330' title='bbox 1301 3394 1325 3440; x_wconf 87' lang='lat' dir='ltr'><strong>tu</strong></span> <span class='ocrx_word' id='word_1_331' title='bbox 1336 3390 1368 3437; x_wconf 78' lang='lat' dir='ltr'>in</span> 
     </span>
     <span class='ocr_line' id='line_1_35' title="bbox 300 3461 1368 3532; baseline -0.007 -11"><span class='ocrx_word' id='word_1_332' title='bbox 300 3471 419 3527; x_wconf 75' lang='lat' dir='ltr'>sincera,</span> <span class='ocrx_word' id='word_1_333' title='bbox 433 3469 506 3518; x_wconf 87' lang='grc'><strong>44444</strong></span> <span class='ocrx_word' id='word_1_334' title='bbox 517 3468 544 3518; x_wconf 93' lang='lat' dir='ltr'>in</span> <span class='ocrx_word' id='word_1_335' title='bbox 556 3466 662 3517; x_wconf 88' lang='lat' dir='ltr'>duabus</span> <span class='ocrx_word' id='word_1_336' title='bbox 673 3470 823 3532; x_wconf 79' lang='lat' dir='ltr'>Augusteae</span> <span class='ocrx_word' id='word_1_337' title='bbox 860 3465 1049 3530; x_wconf 76' lang='lat' dir='ltr'>dignabundus</span> <span class='ocrx_word' id='word_1_338' title='bbox 1059 3470 1135 3531; x_wconf 86' lang='lat' dir='ltr'>queri</span> <span class='ocrx_word' id='word_1_339' title='bbox 1147 3468 1227 3532; x_wconf 74' lang='lat' dir='ltr'>solas)</span> <span class='ocrx_word' id='word_1_340' title='bbox 1241 3477 1327 3532; x_wconf 78' lang='lat' dir='ltr'>graves</span> <span class='ocrx_word' id='word_1_341' title='bbox 1335 3461 1368 3511; x_wconf 84' lang='lat' dir='ltr'>la-</span> 
     </span>
     <span class='ocr_line' id='line_1_36' title="bbox 299 3539 1367 3609; baseline -0.003 -17"><span class='ocrx_word' id='word_1_342' title='bbox 299 3544 392 3593; x_wconf 85' lang='lat' dir='ltr'>uetatie</span> <span class='ocrx_word' id='word_1_343' title='bbox 419 3541 635 3607; x_wconf 85' lang='lat' dir='ltr'>inscriptionibus</span> <span class='ocrx_word' id='word_1_344' title='bbox 660 3542 731 3606; x_wconf 89' lang='lat' dir='ltr'>apud</span> <span class='ocrx_word' id='word_1_345' title='bbox 759 3543 824 3592; x_wconf 90' lang='lat' dir='ltr'>iabn</span> <span class='ocrx_word' id='word_1_346' title='bbox 859 3543 941 3593; x_wconf 87' lang='lat' dir='ltr'>bores</span> <span class='ocrx_word' id='word_1_347' title='bbox 955 3546 1095 3609; x_wconf 84' lang='lat' dir='ltr'>susoipere</span> <span class='ocrx_word' id='word_1_348' title='bbox 1107 3545 1202 3606; x_wconf 86' lang='lat' dir='ltr'>debes,</span> <span class='ocrx_word' id='word_1_349' title='bbox 1215 3548 1245 3595; x_wconf 91' lang='lat' dir='ltr'><strong>ut</strong></span> <span class='ocrx_word' id='word_1_350' title='bbox 1254 3539 1367 3606; x_wconf 77' lang='lat' dir='ltr'>ligonibus</span> 
     </span>
     <span class='ocr_line' id='line_1_37' title="bbox 300 3614 1366 3681; baseline 0.003 -16"><span class='ocrx_word' id='word_1_351' title='bbox 300 3618 450 3680; x_wconf 81' lang='lat' dir='ltr'>(specimen</span> <span class='ocrx_word' id='word_1_352' title='bbox 468 3630 494 3681; x_wconf 92' lang='lat' dir='ltr'><strong>p.</strong></span> <span class='ocrx_word' id='word_1_353' title='bbox 511 3618 562 3679; x_wconf 78' lang='lat'>28.)</span> <span class='ocrx_word' id='word_1_354' title='bbox 585 3616 638 3667; x_wconf 86' lang='lat' dir='ltr'>duo</span> <span class='ocrx_word' id='word_1_355' title='bbox 659 3618 722 3667; x_wconf 89' lang='lat' dir='ltr'>sunt</span> <span class='ocrx_word' id='word_1_356' title='bbox 743 3617 824 3667; x_wconf 80' lang='lat' dir='ltr'>THV·</span> <span class='ocrx_word' id='word_1_357' title='bbox 860 3630 923 3667; x_wconf 85' lang='lat' dir='ltr'>arva</span> <span class='ocrx_word' id='word_1_358' title='bbox 934 3618 980 3667; x_wconf 88' lang='lat' dir='ltr'><strong>diu</strong></span> <span class='ocrx_word' id='word_1_359' title='bbox 993 3616 1115 3681; x_wconf 79' lang='lat' dir='ltr'>neglecta</span> <span class='ocrx_word' id='word_1_360' title='bbox 1126 3632 1251 3671; x_wconf 77' lang='lat' dir='ltr'>versare»</span> <span class='ocrx_word' id='word_1_361' title='bbox 1263 3614 1366 3668; x_wconf 72' lang='lat' dir='ltr'>cottion</span> 
     </span>
     <span class='ocr_line' id='line_1_38' title="bbox 300 3690 1367 3756; baseline -0.002 -17"><span class='ocrx_word' id='word_1_362' title='bbox 300 3690 394 3739; x_wconf 77' lang='lat' dir='ltr'>naun.</span> <span class='ocrx_word' id='word_1_363' title='bbox 431 3691 527 3740; x_wconf 86' lang='lat' dir='ltr'>Contra</span> <span class='ocrx_word' id='word_1_364' title='bbox 554 3690 579 3740; x_wconf 93' lang='lat' dir='ltr'>in</span> <span class='ocrx_word' id='word_1_365' title='bbox 605 3691 676 3741; x_wconf 80' lang='lat' dir='ltr'>Actis</span> <span class='ocrx_word' id='word_1_366' title='bbox 701 3692 823 3741; x_wconf 85' lang='lat' dir='ltr'>Fratrum</span> <span class='ocrx_word' id='word_1_367' title='bbox 860 3691 919 3742; x_wconf 86' lang='lat' dir='ltr'>sine</span> <span class='ocrx_word' id='word_1_368' title='bbox 936 3694 1009 3741; x_wconf 88' lang='lat' dir='ltr'>certa</span> <span class='ocrx_word' id='word_1_369' title='bbox 1027 3692 1145 3756; x_wconf 88' lang='lat' dir='ltr'>quadam</span> <span class='ocrx_word' id='word_1_370' title='bbox 1161 3693 1367 3744; x_wconf 80' lang='lat' dir='ltr'>maiitiaerurme-</span> 
     </span>
     <span class='ocr_line' id='line_1_39' title="bbox 299 3760 1366 3831; baseline 0.005 -19"><span class='ocrx_word' id='word_1_371' title='bbox 299 3761 434 3812; x_wconf 80' lang='lat' dir='ltr'>Arvalium</span> <span class='ocrx_word' id='word_1_372' title='bbox 456 3776 565 3826; x_wconf 89' lang='lat' dir='ltr'>semper</span> <span class='ocrx_word' id='word_1_373' title='bbox 587 3768 629 3814; x_wconf 82' lang='lat' dir='ltr'><strong>est</strong></span> <span class='ocrx_word' id='word_1_374' title='bbox 650 3769 697 3815; x_wconf 83' lang='grc'><strong>444.</strong></span> <span class='ocrx_word' id='word_1_375' title='bbox 730 3764 770 3816; x_wconf 86' lang='lat' dir='ltr'>Ci.</span> <span class='ocrx_word' id='word_1_376' title='bbox 789 3765 823 3815; x_wconf 90' lang='lat' dir='ltr'>ad</span> <span class='ocrx_word' id='word_1_377' title='bbox 859 3767 902 3815; x_wconf 91' lang='lat' dir='ltr'><strong>rat</strong></span> <span class='ocrx_word' id='word_1_378' title='bbox 925 3768 1014 3816; x_wconf 89' lang='lat' dir='ltr'>omnia</span> <span class='ocrx_word' id='word_1_379' title='bbox 1040 3780 1121 3831; x_wconf 84' lang='lat' dir='ltr'>opera</span> <span class='ocrx_word' id='word_1_380' title='bbox 1146 3770 1260 3827; x_wconf 84' lang='lat' dir='ltr'>rustica,</span> <span class='ocrx_word' id='word_1_381' title='bbox 1285 3760 1366 3827; x_wconf 81' lang='lat' dir='ltr'>quibus</span> 
     </span>
     <span class='ocr_line' id='line_1_40' title="bbox 300 3834 1364 3903; baseline -0.002 -18"><span class='ocrx_word' id='word_1_382' title='bbox 300 3834 390 3895; x_wconf 84' lang='lat' dir='ltr'>0d.t,</span> <span class='ocrx_word' id='word_1_383' title='bbox 410 3836 454 3896; x_wconf 88' lang='grc'><strong>49,</strong></span> <span class='ocrx_word' id='word_1_384' title='bbox 474 3835 514 3886; x_wconf 81' lang='lat' dir='ltr'><strong>rt.</strong></span> <span class='ocrx_word' id='word_1_385' title='bbox 539 3862 566 3873; x_wconf 89' lang='lat'><strong>·-</strong></span> <span class='ocrx_word' id='word_1_386' title='bbox 591 3839 641 3887; x_wconf 85' lang='lat' dir='ltr'><strong>Nec</strong></span> <span class='ocrx_word' id='word_1_387' title='bbox 659 3838 746 3889; x_wconf 83' lang='grc'><strong>0444444</strong></span> <span class='ocrx_word' id='word_1_388' title='bbox 761 3842 824 3903; x_wconf 83' lang='lat' dir='ltr'>cet]</span> <span class='ocrx_word' id='word_1_389' title='bbox 860 3840 941 3890; x_wconf 92' lang='lat' dir='ltr'>bomo</span> <span class='ocrx_word' id='word_1_390' title='bbox 959 3841 1009 3891; x_wconf 83' lang='lat' dir='ltr'>iste</span> <span class='ocrx_word' id='word_1_391' title='bbox 1027 3842 1239 3893; x_wconf 83' lang='lat' dir='ltr'>Stichusvaoare</span> <span class='ocrx_word' id='word_1_392' title='bbox 1255 3834 1364 3891; x_wconf 88' lang='lat' dir='ltr'>debebat.</span> 
     </span>
     <span class='ocr_line' id='line_1_41' title="bbox 300 3908 1367 3980; baseline 0.002 -21"><span class='ocrx_word' id='word_1_393' title='bbox 300 3908 420 3959; x_wconf 83' lang='lat' dir='ltr'>Taberna</span> <span class='ocrx_word' id='word_1_394' title='bbox 446 3908 516 3960; x_wconf 87' lang='lat' dir='ltr'>nulia</span> <span class='ocrx_word' id='word_1_395' title='bbox 541 3916 600 3961; x_wconf 89' lang='lat' dir='ltr'>erat</span> <span class='ocrx_word' id='word_1_396' title='bbox 624 3914 650 3963; x_wconf 93' lang='lat' dir='ltr'>in</span> <span class='ocrx_word' id='word_1_397' title='bbox 672 3914 822 3976; x_wconf 85' lang='lat' dir='ltr'>vicinitate,</span> <span class='ocrx_word' id='word_1_398' title='bbox 862 3940 890 3952; x_wconf 92' lang='lat'>-</span> <span class='ocrx_word' id='word_1_399' title='bbox 908 3915 991 3980; x_wconf 72' lang='lat' dir='ltr'>waes]</span> <span class='ocrx_word' id='word_1_400' title='bbox 1010 3914 1103 3966; x_wconf 84' lang='lat' dir='ltr'>Tibuii.</span> <span class='ocrx_word' id='word_1_401' title='bbox 1118 3918 1145 3978; x_wconf 88' lang='grc'><strong>4,</strong></span> <span class='ocrx_word' id='word_1_402' title='bbox 1159 3918 1184 3978; x_wconf 88' lang='grc'><strong>0,</strong></span> <span class='ocrx_word' id='word_1_403' title='bbox 1197 3916 1226 3966; x_wconf 85' lang='lat'><strong>8:</strong></span> <span class='ocrx_word' id='word_1_404' title='bbox 1244 3916 1275 3964; x_wconf 82' lang='grc'><strong>444</strong></span> <span class='ocrx_word' id='word_1_405' title='bbox 1290 3913 1367 3961; x_wconf 73' lang='lat' dir='ltr'><strong>dum</strong></span> 
     </span>
     <span class='ocr_line' id='line_1_42' title="bbox 301 3982 1366 4055; baseline 0.011 -23"><span class='ocrx_word' id='word_1_406' title='bbox 301 3984 362 4049; x_wconf 87' lang='lat' dir='ltr'>quia</span> <span class='ocrx_word' id='word_1_407' title='bbox 378 3982 475 4034; x_wconf 80' lang='lat' dir='ltr'>modus</span> <span class='ocrx_word' id='word_1_408' title='bbox 493 3987 553 4035; x_wconf 91' lang='lat' dir='ltr'>erat</span> <span class='ocrx_word' id='word_1_409' title='bbox 568 3985 712 4048; x_wconf 62' lang='lat' dir='ltr'>solitarium</span> <span class='ocrx_word' id='word_1_410' title='bbox 732 3991 824 4038; x_wconf 87' lang='lat' dir='ltr'>contra</span> <span class='ocrx_word' id='word_1_411' title='bbox 860 3994 944 4039; x_wconf 81' lang='lat' dir='ltr'>terrae</span> <span class='ocrx_word' id='word_1_412' title='bbox 964 3992 1073 4040; x_wconf 79' lang='grc'><strong>44444444</strong></span> <span class='ocrx_word' id='word_1_413' title='bbox 1096 3997 1168 4055; x_wconf 73' lang='grc'><strong>44444</strong></span> <span class='ocrx_word' id='word_1_414' title='bbox 1192 4002 1261 4053; x_wconf 72' lang='lat' dir='ltr'>epus.</span> <span class='ocrx_word' id='word_1_415' title='bbox 1282 4012 1308 4023; x_wconf 90' lang='lat'><em>-</em></span> <span class='ocrx_word' id='word_1_416' title='bbox 1325 3993 1366 4031; x_wconf 70' lang='grc' dir='ltr'><em>Μ</em></span> 
     </span>
     <span class='ocr_line' id='line_1_43' title="bbox 301 4056 1366 4130; baseline 0.009 -23"><span class='ocrx_word' id='word_1_417' title='bbox 301 4058 322 4108; x_wconf 83' lang='lat' dir='ltr'><strong>ri</strong></span> <span class='ocrx_word' id='word_1_418' title='bbox 338 4070 401 4121; x_wconf 77' lang='lat' dir='ltr'>cqer</span> <span class='ocrx_word' id='word_1_419' title='bbox 417 4060 551 4108; x_wconf 83' lang='grc'><strong>4444444444</strong></span> <span class='ocrx_word' id='word_1_420' title='bbox 569 4061 639 4111; x_wconf 84' lang='lat' dir='ltr'>utum</span> <span class='ocrx_word' id='word_1_421' title='bbox 659 4067 683 4111; x_wconf 88' lang='lat' dir='ltr'><strong>et</strong></span> <span class='ocrx_word' id='word_1_422' title='bbox 703 4068 824 4125; x_wconf 86' lang='lat' dir='ltr'>opportu-</span> <span class='ocrx_word' id='word_1_423' title='bbox 859 4070 930 4114; x_wconf 82' lang='lat' dir='ltr'>tuoto</span> <span class='ocrx_word' id='word_1_424' title='bbox 945 4065 1008 4130; x_wconf 82' lang='lat' dir='ltr'>cet]</span> <span class='ocrx_word' id='word_1_425' title='bbox 1026 4067 1148 4117; x_wconf 83' lang='lat' dir='ltr'>Preearia</span> <span class='ocrx_word' id='word_1_426' title='bbox 1165 4067 1208 4116; x_wconf 88' lang='lat' dir='ltr'>bic</span> <span class='ocrx_word' id='word_1_427' title='bbox 1224 4072 1323 4128; x_wconf 65' lang='lat' dir='ltr'>qucum</span> <span class='ocrx_word' id='word_1_428' title='bbox 1336 4056 1366 4104; x_wconf 66' lang='lat' dir='ltr'><strong>Vi·</strong></span> 
     </span>
     <span class='ocr_line' id='line_1_44' title="bbox 300 4132 1365 4204; baseline 0.003 -22"><span class='ocrx_word' id='word_1_429' title='bbox 300 4144 348 4182; x_wconf 81' lang='lat' dir='ltr'><strong>uus</strong></span> <span class='ocrx_word' id='word_1_430' title='bbox 372 4132 512 4183; x_wconf 81' lang='grc'><strong>4444444444</strong></span> <span class='ocrx_word' id='word_1_431' title='bbox 539 4136 618 4199; x_wconf 86' lang='grc'><strong>44444,</strong></span> <span class='ocrx_word' id='word_1_432' title='bbox 653 4136 826 4201; x_wconf 72' lang='lat' dir='ltr'>aedificandae</span> <span class='ocrx_word' id='word_1_433' title='bbox 861 4139 940 4192; x_wconf 87' lang='lat' dir='ltr'>detur</span> <span class='ocrx_word' id='word_1_434' title='bbox 964 4138 1156 4204; x_wconf 79' lang='lat' dir='ltr'>Diiienbmgeri</span> <span class='ocrx_word' id='word_1_435' title='bbox 1185 4132 1365 4202; x_wconf 79' lang='lat' dir='ltr'>interpretatio:</span> 
     </span>
     <span class='ocr_line' id='line_1_45' title="bbox 302 4200 1365 4278; baseline -0.003 -21"><span class='ocrx_word' id='word_1_436' title='bbox 302 4207 421 4258; x_wconf 72' lang='lat' dir='ltr'>tuberatae</span> <span class='ocrx_word' id='word_1_437' title='bbox 438 4208 605 4273; x_wconf 72' lang='grc'><strong>4444444444,</strong></span> <span class='ocrx_word' id='word_1_438' title='bbox 632 4224 697 4271; x_wconf 85' lang='lat' dir='ltr'>quoe</span> <span class='ocrx_word' id='word_1_439' title='bbox 717 4217 824 4262; x_wconf 59' lang='lat' dir='ltr'>suurn</span> <span class='ocrx_word' id='word_1_440' title='bbox 862 4216 977 4265; x_wconf 74' lang='grc'><strong>«44444444</strong></span> <span class='ocrx_word' id='word_1_441' title='bbox 992 4215 1115 4277; x_wconf 69' lang='grc'><strong>4444444444</strong></span> <span class='ocrx_word' id='word_1_442' title='bbox 1128 4228 1192 4264; x_wconf 78' lang='lat' dir='ltr'>arua</span> <span class='ocrx_word' id='word_1_443' title='bbox 1208 4200 1365 4278; x_wconf 80' lang='lat' dir='ltr'>proprernet</span> 
     </span>
    </p>
   </div>
   <div class='ocr_carea' id='block_1_5' title="bbox 0 0 1469 4892">
    <p class='ocr_par' dir='ltr' id='par_1_10' title="bbox 0 0 1469 4892">
     <span class='ocr_line' id='line_1_46' title="bbox 0 0 1469 4892; baseline 0 0"><span class='ocrx_word' id='word_1_444' title='bbox 0 0 1469 4892; x_wconf 95' lang='lat' dir='ltr'><strong> </strong></span> 
     </span>
    </p>
   </div>
  </div>
 </body>
</html>
